2534 3875
331 164 419 229 60
885 163 1029 219 PRO
1067 162 1133 218 A.
1173 161 1495 219 CAECINA
1534 162 1820 221 ORATIO.

329 312 719 393 versutoque
765 308 906 373 iure
951 330 1091 373 rem
1127 308 1404 381 iudicari
1442 312 1770 393 oportere3
1816 308 2136 393 scriptum
2182 309 2370 393 sequi

329 396 823 462 calumniaberis
873 418 1014 461 esse
1061 397 1391 480 †bonique
1436 396 1667 461 iudicis
1716 396 2122 461 voluntatem
2168 398 2369 482 scrip-

224 499 293 550 66
330 485 497 549 toris
545 485 1136 569 auctoritatemque
1192 484 1551 550 defendere.
1642 484 1722 549 In
1775 484 1909 549 ista
1952 506 2107 549 vero
2154 505 2369 569 causa,

330 594 477 637 cum
524 577 599 638 tu
645 573 737 637 sis
783 571 873 657 is,
921 574 1032 657 qui
1077 576 1143 637 te
1189 573 1392 638 verbo
1439 573 1788 656 litteraque
1835 572 2173 657 defendas,
2217 595 2367 637 cum

332 664 481 725 tuae
529 660 664 724 sint
697 660 824 725 hae
860 664 1111 746 partes:
1159 659 1370 725 ‘Unde
1413 660 1700 726 deiectus
1738 661 1851 725 es?
1900 682 1985 725 an
2019 660 2189 742 inde,
2235 683 2366 745 quo
2394 678 2425 719 ⁵

330 748 704 833 prohibitus
763 770 832 813 es
907 747 1250 814 accedere?
1325 748 1602 814 reiectus
1666 770 1763 831 es,
1834 770 1969 813 non
2039 748 2367 832 deiectus,’

330 858 479 901 cum
515 840 632 901 tua
668 838 759 900 sit
792 836 956 901 haec
993 836 1233 902 oratio:
1280 836 1542 902 ‘Fateor
1577 858 1681 901 me
1715 836 2017 902 homines
2054 837 2367 921 coegisse,

329 924 541 989 fateor
597 946 915 1008 armasse,
973 926 1189 989 fateor
1241 925 1367 990 tibi
1423 928 1705 990 mortem
1760 946 1902 989 esse
1968 925 2369 1026 minitatum,

328 1011 543 1076 fateor
590 1013 750 1076 haec
795 1013 1142 1077 interdicto
1189 1013 1516 1098 praetoris
1562 1012 1904 1097 vindicari,
1950 1012 2008 1077 si
2052 1013 2365 1078 voluntas

331 1103 398 1163 et
443 1100 740 1184 aequitas
786 1101 1030 1183 valeat3
1079 1101 1192 1166 sed
1239 1122 1363 1188 ego
1409 1102 1669 1166 invenio
1714 1101 1786 1165 in
1829 1101 2179 1166 interdicto
2227 1123 2367 1166 ver·
2396 1120 2454 1160 ιο

329 1187 487 1251 bum
533 1210 751 1269 unum,
796 1189 912 1253 ubi
949 1188 1341 1254 delitiscam:
1388 1189 1565 1254 ‘Non
1610 1189 1811 1255 deieci
1857 1194 1923 1253 te
1962 1211 2041 1253 ex
2086 1210 2162 1254 eo
2200 1190 2368 1273 locO,

331 1297 525 1359 quem
561 1276 632 1339 in
675 1276 892 1341 locum
929 1277 1236 1379 prohibui
1273 1300 1355 1343 ne
1393 1276 1697 1343 venires'’
1740 1312 1817 1324 —
1856 1277 1927 1341 in
1972 1277 2104 1342 ista
2150 1276 2367 1342 defen-

330 1363 511 1427 sione
567 1385 835 1430 accusas
891 1387 1002 1430 eos
1011 1416 1030 1450 ,
1096 1366 1209 1450 qui
1261 1366 1717 1449 consuluntur,
1781 1364 1954 1451 quod
2012 1365 2367 1449 aequitatis

329 1456 638 1516 censeant
682 1454 1027 1536 rationem,
1072 1476 1206 1519 non
1250 1453 1436 1518 verbi
1479 1453 1711 1518 haberi
1756 1452 2102 1537 oportere?

223 1516 310 1643 ἕξ
465 1539 555 1604 Et
609 1540 737 1608 hoc
793 1542 937 1607 loco
985 1540 1366 1607 Scaevolam
1412 1541 1637 1605 dixisti
1691 1563 1955 1607 causam
2002 1541 2175 1626 apud
2222 1564 2369 1607 cen·
2398 1559 2452 1601 15

328 1630 652 1693 tumviros
688 1651 821 1694 non
857 1629 1174 1713 tenuisse3
1217 1652 1411 1714 quem
1450 1650 1572 1715 ego
1613 1632 1807 1694 antea
1842 1631 2371 1713 commemoravi,

329 1738 474 1780 cum
522 1716 689 1781 idem
738 1716 1012 1801 faceret,
1067 1718 1238 1802 quod
1284 1722 1359 1782 tu
1398 1739 1601 1799 nunc,
1654 1718 1921 1782 tametsi
1973 1717 2086 1782 ille
2129 1718 2200 1781 in
2248 1718 2369 1783 ali-

330 1825 458 1887 qua
503 1826 702 1869 causa
744 1804 1047 1889 faciebat,
1095 1810 1170 1870 tu
1213 1806 1287 1869 in
1329 1806 1514 1870 nulla
1558 1806 1740 1889 facie,
1785 1809 2007 1870 tamen
2046 1806 2369 1889 probasse

326 1892 588 1976 nemini,
635 1893 806 1978 quod
845 1893 1248 1978 defendebat,
1288 1893 1442 1979 quia
1478 1894 1693 1960 verbis
1732 1914 2111 1980 oppugnare
2150 1894 2367 1980 aequi-

327 1985 539 2046 tatem
592 1982 954 2046 videbatur.
1063 1981 1227 2047 Cum
1284 1983 1352 2046 id
1408 1983 1639 2065 miror,
1703 1986 1770 2047 te
1825 1983 1951 2047 hoc
2001 1983 2073 2047 in
2122 1982 2248 2047 hac
2294 2005 2366 2047 re
2395 2001 2450 2042 20

331 2069 547 2134 alieno
593 2073 886 2154 tempore
933 2074 1001 2134 et
1056 2075 1311 2154 contra,
1370 2092 1569 2154 quam
1612 2071 1745 2135 ista
1799 2092 1995 2135 causa
2040 2070 2368 2154 postulas-

329 2161 447 2241 set,
486 2157 868 2241 defendisse,
904 2162 1046 2222 tum
1074 2158 1238 2223 illud
1264 2159 1468 2244 vulgo
1504 2159 1577 2222 in
1614 2158 1871 2223 iudiciis
1911 2161 1977 2223 et
2012 2180 2148 2223 non
2181 2181 2367 2223 num-

330 2266 528 2328 quam
585 2245 666 2310 ab
724 2245 1102 2348 ingeniosis
1149 2247 1525 2312 hominibus
1587 2246 1843 2311 defendi
1904 2246 2068 2311 mihi
2125 2246 2368 2312 mirum

327 2333 534 2398 videri
580 2334 767 2418 solet,
815 2356 936 2399 nec
979 2334 1139 2399 iuris
1187 2335 1502 2400 consultis
1548 2335 1811 2400 concedi
1856 2356 1977 2399 nec
2021 2334 2124 2399 ius
2171 2335 2364 2400 civile

221 2435 290 2485 68
325 2420 396 2484 111
441 2422 656 2487 causis
703 2442 960 2508 semper
1006 2423 1224 2488 valere
1271 2427 1590 2528 oportere.
1680 2422 1857 2488 Nam
1900 2422 2025 2488 hoc
2072 2423 2185 2506 qui
2232 2423 2364 2487 dis·
2393 2439 2447 2481 85

328 2511 596 2593 putant,
652 2509 710 2574 si
763 2509 832 2574 id
879 2510 1128 2594 dicunt,
1182 2533 1317 2576 non
1372 2500 1549 2576 recte
1596 2511 1841 2595 aliquid
1897 2514 2184 2576 statuere
2231 2532 2367 2595 eoS,

330 2596 439 2678 qui
485 2597 936 2682 consulantur,
980 2620 1114 2663 non
1158 2599 1285 2664 hoc
1333 2598 1570 2663 debent
1616 2598 1852 2683 dicere,
1897 2598 2059 2663 iuris
2106 2600 2364 2665 consul-

325 2683 444 2782 tiS,
500 2683 611 2748 sed
654 2684 1033 2750 hominibus
1081 2686 1306 2751 stultis
1358 2687 1798 2771 obtemperari
1852 2709 1987 2752 non
2032 2691 2365 2772 oportere3

327 2771 430 2836 sin
474 2771 627 2836 illos
675 2776 851 2838 recte
897 2773 1289 2858 respondere
1331 2774 1691 2839 concedunt
1738 2777 1805 2839 et
1851 2775 2044 2840 aliter
2088 2775 2363 2840 iudicari

327 2858 551 2924 dicunt
598 2864 926 2944 oportere,
971 2862 1144 2926 male
1190 2862 1464 2926 iudicari
1510 2867 1812 2947 oportere
1860 2863 2108 2945 dicunt3
2152 2885 2362 2948 neque
2389 2881 2445 2920 πο

326 2947 498 3011 enim
543 2947 688 3011 fieri
731 2952 977 3033 potest,
1031 2953 1109 3014 ut
1153 2950 1333 3015 aliud
1373 2949 1648 3014 iudicari
1694 2951 1771 3015 de
1817 2951 1986 3034 iure,
2040 2912 2221 3015 al’iud
2265 2972 2363 3018 re-

326 3035 627 3119 sponderi
649 3040 968 3120 oporteat,
993 3058 1114 3102 nec
1141 3041 1217 3101 ut
1245 3037 1591 3122 quisquam
1608 3038 1771 3102 iuris
1788 3042 2166 3104 numeretur
2191 3039 2361 3123 peri-

324 3127 452 3207 tus,
495 3125 606 3208 qui
633 3123 703 3187 id
731 3127 984 3190 statuat
1021 3146 1160 3189 esse
1195 3125 1319 3208 ius,
1356 3126 1527 3210 quod
1562 3148 1698 3191 non
1733 3130 2036 3210 oporteat
2071 3127 2363 3192 iudicari.

219 3227 285 3275 69
328 3211 445 3276 ‘At
482 3216 586 3277 est
630 3211 981 3296 aliquando
1020 3216 1250 3278 contra
1303 3212 1702 3279 iudicatum?
1796 3215 2091 3280 Primum
2136 3219 2361 3280 utrum

323 3304 495 3365 recte
527 3322 613 3364 an
636 3300 1024 3384 perperam?
1074 3299 1141 3365 Si
1171 3305 1366 3385 recte,
1392 3301 1461 3366 id
1488 3303 1616 3367 fuit
1642 3303 1763 3385 ius,
1800 3303 1973 3386 quod
2000 3303 2360 3368 iudicatum
2387 3319 2439 3360 ³⁵

325 3391 452 3472 est3
501 3388 603 3453 sin
639 3389 852 3474 aliter,
885 3411 1019 3454 non
1057 3389 1327 3454 dubium
1366 3393 1486 3474 est,
1531 3395 1751 3455 utrum
1787 3390 2031 3456 iudices
2069 3412 2153 3456 an
2198 3391 2359 3456 iuris

323 3476 606 3540 consulti
641 3476 1054 3562 vituperandi
1093 3477 1243 3542 sint.
1303 3477 1573 3564 Deinde,
1610 3478 1666 3543 si
1697 3478 1774 3543 de
1802 3479 1940 3543 iure
1971 3479 2148 3544 vario
2177 3479 2360 3564 quip-
