2534 3875
664 175 818 230 CAP.
863 180 919 241 1,
958 180 989 227 2
1029 180 1058 240 ς
1100 180 1238 228 1-4
1887 176 1968 241 75

0 340 108 402 zes,
154 322 381 383 tamen
425 318 551 382 hoc
598 317 779 382 aditu
825 317 1056 402 laudis,
1104 318 1217 401 qui
1263 340 1520 403 semper
1556 319 1805 404 optimo
1843 318 1972 385 cui-

0 429 47 472 e
97 406 381 471 maxime
426 405 662 491 patuit,
707 428 839 470 non
884 427 1030 470 mea
1076 428 1181 470 me
1230 408 1536 472 voluntas
1583 407 1812 492 adhuc,
1858 409 1964 474 sed

0 502 104 559 tae
162 516 345 559 meae
392 494 681 559 rationes
728 495 810 558 ab
859 494 1128 559 ineunte
1175 498 1391 559 aetate
1439 500 1779 579 susceptae
1824 518 1968 581 pro-

0 584 300 648 buerunt.
365 580 540 647 Nam
577 604 724 647 cum
764 587 955 646 antea
992 604 1109 665 per
1148 587 1432 647 aetatem
1459 584 1745 648 nondum
1774 584 1968 649 huius

0 672 392 736 [ctoritatem
432 670 561 735 loci
600 671 921 755 attingere
952 670 1256 736 auderem
1288 674 1774 755 statueremque
1802 672 1968 737 nihil

0 782 51 825 [c
88 760 221 825 nisi
249 758 655 844 perfectum
636 760 918 844 ingeniO,
959 759 1370 824 elaboratum
1400 759 1723 823 industria
1751 760 1968 825 afferri

0 852 261 930 »ortere,
321 868 513 913 omne
568 868 781 911 meum
837 851 1097 931 tempus
1155 846 1515 912 amicorum
1561 848 1968 934 temporibus

0 935 511 1000 ansmittendum
557 935 803 1020 putavi.
939 934 1044 998 Ita
1088 956 1299 1018 neque
1344 935 1453 1000 hic
1500 936 1681 1001 locus
1729 957 1968 1002 vacuus
2008 949 2040 997 *Ξ

0 1046 243 1108 nquam
288 1023 416 1087 fuit
461 1023 544 1088 ab
591 1022 691 1105 iis,
740 1022 849 1107 qui
895 1028 1185 1087 vestram
1231 1045 1496 1088 causam
1534 1024 1972 1109 defenderent,

32 1133 220 1177 meus
258 1112 448 1176 labor
482 1112 553 1176 in
588 1111 996 1195 privatorum
1035 1111 1343 1197 periculis
1381 1116 1561 1178 caste
1589 1112 1968 1198 integreque

0 1204 230 1265 ersatus
287 1222 364 1265 ex
413 1204 636 1264 vestro
691 1199 928 1264 iudicio
989 1199 1272 1264 fructum
1332 1205 1433 1265 est
1488 1200 1968 1301 amplissimum

4 1292 331 1354 nsecutus.
396 1286 570 1352 Nam
616 1309 763 1352 cum
808 1291 1078 1388 propter
1125 1288 1509 1353 dilationem
1556 1288 1968 1354 comitiorum

0 1400 30 1441 r
79 1381 347 1462 praetor
390 1376 642 1461 primus
690 1376 999 1466 centuriis
1047 1376 1296 1441 cunctis
1343 1376 1758 1441 renuntiatus
1806 1398 1968 1461 sum,

0 1465 122 1530 cile
167 1465 491 1548 intellexi,
539 1464 844 1546 Quirites,
881 1461 990 1529 et
1004 1462 1157 1547 quid
1203 1461 1281 1528 de
1331 1486 1435 1530 me
1480 1464 1855 1529 iudicaretis
1903 1469 1968 1529 et

0 1554 88 1618 [id
145 1553 295 1618 aliis
348 1515 901 1637 praescriberetis
983 1550 1174 1617 Nunc
1231 1574 1379 1617 cum
1435 1555 1501 1616 et
1557 1554 1968 1617 auctoritatis

41 1663 149 1707 me
194 1644 454 1706 tantum
501 1640 608 1723 sit,
655 1645 971 1725 quantum
1008 1662 1126 1705 vos
1173 1640 1536 1705 honoribus
1583 1640 1968 1705 mandandis

0 1752 70 1794 se
108 1730 431 1813 voluistiS,
480 1734 545 1794 et
591 1729 674 1793 ad
711 1728 1034 1813 agendum
1070 1728 1409 1793 facultatis
1448 1733 1725 1811 tantum,
1772 1750 1968 1811 quan--

0 1841 69 1882 m
126 1818 377 1882 homini
430 1816 735 1902 vigilanti
795 1838 872 1880 ex
926 1816 1175 1881 forensi
1221 1838 1343 1881 usu
1389 1838 1595 1902 prope
1642 1815 1968 1882 cotidiana

0 1906 185 1971 cendi
222 1904 599 1972 exercitatio
638 1904 854 1991 potuit
893 1904 1141 1987 afferre,
1187 1909 1363 1971 certe
1402 1908 1485 1989 et,
1534 1905 1592 1970 si
1630 1904 1785 1989 quid
1823 1925 1964 1970 auc-

0 1994 224 2059 ritatis
268 1997 340 2059 in
383 2017 489 2059 me
537 1998 662 2078 est,
710 1994 882 2078 apud
929 2015 1039 2059 eos
1086 1998 1265 2076 utar,
1315 1993 1426 2077 qui
1474 2016 1618 2058 eam
1656 1993 1818 2057 mihi
1866 1993 1968 2058 de-

2 2087 191 2167 runt,
255 2087 348 2167 et,
411 2083 468 2147 si
524 2083 678 2184 quid
735 2083 806 2146 in
867 2082 1136 2147 dicendo
1183 2081 1492 2166 consequi
1536 2103 1831 2166 possum,
1883 2081 1968 2146 iis

0 2172 271 2236 tendam
317 2171 761 2257 potissimum,
807 2171 918 2254 qui
965 2171 1024 2235 ei
1073 2192 1328 2254 quoque
1374 2171 1470 2234 rei
1515 2170 1799 2235 fructum
1846 2190 1964 2234 suo

0 2260 169 2362 dicio
248 2259 668 2324 tribuendum
733 2280 873 2324 esse
939 2259 1279 2323 duxerunt.
1390 2259 1606 2342 Atque
1670 2257 1833 2322 illud
1897 2257 1968 2322 in
2008 2278 2036 2322 3

0 2335 158 2412 imis
215 2348 378 2412 mihi
431 2347 806 2412 laetandum
859 2347 999 2412 iure
1047 2368 1191 2411 esse
1236 2346 1456 2430 video,
1512 2346 1684 2429 quod
1728 2346 1797 2410 in
1843 2346 1968 2411 hac

0 2426 198 2501 solita
252 2436 415 2501 mihi
474 2457 551 2500 ex
604 2436 730 2500 hoc
775 2421 1219 2500 loffiatione
1271 2434 1523 2499 dicendi
1568 2455 1765 2500 causa
1810 2434 1964 2499 talis

0 2527 154 2591 lata
201 2529 319 2608 est,
363 2525 434 2588 in
480 2546 609 2608 qua
655 2524 865 2606 oratio
905 2524 1127 2588 deesse
1162 2523 1408 2587 nemini
1444 2523 1673 2607 possit.
1734 2522 1968 2588 Dicen-

0 2636 80 2677 .m
152 2617 254 2678 est
326 2613 498 2677 enim
570 2612 648 2676 de
709 2611 824 2678 Cn.
883 2610 1155 2696 Pompei
1215 2611 1541 2697 singulari
1600 2611 1964 2695 eximiaque

0 2706 194 2786 rtute3
257 2701 450 2766 huius
516 2704 736 2766 autem
798 2700 1113 2764 orationis
1177 2699 1508 2764 difficilius
1565 2704 1667 2764 est
1722 2701 1964 2766 exitum

0 2812 122 2856 lam
176 2789 564 2874 principium
622 2789 932 2853 invenire.
1023 2787 1128 2851 Ita
1183 2787 1345 2852 mihi
1401 2809 1535 2852 non
1591 2791 1731 2853 tam
1777 2788 1968 2874 copia

0 2900 123 2943 ‘am
169 2878 401 2942 modus
439 2878 508 2940 in
556 2877 822 2942 dicendo
872 2875 1276 2959 quaerendus
1325 2880 1444 2940 est.
2004 2930 2044 2986 ,Ξ

101 2965 320 3050 Atque
356 2970 433 3030 ut
467 2965 616 3030 inde
654 2965 866 3029 oratio
906 2985 1052 3029 mea
1086 2964 1554 3050 proficiscatur,
1597 2963 1766 3028 unde
1804 2963 2036 3030 haec*
2004 3010 2032 3050 4

0 3056 136 3120 mis
201 3076 398 3119 causa
463 3053 746 3137 ducitur,
811 3053 1060 3118 bellum
1127 3074 1326 3139 grave
1392 3058 1460 3117 et
1523 3051 1960 3137 periculosum

0 3143 160 3208 stris
217 3142 650 3226 vectigalibus
710 3164 784 3206 ac
840 3141 1033 3206 sociis
1091 3162 1132 3205 a
1188 3141 1440 3206 duobus
1485 3138 1960 3225 potentissimis

0 3231 188 3318 gibus
233 3229 529 3314 infertur,
574 3228 958 3295 Mithridate
997 3233 1064 3294 et
1099 3222 1411 3314 Tigrane,
1469 3249 1744 3311 quorum
1793 3226 1964 3290 alter

0 3289 210 3403 fictus,
249 3321 416 3384 alter
443 3318 786 3384 lacessitus
817 3317 1220 3383 occasionem
1251 3317 1380 3381 sibi
1409 3315 1490 3380 ad
1520 3312 1960 3397 occupandam

0 3410 144 3473 ³iam
208 3407 501 3472 oblatam
558 3428 699 3472 esse
756 3405 1134 3470 arbitratur.
1224 3403 1579 3488 Equitibus
1627 3401 1960 3482 Romanis

0 3494 404 3561 ›nestissimis
450 3495 630 3578 viris,
679 3495 1039 3560 afferuntur
1086 3515 1164 3557 ex
1201 3491 1366 3557 Asia
1410 3489 1646 3556 cotidie
1683 3454 1960 3574 litterae:
