2534 3875
760 154 1181 210 ADNOTATIO
1221 157 1526 214 ORITICA.
2064 164 2158 217 CV

117 293 416 348 ‘Zeitschn
462 293 503 348 f.
556 294 607 348 d.
646 293 846 351 G.W.’
901 302 1041 350 1884
1083 315 1138 366 p.
1182 304 1313 366 1713
1368 316 1419 353 v.
1469 299 1544 354 ad
1591 299 1694 357 Off.
1742 318 1794 368 p.
1835 307 2009 356 27.19
2067 305 2153 360 ed.

117 370 276 420 1882.
318 395 387 404 -
428 364 486 419 P.
527 370 702 421 3845
747 367 842 421 sed
888 367 1087 435 schol„
1136 368 1261 422 edd.
1301 372 1527 437 praeter
1563 371 1770 437 Klotz.‚
1821 375 1922 426 sab
1977 375 2154 442 codd.,

115 435 302 490 Klotz.
345 466 412 476 —
453 435 511 489 P.
551 441 765 490 384.14
800 439 1038 493 dederit
1073 438 1346 493 Fleckeia
1387 457 1512 496 ann.
1557 447 1691 495 1869
1730 460 1784 510 p.
1825 447 1909 510 91,
1948 443 2153 513 Halm„

115 505 433 560 Eberhard.
462 505 615 560 haud
636 506 751 561 scio
773 524 846 561 an
864 510 1033 562 recte.
1056 541 1121 548 -
1145 511 1203 563 P.
1227 515 1347 565 384.
1373 517 1437 565 17
1469 529 1548 580 sq.
1577 514 1642 566 in
1659 515 1732 567 iis
1751 512 1956 581 Madv„
1987 515 2152 583 Bait,

115 576 307 645 KayS„
338 577 543 644 Halm,
570 577 794 644 Eberh.‚
822 580 939 633 illis
958 579 1137 647 codd„
1167 579 1366 648 Klotz.,
1399 581 1593 636 Thom.
1617 614 1682 622 -
1704 585 1764 637 P.
1787 590 1906 638 384.
1931 592 1997 639 22
2017 587 2156 642 Acci

117 647 297 714 codd„
339 648 538 702 Thom.
569 649 663 716 (ad
689 668 743 718 p.
776 654 823 703 3.
849 652 955 717 19),
994 650 1158 705 Accii
1193 651 1364 720 vulg,
1404 654 1551 707 Attii
1577 653 1753 717 Bait.;
1794 654 1868 707 ad
1894 654 2066 726 Legg.
2097 676 2150 726 p.

116 725 239 772 426.
266 725 314 772 1.
339 747 406 758 —·
427 718 487 772 P.
510 725 629 774 384.
651 727 721 774 34
747 721 915 774 haias
941 723 1095 776 urbis
1114 728 1275 791 atque
1294 722 1440 790 Ald.,
1469 722 1667 792 Klotz.,
1697 724 1900 792 Halm.,
1930 725 2152 796 Eberh.,

114 790 285 844 huius
312 795 476 859 atque
504 790 624 844 cod.
654 789 719 859 E,
746 792 913 845 hwias
940 809 1105 860 aeque
1134 792 1249 860 GP,
1279 793 1492 861 Thom.,
1521 796 1745 850 huiusce
1773 795 1992 864 aliquot
2013 798 2153 854 dett.

118 859 302 927 codd„
342 859 507 927 Bait„
546 860 714 929 Kays.
753 893 821 902 —-
860 862 921 915 P.
962 868 1134 917 385.1
1175 865 1500 919 adhortatus
1535 882 1656 920 sam
1693 867 1815 919 cod.
1846 865 1910 932 E,
1949 866 2152 937 Halm,

115 929 345 998 Eberh.,
385 933 640 986 adortavi
667 930 730 999 G,
767 933 985 988 hortavi
1012 934 1073 1000 P,
1114 935 1346 990 adoravi
1377 935 1430 1002 S,
1463 937 1734 991 adornavi
1759 936 1958 1003 Klotz„
1987 939 2118 994 Bait
2140 983 2153 1007 ,

115 1000 309 1070 Kays.,
350 1001 549 1056 Thom.
588 1033 655 1042 —
693 1004 753 1056 P.
794 1008 913 1058 385.
938 1009 970 1058 3
1006 1021 1120 1059 non
1154 1022 1274 1060 wna
1308 1022 1411 1074 pro
1449 1008 1684 1074 iadiceS,
1735 1007 1835 1061 sed
1871 1014 1992 1065 avia
2031 1027 2153 1064 8888

115 1071 177 1124 111
224 1073 347 1127 cod.
388 1071 438 1125 G
482 1073 725 1127 testatur
759 1073 954 1128 Thom.
994 1105 1061 1115 —
1099 1074 1158 1130 P.
1198 1081 1320 1130 385.
1350 1081 1385 1128 4
1430 1077 1516 1146 [et
1562 1084 1676 1132 tam
1722 1079 1904 1150 brevi]
1943 1081 2151 1148 Garat,

116 1142 317 1212 Kaya,
366 1141 570 1196 Eberh.
613 1175 679 1184 —
716 1145 778 1198 P.
818 1150 937 1202 385.
961 1151 993 1200 9
1040 1143 1130 1199 bis
1166 1163 1336 1216 neque
1372 1145 1520 1200 Bait.
1561 1148 1679 1201 sine
1719 1148 1891 1204 dubio
1930 1151 1991 1206 in
2028 1152 2150 1205 cod.

117 1213 166 1266 G
193 1230 319 1268 8888
347 1215 523 1281 ratus,
554 1215 730 1269 altero
760 1215 885 1269 loco
911 1233 1010 1271 ‘nec
1035 1218 1143 1270 tac.
1177 1233 1302 1270 cum
1333 1219 1462 1273 cett.
1483 1217 1678 1273 Thom.
1703 1221 1793 1287 (ad
1821 1239 1876 1289 p.
1904 1229 2020 1278 189.
2046 1227 2152 1291 16),

104 1284 394 1353 itemque,
442 1285 555 1338 nisi
598 1285 754 1339 fallit
796 1285 1019 1353 Thom.,
1066 1286 1213 1342 falso
1260 1305 1312 1341 v.
1357 1294 1422 1341 10
1469 1291 1625 1344 toties
1670 1289 1815 1344 Bait.
1867 1308 1897 1344 8
1944 1293 2064 1347 cod.
2106 1293 2152 1346 G

116 1355 307 1408 adfert
339 1355 433 1421 (ad
469 1373 524 1424 p.
556 1363 674 1410 119.
704 1359 807 1424 17).
848 1388 923 1396 -»
954 1357 1013 1410 Ρ.
1044 1364 1255 1413 385.13
1297 1359 1682 1414 dimetiendam
1707 1359 1919 1430 Lamh„
1951 1363 2150 1430 Klotz„

117 1427 484 1481 commetiend.
535 1425 815 1493 Schuetz.,
863 1427 1065 1482 Eberh.
1118 1431 1324 1496 (progr.
1364 1428 1656 1484 Bielefeld.
1702 1436 1838 1486 1872
1875 1451 1930 1501 p.
1973 1437 2042 1502 5).
2085 1465 2151 1474 —

113 1498 173 1550 P.
216 1502 341 1551 385.
366 1503 431 1549 22
486 1513 601 1552 mm
650 1498 871 1565 Lamh„
927 1498 1150 1566 Thom.;
1206 1500 1282 1554 ad
1370 1541 1383 1554 .
1423 1506 1542 1554 258.
1573 1506 1659 1554 34.
1711 1532 1776 1542 —
1825 1502 1884 1556 P.
1925 1510 2046 1558 385.
2083 1512 2152 1558 28

115 1569 296 1621 animi
326 1567 549 1621 defend.
576 1567 803 1622 Luterb.
838 1567 1128 1624 ‘Zeitschn
1159 1570 1196 1623 f.
1228 1569 1281 1624 d.
1313 1517 1508 1624 (gwss
1545 1576 1681 1625 1884
1708 1589 1763 1640 p.
1798 1579 1897 1628 166
1937 1573 2005 1628 cf.
2036 1591 2150 1643 rep.

113 1637 166 1690 II
208 1643 294 1693 40.
318 1644 385 1691 67
436 1654 545 1705 ex.,
603 1639 711 1693 del.
759 1655 900 1694 rece.
950 1639 1073 1696 edd.
1125 1656 1344 1708 omnes,
1401 1639 1514 1694 nisi
1568 1641 1847 1696 ascribere
1907 1644 2154 1698 solerent

115 1724 260 1764 vers,
298 1708 434 1763 Hor.
482 1709 559 1762 III
594 1715 681 1764 30.
703 1717 734 1764 6
781 1712 957 1765 ”tulta
996 1728 1135 1780 pars
1171 1714 1301 1777 mei,
1349 1710 1445 1766 vix
1477 1709 1794 1766 divinarem
1832 1731 1946 1781 qua
1983 1732 2154 1770 causa

117 1777 405 1833 commoti.
479 1779 567 1832 An
603 1797 737 1834 vero
773 1781 1047 1834 memoria
1084 1781 1157 1834 ad
1194 1781 1445 1850 aliquam
1483 1784 1732 1851 corporis
1769 1787 1990 1852 partem
2027 1802 2150 1855 per-

116 1849 297 1904 tinere
334 1853 542 1918 potest,
582 1853 681 1905 aut
716 1851 1026 1921 ignoratur,
1066 1852 1201 1920 quid
1230 1853 1306 1906 sit
1339 1853 1436 1905 ‘ad
1462 1853 1694 1920 nullam,
1735 1853 1987 1922 aliquam
2019 1859 2150 1911 cett.

114 1920 197 1975 rei
244 1924 469 1991 partem
514 1921 862 1991 pertinere’?
909 1955 974 1963 —
1023 1922 1082 1980 P.
1121 1928 1332 1978 386.12
1380 1943 1418 1979 a
1461 1925 1668 1991 forensi
1715 1927 1902 1981 aliena
1944 1926 2150 1995 Halm,

114 1991 341 2059 Eberh.,
380 1994 567 2047 aliena
600 2012 639 2047 a
664 1995 871 2061 forensi
898 1994 964 2048 H.
994 1994 1061 2048 A.
1090 1994 1264 2049 Koch.
1294 2011 1482 2065 progr.
1514 1996 1666 2050 Port.
1701 2002 1836 2051 1868
1867 2016 1919 2066 p.
1955 2004 2021 2052 10
2051 2016 2150 2068 sq.,

112 2064 269 2131 firme
316 2081 353 2117 a
396 2080 479 2118 me
515 2064 701 2132 codd.,
752 2082 879 2119 cum
917 2081 1078 2119 cruce
1116 2064 1340 2132 Thom.,
1390 2072 1570 2121 autem
1605 2074 1811 2122 remota
1846 2085 1967 2123 mea
2004 2070 2150 2137 Ieep.

113 2150 304 2202 progr.
329 2133 607 2189 Wolfenb.
650 2141 785 2191 1862
832 2153 887 2204 p.
925 2142 985 2203 4,
1043 2142 1224 2191 autem
1266 2143 1474 2192 ‘remota
1520 2155 1557 2191 a
1601 2154 1720 2191 mea
1757 2136 1956 2207 KayS.,
2002 2156 2150 2194 secus

114 2222 181 2259 ac
214 2222 340 2259 mea
375 2203 555 2259 Klotz.
594 2236 659 2245 —
699 2206 760 2259 P.
799 2212 1009 2262 386.13
1047 2209 1167 2276 ipso
1196 2206 1400 2261 Eberh.
1445 2210 1652 2277 (progr.
1683 2206 1978 2263 Bielefeld.
2015 2215 2150 2265 1872

112 2292 169 2343 p.
208 2282 241 2329 3
282 2276 407 2344 sq.),
444 2275 667 2343 Thom.,
704 2280 883 2347 ipsius
918 2276 1071 2345 vulg.
1449 2308 1452 2313 ·
2015 2316 2021 2322 -

258 2416 324 2470 In
382 2416 635 2471 oratione
688 2434 809 2486 pro
857 2417 1103 2473 Flacco
1151 2417 1408 2473 Baiterus
1463 2419 1690 2487 praeter
1738 2418 2152 2475 Vaticanum

114 2487 279 2541 illum
314 2486 371 2540 H
406 2494 500 2555 25,
550 2489 614 2555 V,
664 2488 762 2556 qui
797 2488 973 2542 habet
1008 2508 1063 2559 p.
1100 2494 1222 2543 404.
1247 2495 1509 2543 10—410.
1536 2495 1626 2555 15,
1676 2492 1733 2543 et
1772 2490 1983 2545 schol.
2022 2492 2150 2545 Bo·

112 2558 425 2612 biensem
469 2558 515 2611 B
571 2558 790 2612 duobus
846 2559 1007 2615 codd.
1064 2576 1198 2613 usus
1255 2562 1356 2627 est,
1415 2558 1803 2629 Salisburg.
1856 2567 1950 2629 34,
2001 2579 2150 2616 nunc

113 2628 337 2683 Monac.
368 2633 558 2697 15734,
598 2629 652 2696 S,
692 2630 907 2697 eodem,
947 2629 1045 2698 qui
1080 2628 1141 2683 in
1168 2630 1483 2684 Fonteiana
1520 2629 1758 2698 aliisque
1787 2647 1923 2700 prae
1951 2631 2149 2686 melio-

113 2699 271 2753 ribus
307 2701 463 2753 recte
502 2700 799 2769 spernitur,
836 2700 898 2753 in
936 2699 1276 2755 Cluentiana
1308 2701 1426 2755 fere
1465 2700 1711 2771 optimus
1751 2704 1854 2769 est,
1894 2703 1953 2756 et
1987 2702 2148 2755 Ber—

113 2769 313 2824 nensi
362 2775 469 2824 254
503 2770 565 2825 Τ.
637 2770 785 2825 Nam
821 2770 890 2838 P,
942 2772 1124 2825 ‘vetus
1164 2772 1368 2838 codex,
1418 2788 1448 2825 8
1486 2788 1596 2839 quo
1632 2771 1874 2825 Levinus
1911 2773 2146 2827 Torren-

113 2840 228 2894 tius
278 2856 493 2910 paucas
545 2840 817 2896 lectiones
871 2841 944 2895 ad.
994 2841 1310 2911 marginem
1357 2841 1624 2895 editionis
1670 2841 2042 2897 Manutianae
2097 2861 2147 2901 a.

118 2918 257 2967 1554
312 2910 655 2981 exscripsit’,
710 2913 769 2965 in
815 2912 922 2967 hac
970 2911 1222 2968 oratione
1269 2929 1386 2967 non
1430 2912 1703 2968 maiorem
1751 2914 2146 2969 auctoritatem

113 2982 291 3036 habet
326 2998 498 3050 quam
533 2982 594 3035 in
622 2982 972 3037 orationibus
1001 2982 1239 3052 agrariis
1271 2983 1375 3051 (Τ).
1424 2982 1600 3037 Paulo
1628 2983 1756 3052 plus
1786 2984 2146 3039 tribuendum

113 3052 340 3107 videtur
383 3052 644 3107 ‘editioni
680 3053 928 3109 Faerni
962 3054 1310 3108 rarissimae’
1351 3054 1510 3108 Rom.
1543 3060 1697 3121 1563,
1738 3056 1795 3122 F,
1835 3072 1979 3123 quae
2018 3072 2146 3110 con·
2203 3060 2210 3067 '

114 3124 290 3178 sentit
326 3140 457 3177 cum
493 3124 546 3177 V
581 3143 632 3179 v.
672 3142 719 3179 c.
755 3142 809 3193 p.
847 3131 968 3179 404.
990 3131 1060 3179 34
1106 3126 1302 3195 aliqua
1344 3126 1603 3180 relevavit
1642 3129 1728 3193 (ex
1766 3128 1958 3195 aliqua
1986 3133 2148 3195 parte

112 3196 266 3250 ναῖεν.
289 3194 425 3263 ST),
456 3200 578 3249 407.
596 3202 627 3249 3
649 3195 837 3266 Siloya
857 3197 1017 3263 (stola
1036 3195 1176 3264 ST„
1206 3214 1257 3249 v.
1281 3195 1356 3247 ad
1374 3213 1430 3264 p.
1452 3202 1573 3250 414.
1593 3201 1677 3261 22,
1708 3202 1827 3251 416.
1849 3204 1899 3263 4,
1922 3202 2041 3250 427.
2061 3201 2144 3249 26.

115 3264 282 3319 Codd.
324 3264 362 3318 S
412 3267 473 3319 et
509 3265 555 3317 'I'
600 3269 799 3319 neuter
844 3266 1011 3319 alteri
1062 3266 1306 3320 multum
1341 3268 1598 3335 praestat
1635 3265 1932 3334 dignitate.
2011 3266 2145 3320 Cod.

113 3335 489 3392 Helmstad.
528 3354 583 3391 n.
614 3343 720 3392 304
749 3335 822 3388 W
862 3335 1182 3391 simillimus
1222 3337 1493 3390 Bernensi
1528 3352 1708 3404 neque
1745 3337 1938 3389 tamen
1977 3353 2044 3389 ex
2080 3352 2146 3390 eo

114 3407 393 3476 pendens,
436 3406 505 3461 de
545 3423 655 3475 quo
693 3407 1193 3477 Wrampelmeyer.
1232 3424 1420 3477 progr.
1460 3405 1766 3461 Clausthal.
1808 3411 1942 3460 1881
1983 3424 2037 3475 p.
2081 3412 2147 3459 14

116 3484 275 3546 -18,
332 3477 425 3531 vel
474 3481 774 3547 propterea
828 3496 941 3533 non
994 3477 1215 3532 inutilis
1275 3482 1385 3546 est,
1434 3478 1585 3545 quod
1623 3476 1796 3529 ceteri
1835 3476 1997 3531 codd.
2034 3492 2146 3531 non
