<?xml version="1.0" encoding="UTF-8"?>
<!DOCTYPE html PUBLIC "-//W3C//DTD XHTML 1.0 Transitional//EN"
    "http://www.w3.org/TR/xhtml1/DTD/xhtml1-transitional.dtd">
<html xmlns="http://www.w3.org/1999/xhtml" xml:lang="en" lang="en">
 <head>
  <title>
</title>
<meta http-equiv="Content-Type" content="text/html;charset=utf-8" />
  <meta name='ocr-system' content='tesseract 3.04.00' />
  <meta name='ocr-capabilities' content='ocr_page ocr_carea ocr_par ocr_line ocrx_word'/>
</head>
<body>
  <div class='ocr_page' id='page_1' title='image "./scriptaquaemans03mlgoog_0329.png"; bbox 0 0 2534 3875; ppageno 0'>
   <div class='ocr_carea' id='block_1_1' title="bbox 800 158 2112 227">
    <p class='ocr_par' dir='ltr' id='par_1_1' title="bbox 800 158 2112 227">
     <span class='ocr_line' id='line_1_1' title="bbox 800 158 2112 227; baseline 0.008 -15"><span class='ocrx_word' id='word_1_1' title='bbox 800 159 956 214; x_wconf 79' lang='lat' dir='ltr'>CAP.</span> <span class='ocrx_word' id='word_1_2' title='bbox 996 165 1136 213; x_wconf 78' lang='lat'>2-4</span> <span class='ocrx_word' id='word_1_3' title='bbox 1174 164 1204 224; x_wconf 71' lang='lat'>5</span> <span class='ocrx_word' id='word_1_4' title='bbox 1243 165 1400 213; x_wconf 84' lang='lat'><strong>4-9.</strong></span> <span class='ocrx_word' id='word_1_5' title='bbox 1957 158 2112 227; x_wconf 83' lang='grc'><strong>,191</strong></span> 
     </span>
    </p>
   </div>
   <div class='ocr_carea' id='block_1_2' title="bbox 29 300 2238 3571">
    <p class='ocr_par' dir='ltr' id='par_1_2' title="bbox 29 300 2238 3571">
     <span class='ocr_line' id='line_1_2' title="bbox 78 300 2115 387; baseline 0 -19"><span class='ocrx_word' id='word_1_6' title='bbox 78 303 374 368; x_wconf 88' lang='lat' dir='ltr'>universi</span> <span class='ocrx_word' id='word_1_7' title='bbox 433 303 662 387; x_wconf 92' lang='lat' dir='ltr'>populi</span> <span class='ocrx_word' id='word_1_8' title='bbox 708 300 988 366; x_wconf 88' lang='lat' dir='ltr'>Romani</span> <span class='ocrx_word' id='word_1_9' title='bbox 1039 302 1276 368; x_wconf 88' lang='lat' dir='ltr'>iudicio</span> <span class='ocrx_word' id='word_1_10' title='bbox 1334 304 1665 368; x_wconf 88' lang='lat' dir='ltr'>consulem</span> <span class='ocrx_word' id='word_1_11' title='bbox 1712 303 1808 368; x_wconf 87' lang='lat' dir='ltr'>ita</span> <span class='ocrx_word' id='word_1_12' title='bbox 1849 303 2115 384; x_wconf 85' lang='lat' dir='ltr'>factum,</span> 
     </span>
     <span class='ocr_line' id='line_1_3' title="bbox 75 390 2115 476; baseline -0 -20"><span class='ocrx_word' id='word_1_13' title='bbox 75 396 155 456; x_wconf 90' lang='lat' dir='ltr'>ut</span> <span class='ocrx_word' id='word_1_14' title='bbox 210 391 642 456; x_wconf 84' lang='lat' dir='ltr'>nobilissimis</span> <span class='ocrx_word' id='word_1_15' title='bbox 697 390 1316 476; x_wconf 84' lang='lat' dir='ltr'>hominibus-longe</span> <span class='ocrx_word' id='word_1_16' title='bbox 1361 411 1818 475; x_wconf 80' lang='lat' dir='ltr'>praeponeret,</span> <span class='ocrx_word' id='word_1_17' title='bbox 1871 413 2006 457; x_wconf 91' lang='lat' dir='ltr'>non</span> <span class='ocrx_word' id='word_1_18' title='bbox 2048 396 2115 456; x_wconf 91' lang='lat' dir='ltr'>et</span> 
     </span>
     <span class='ocr_line' id='line_1_4' title="bbox 73 478 2117 564; baseline 0.001 -21"><span class='ocrx_word' id='word_1_19' title='bbox 73 481 146 543; x_wconf 93' lang='lat' dir='ltr'>in</span> <span class='ocrx_word' id='word_1_20' title='bbox 198 480 325 544; x_wconf 91' lang='lat' dir='ltr'>hoc</span> <span class='ocrx_word' id='word_1_21' title='bbox 371 479 767 564; x_wconf 85' lang='lat' dir='ltr'>magistratu</span> <span class='ocrx_word' id='word_1_22' title='bbox 823 481 888 542; x_wconf 91' lang='lat' dir='ltr'>et</span> <span class='ocrx_word' id='word_1_23' title='bbox 944 478 1013 542; x_wconf 93' lang='lat' dir='ltr'>in</span> <span class='ocrx_word' id='word_1_24' title='bbox 1075 479 1254 543; x_wconf 90' lang='lat' dir='ltr'>omni</span> <span class='ocrx_word' id='word_1_25' title='bbox 1314 479 1451 544; x_wconf 86' lang='lat' dir='ltr'>vita</span> <span class='ocrx_word' id='word_1_26' title='bbox 1506 501 1717 544; x_wconf 87' lang='lat' dir='ltr'>essem</span> <span class='ocrx_word' id='word_1_27' title='bbox 1761 479 2117 564; x_wconf 87' lang='lat' dir='ltr'>popularis.</span> 
     </span>
     <span class='ocr_line' id='line_1_5' title="bbox 74 566 2115 651; baseline -0 -19"><span class='ocrx_word' id='word_1_28' title='bbox 74 566 211 632; x_wconf 89' lang='lat' dir='ltr'>Sed</span> <span class='ocrx_word' id='word_1_29' title='bbox 259 567 425 632; x_wconf 90' lang='lat' dir='ltr'>mihi</span> <span class='ocrx_word' id='word_1_30' title='bbox 472 567 554 631; x_wconf 90' lang='lat' dir='ltr'>ad</span> <span class='ocrx_word' id='word_1_31' title='bbox 589 566 781 630; x_wconf 89' lang='lat' dir='ltr'>huius</span> <span class='ocrx_word' id='word_1_32' title='bbox 816 566 982 632; x_wconf 79' lang='lat' dir='ltr'>verbi</span> <span class='ocrx_word' id='word_1_33' title='bbox 1016 567 1149 630; x_wconf 86' lang='lat' dir='ltr'>vim</span> <span class='ocrx_word' id='word_1_34' title='bbox 1187 570 1253 630; x_wconf 88' lang='lat' dir='ltr'>et</span> <span class='ocrx_word' id='word_1_35' title='bbox 1290 566 1895 651; x_wconf 74' lang='lat' dir='ltr'>interpretationem</span> <span class='ocrx_word' id='word_1_36' title='bbox 1930 567 2115 632; x_wconf 89' lang='lat' dir='ltr'>vehe-</span> 
     </span>
     <span class='ocr_line' id='line_1_6' title="bbox 29 655 2115 739; baseline -0.001 -18"><span class='ocrx_word' id='word_1_37' title='bbox 29 660 344 721; x_wconf 79' lang='lat' dir='ltr'>5mentcr</span> <span class='ocrx_word' id='word_1_38' title='bbox 418 677 578 739; x_wconf 90' lang='lat' dir='ltr'>opus</span> <span class='ocrx_word' id='word_1_39' title='bbox 653 659 754 719; x_wconf 87' lang='lat' dir='ltr'>cst</span> <span class='ocrx_word' id='word_1_40' title='bbox 829 658 1048 719; x_wconf 86' lang='lat' dir='ltr'>vestra</span> <span class='ocrx_word' id='word_1_41' title='bbox 1121 655 1462 738; x_wconf 87' lang='lat' dir='ltr'>sapientia.</span> <span class='ocrx_word' id='word_1_42' title='bbox 1550 655 1870 721; x_wconf 74' lang='lat' dir='ltr'>Versatur</span> <span class='ocrx_word' id='word_1_43' title='bbox 1943 655 2115 719; x_wconf 91' lang='lat' dir='ltr'>enim</span> 
     </span>
     <span class='ocr_line' id='line_1_7' title="bbox 72 742 2116 830; baseline -0.001 -21"><span class='ocrx_word' id='word_1_44' title='bbox 72 764 368 830; x_wconf 84' lang='lat' dir='ltr'>magnus</span> <span class='ocrx_word' id='word_1_45' title='bbox 428 764 608 807; x_wconf 86' lang='lat' dir='ltr'>error</span> <span class='ocrx_word' id='word_1_46' title='bbox 662 746 933 827; x_wconf 89' lang='lat' dir='ltr'>propter</span> <span class='ocrx_word' id='word_1_47' title='bbox 976 742 1327 806; x_wconf 90' lang='lat' dir='ltr'>insidiosas</span> <span class='ocrx_word' id='word_1_48' title='bbox 1371 765 1504 808; x_wconf 92' lang='lat' dir='ltr'>non</span> <span class='ocrx_word' id='word_1_49' title='bbox 1548 744 1875 809; x_wconf 90' lang='lat' dir='ltr'>nullorum</span> <span class='ocrx_word' id='word_1_50' title='bbox 1923 742 2116 808; x_wconf 90' lang='lat' dir='ltr'>simu-</span> 
     </span>
     <span class='ocr_line' id='line_1_8' title="bbox 72 830 2114 915; baseline -0 -18"><span class='ocrx_word' id='word_1_51' title='bbox 72 833 392 914; x_wconf 88' lang='lat' dir='ltr'>lationes,</span> <span class='ocrx_word' id='word_1_52' title='bbox 441 831 551 915; x_wconf 89' lang='lat' dir='ltr'>qui</span> <span class='ocrx_word' id='word_1_53' title='bbox 597 852 744 895; x_wconf 91' lang='lat' dir='ltr'>cum</span> <span class='ocrx_word' id='word_1_54' title='bbox 789 830 1016 914; x_wconf 89' lang='lat' dir='ltr'>populi</span> <span class='ocrx_word' id='word_1_55' title='bbox 1061 852 1195 895; x_wconf 89' lang='lat' dir='ltr'>non</span> <span class='ocrx_word' id='word_1_56' title='bbox 1233 831 1448 895; x_wconf 91' lang='lat' dir='ltr'>solum</span> <span class='ocrx_word' id='word_1_57' title='bbox 1484 832 1842 914; x_wconf 87' lang='lat' dir='ltr'>commoda,</span> <span class='ocrx_word' id='word_1_58' title='bbox 1889 853 2114 896; x_wconf 89' lang='lat' dir='ltr'>verum</span> 
     </span>
     <span class='ocr_line' id='line_1_9' title="bbox 73 918 2238 1004; baseline -0.001 -19"><span class='ocrx_word' id='word_1_59' title='bbox 73 922 292 986; x_wconf 89' lang='lat' dir='ltr'>etiam</span> <span class='ocrx_word' id='word_1_60' title='bbox 351 919 630 984; x_wconf 86' lang='lat' dir='ltr'>salutem</span> <span class='ocrx_word' id='word_1_61' title='bbox 677 922 1059 1004; x_wconf 87' lang='lat' dir='ltr'>oppugnant</span> <span class='ocrx_word' id='word_1_62' title='bbox 1105 922 1171 983; x_wconf 91' lang='lat' dir='ltr'>et</span> <span class='ocrx_word' id='word_1_63' title='bbox 1215 919 1605 1003; x_wconf 89' lang='lat' dir='ltr'>impediunt,</span> <span class='ocrx_word' id='word_1_64' title='bbox 1667 918 1958 985; x_wconf 88' lang='lat' dir='ltr'>oratione</span> <span class='ocrx_word' id='word_1_65' title='bbox 2006 920 2115 984; x_wconf 88' lang='lat' dir='ltr'>ad·</span> <span class='ocrx_word' id='word_1_66' title='bbox 2235 999 2238 1004; x_wconf 19' lang='grc' dir='ltr'>Ι</span> 
     </span>
     <span class='ocr_line' id='line_1_10' title="bbox 73 1007 2185 1094; baseline -0 -21"><span class='ocrx_word' id='word_1_67' title='bbox 73 1009 275 1094; x_wconf 91' lang='lat' dir='ltr'>sequi</span> <span class='ocrx_word' id='word_1_68' title='bbox 312 1009 561 1090; x_wconf 87' lang='lat' dir='ltr'>volunt,</span> <span class='ocrx_word' id='word_1_69' title='bbox 598 1011 672 1070; x_wconf 91' lang='lat' dir='ltr'>ut</span> <span class='ocrx_word' id='word_1_70' title='bbox 698 1009 1046 1091; x_wconf 86' lang='lat' dir='ltr'>populares</span> <span class='ocrx_word' id='word_1_71' title='bbox 1075 1029 1216 1071; x_wconf 90' lang='lat' dir='ltr'>esse</span> <span class='ocrx_word' id='word_1_72' title='bbox 1244 1007 1602 1072; x_wconf 86' lang='lat' dir='ltr'>videantur.</span> <span class='ocrx_word' id='word_1_73' title='bbox 1665 1008 1813 1093; x_wconf 85' lang='lat' dir='ltr'>Ego</span> <span class='ocrx_word' id='word_1_74' title='bbox 1852 1008 2113 1092; x_wconf 89' lang='lat' dir='ltr'>qualem</span> <span class='ocrx_word' id='word_1_75' title='bbox 2152 1021 2185 1072; x_wconf 86' lang='lat'>8</span> 
     </span>
     <span class='ocr_line' id='line_1_11' title="bbox 29 1094 2115 1180; baseline -0 -19"><span class='ocrx_word' id='word_1_76' title='bbox 29 1096 405 1161; x_wconf 60' lang='lat' dir='ltr'>’Kalendis</span> <span class='ocrx_word' id='word_1_77' title='bbox 441 1094 761 1160; x_wconf 87' lang='lat' dir='ltr'>Ianuariis</span> <span class='ocrx_word' id='word_1_78' title='bbox 809 1095 1165 1179; x_wconf 89' lang='lat' dir='ltr'>acceperim</span> <span class='ocrx_word' id='word_1_79' title='bbox 1212 1117 1351 1159; x_wconf 87' lang='lat' dir='ltr'>rem</span> <span class='ocrx_word' id='word_1_80' title='bbox 1396 1095 1754 1180; x_wconf 81' lang='lat' dir='ltr'>publicam,</span> <span class='ocrx_word' id='word_1_81' title='bbox 1811 1095 2115 1179; x_wconf 76' lang='lat' dir='ltr'>Quirites,</span> 
     </span>
     <span class='ocr_line' id='line_1_12' title="bbox 67 1182 2117 1269; baseline -0.001 -19"><span class='ocrx_word' id='word_1_82' title='bbox 67 1185 423 1269; x_wconf 83' lang='lat' dir='ltr'>intellego,</span> <span class='ocrx_word' id='word_1_83' title='bbox 458 1183 717 1268; x_wconf 85' lang='lat' dir='ltr'>plenam</span> <span class='ocrx_word' id='word_1_84' title='bbox 755 1182 1228 1265; x_wconf 85' lang='lat' dir='ltr'>sollicitudinis,</span> <span class='ocrx_word' id='word_1_85' title='bbox 1266 1183 1532 1268; x_wconf 87' lang='lat' dir='ltr'>plenam</span> <span class='ocrx_word' id='word_1_86' title='bbox 1568 1183 1855 1266; x_wconf 82' lang='lat' dir='ltr'>timoris3</span> <span class='ocrx_word' id='word_1_87' title='bbox 1888 1184 1959 1248; x_wconf 92' lang='lat' dir='ltr'>in</span> <span class='ocrx_word' id='word_1_88' title='bbox 1988 1206 2117 1268; x_wconf 87' lang='lat' dir='ltr'>qua</span> 
     </span>
     <span class='ocr_line' id='line_1_13' title="bbox 67 1271 2115 1355; baseline -0.002 -17"><span class='ocrx_word' id='word_1_89' title='bbox 67 1273 252 1338; x_wconf 89' lang='lat' dir='ltr'>nihil</span> <span class='ocrx_word' id='word_1_90' title='bbox 293 1276 435 1336; x_wconf 88' lang='lat' dir='ltr'>erat</span> <span class='ocrx_word' id='word_1_91' title='bbox 470 1271 644 1354; x_wconf 89' lang='lat' dir='ltr'>mali,</span> <span class='ocrx_word' id='word_1_92' title='bbox 678 1271 846 1335; x_wconf 88' lang='lat' dir='ltr'>nihil</span> <span class='ocrx_word' id='word_1_93' title='bbox 884 1271 1157 1354; x_wconf 87' lang='lat' dir='ltr'>adversi,</span> <span class='ocrx_word' id='word_1_94' title='bbox 1194 1271 1366 1355; x_wconf 91' lang='lat' dir='ltr'>quod</span> <span class='ocrx_word' id='word_1_95' title='bbox 1390 1293 1525 1336; x_wconf 94' lang='lat' dir='ltr'>non</span> <span class='ocrx_word' id='word_1_96' title='bbox 1552 1272 1708 1336; x_wconf 91' lang='lat' dir='ltr'>boni</span> <span class='ocrx_word' id='word_1_97' title='bbox 1735 1276 2115 1354; x_wconf 85' lang='lat' dir='ltr'>metuerent,</span> 
     </span>
     <span class='ocr_line' id='line_1_14' title="bbox 67 1359 2117 1446; baseline -0.001 -20"><span class='ocrx_word' id='word_1_98' title='bbox 67 1360 376 1446; x_wconf 89' lang='lat' dir='ltr'>improbi</span> <span class='ocrx_word' id='word_1_99' title='bbox 413 1363 886 1445; x_wconf 85' lang='lat' dir='ltr'>exspectarent3</span> <span class='ocrx_word' id='word_1_100' title='bbox 923 1359 1142 1424; x_wconf 91' lang='lat' dir='ltr'>omnia</span> <span class='ocrx_word' id='word_1_101' title='bbox 1177 1359 1559 1424; x_wconf 88' lang='lat' dir='ltr'>turbulenta</span> <span class='ocrx_word' id='word_1_102' title='bbox 1587 1360 1860 1424; x_wconf 88' lang='lat' dir='ltr'>consilia</span> <span class='ocrx_word' id='word_1_103' title='bbox 1887 1363 2117 1425; x_wconf 86' lang='lat' dir='ltr'>contra</span> 
     </span>
     <span class='ocr_line' id='line_1_15' title="bbox 66 1448 2118 1532; baseline -0.001 -18"><span class='ocrx_word' id='word_1_104' title='bbox 66 1452 260 1514; x_wconf 90' lang='lat' dir='ltr'>hunc</span> <span class='ocrx_word' id='word_1_105' title='bbox 328 1448 422 1512; x_wconf 89' lang='lat' dir='ltr'>rei</span> <span class='ocrx_word' id='word_1_106' title='bbox 480 1448 775 1532; x_wconf 89' lang='lat' dir='ltr'>publicae</span> <span class='ocrx_word' id='word_1_107' title='bbox 841 1451 1087 1512; x_wconf 88' lang='lat' dir='ltr'>statum</span> <span class='ocrx_word' id='word_1_108' title='bbox 1148 1451 1214 1510; x_wconf 90' lang='lat' dir='ltr'>et</span> <span class='ocrx_word' id='word_1_109' title='bbox 1279 1451 1506 1512; x_wconf 86' lang='lat' dir='ltr'>contra</span> <span class='ocrx_word' id='word_1_110' title='bbox 1561 1451 1851 1513; x_wconf 86' lang='lat' dir='ltr'>vestrum</span> <span class='ocrx_word' id='word_1_111' title='bbox 1908 1449 2118 1512; x_wconf 88' lang='lat' dir='ltr'>otium</span> 
     </span>
     <span class='ocr_line' id='line_1_16' title="bbox 29 1535 2192 1623; baseline -0.001 -21"><span class='ocrx_word' id='word_1_112' title='bbox 29 1537 339 1623; x_wconf 63' lang='lat' dir='ltr'>*partim</span> <span class='ocrx_word' id='word_1_113' title='bbox 384 1535 555 1619; x_wconf 89' lang='lat' dir='ltr'>iniri,</span> <span class='ocrx_word' id='word_1_114' title='bbox 599 1536 839 1620; x_wconf 86' lang='lat' dir='ltr'>partim</span> <span class='ocrx_word' id='word_1_115' title='bbox 885 1535 1076 1600; x_wconf 91' lang='lat' dir='ltr'>nobis</span> <span class='ocrx_word' id='word_1_116' title='bbox 1125 1536 1501 1600; x_wconf 87' lang='lat' dir='ltr'>consulibus</span> <span class='ocrx_word' id='word_1_117' title='bbox 1548 1536 1908 1621; x_wconf 85' lang='lat' dir='ltr'>designatis</span> <span class='ocrx_word' id='word_1_118' title='bbox 1953 1537 2119 1600; x_wconf 86' lang='lat' dir='ltr'>inita</span> <span class='ocrx_word' id='word_1_119' title='bbox 2190 1585 2192 1589; x_wconf 15' lang='grc' dir='ltr'><em>Α</em></span> 
     </span>
     <span class='ocr_line' id='line_1_17' title="bbox 66 1623 2119 1707; baseline -0.002 -16"><span class='ocrx_word' id='word_1_120' title='bbox 66 1647 227 1692; x_wconf 89' lang='lat' dir='ltr'>esse</span> <span class='ocrx_word' id='word_1_121' title='bbox 313 1624 715 1707; x_wconf 82' lang='lat' dir='ltr'>dicebantur3</span> <span class='ocrx_word' id='word_1_122' title='bbox 794 1624 1054 1688; x_wconf 90' lang='lat' dir='ltr'>sublata</span> <span class='ocrx_word' id='word_1_123' title='bbox 1131 1627 1274 1688; x_wconf 87' lang='lat' dir='ltr'>erat</span> <span class='ocrx_word' id='word_1_124' title='bbox 1358 1623 1436 1687; x_wconf 93' lang='lat' dir='ltr'>de</span> <span class='ocrx_word' id='word_1_125' title='bbox 1514 1623 1658 1688; x_wconf 85' lang='lat' dir='ltr'>foro</span> <span class='ocrx_word' id='word_1_126' title='bbox 1737 1624 1897 1688; x_wconf 90' lang='lat' dir='ltr'>fides</span> <span class='ocrx_word' id='word_1_127' title='bbox 1981 1645 2119 1689; x_wconf 88' lang='lat' dir='ltr'>non</span> 
     </span>
     <span class='ocr_line' id='line_1_18' title="bbox 63 1711 2118 1797; baseline -0.001 -18"><span class='ocrx_word' id='word_1_128' title='bbox 63 1718 221 1779; x_wconf 90' lang='lat' dir='ltr'>ictu</span> <span class='ocrx_word' id='word_1_129' title='bbox 262 1713 483 1796; x_wconf 89' lang='lat' dir='ltr'>aliquo</span> <span class='ocrx_word' id='word_1_130' title='bbox 519 1733 724 1776; x_wconf 87' lang='lat' dir='ltr'>novae</span> <span class='ocrx_word' id='word_1_131' title='bbox 762 1712 1174 1793; x_wconf 85' lang='lat' dir='ltr'>calamitatis,</span> <span class='ocrx_word' id='word_1_132' title='bbox 1212 1711 1324 1775; x_wconf 92' lang='lat' dir='ltr'>sed</span> <span class='ocrx_word' id='word_1_133' title='bbox 1362 1712 1726 1796; x_wconf 90' lang='lat' dir='ltr'>suspicione</span> <span class='ocrx_word' id='word_1_134' title='bbox 1755 1734 1827 1777; x_wconf 91' lang='lat' dir='ltr'>ac</span> <span class='ocrx_word' id='word_1_135' title='bbox 1866 1717 2118 1797; x_wconf 88' lang='lat' dir='ltr'>pertur-</span> 
     </span>
     <span class='ocr_line' id='line_1_19' title="bbox 62 1799 2118 1883; baseline -0.002 -16"><span class='ocrx_word' id='word_1_136' title='bbox 62 1801 358 1867; x_wconf 85' lang='lat' dir='ltr'>batione</span> <span class='ocrx_word' id='word_1_137' title='bbox 427 1799 836 1882; x_wconf 88' lang='lat' dir='ltr'>iudiciorum,</span> <span class='ocrx_word' id='word_1_138' title='bbox 899 1799 1337 1864; x_wconf 86' lang='lat' dir='ltr'>infirmatione</span> <span class='ocrx_word' id='word_1_139' title='bbox 1392 1821 1606 1864; x_wconf 86' lang='lat' dir='ltr'>rerum</span> <span class='ocrx_word' id='word_1_140' title='bbox 1660 1800 2118 1883; x_wconf 84' lang='lat' dir='ltr'>iudicatarum3</span> 
     </span>
     <span class='ocr_line' id='line_1_20' title="bbox 61 1887 2118 1974; baseline -0.001 -18"><span class='ocrx_word' id='word_1_141' title='bbox 61 1911 298 1956; x_wconf 83' lang='lat' dir='ltr'>novae</span> <span class='ocrx_word' id='word_1_142' title='bbox 356 1887 857 1971; x_wconf 86' lang='lat' dir='ltr'>dominationes,</span> <span class='ocrx_word' id='word_1_143' title='bbox 911 1887 1428 1954; x_wconf 89' lang='lat' dir='ltr'>extraordinaria</span> <span class='ocrx_word' id='word_1_144' title='bbox 1471 1910 1606 1954; x_wconf 93' lang='lat' dir='ltr'>non</span> <span class='ocrx_word' id='word_1_145' title='bbox 1648 1888 1951 1974; x_wconf 89' lang='lat' dir='ltr'>imperia,</span> <span class='ocrx_word' id='word_1_146' title='bbox 2006 1888 2118 1953; x_wconf 89' lang='lat' dir='ltr'>sed</span> 
     </span>
     <span class='ocr_line' id='line_1_21' title="bbox 31 1955 2198 2080; baseline -0.002 -36"><span class='ocrx_word' id='word_1_147' title='bbox 31 2001 294 2065; x_wconf 79' lang='lat' dir='ltr'>¹regna</span> <span class='ocrx_word' id='word_1_148' title='bbox 335 1979 575 2060; x_wconf 84' lang='lat' dir='ltr'>quaeri</span> <span class='ocrx_word' id='word_1_149' title='bbox 629 1978 1048 2059; x_wconf 86' lang='lat' dir='ltr'>putabantur.</span> <span class='ocrx_word' id='word_1_150' title='bbox 1139 1976 1319 2051; x_wconf 88' lang='lat' dir='ltr'>Quae</span> <span class='ocrx_word' id='word_1_151' title='bbox 1367 1999 1514 2041; x_wconf 91' lang='lat' dir='ltr'>cum</span> <span class='ocrx_word' id='word_1_152' title='bbox 1560 1998 1682 2062; x_wconf 88' lang='lat' dir='ltr'>ego</span> <span class='ocrx_word' id='word_1_153' title='bbox 1727 1998 1863 2041; x_wconf 93' lang='lat' dir='ltr'>non</span> <span class='ocrx_word' id='word_1_154' title='bbox 1908 1978 2116 2041; x_wconf 90' lang='lat' dir='ltr'>solum</span> <span class='ocrx_word' id='word_1_155' title='bbox 2153 1955 2198 2080; x_wconf 60' lang='grc' dir='ltr'>*ἓ</span> 
     </span>
     <span class='ocr_line' id='line_1_22' title="bbox 61 2065 2118 2151; baseline -0.002 -18"><span class='ocrx_word' id='word_1_156' title='bbox 61 2066 483 2151; x_wconf 87' lang='lat' dir='ltr'>suspicarer,</span> <span class='ocrx_word' id='word_1_157' title='bbox 538 2065 650 2129; x_wconf 92' lang='lat' dir='ltr'>sed</span> <span class='ocrx_word' id='word_1_158' title='bbox 702 2067 894 2149; x_wconf 91' lang='lat' dir='ltr'>plane</span> <span class='ocrx_word' id='word_1_159' title='bbox 949 2086 1275 2130; x_wconf 88' lang='lat' dir='ltr'>cernerem</span> <span class='ocrx_word' id='word_1_160' title='bbox 1328 2065 1563 2148; x_wconf 91' lang='lat' dir='ltr'>(neque</span> <span class='ocrx_word' id='word_1_161' title='bbox 1617 2065 1789 2129; x_wconf 93' lang='lat' dir='ltr'>enim</span> <span class='ocrx_word' id='word_1_162' title='bbox 1847 2065 2118 2129; x_wconf 88' lang='lat' dir='ltr'>obscure</span> 
     </span>
     <span class='ocr_line' id='line_1_23' title="bbox 61 2152 2118 2243; baseline -0.002 -22"><span class='ocrx_word' id='word_1_163' title='bbox 61 2156 548 2243; x_wconf 85' lang='lat' dir='ltr'>gerebantur),</span> <span class='ocrx_word' id='word_1_164' title='bbox 613 2153 745 2217; x_wconf 89' lang='lat' dir='ltr'>dixi</span> <span class='ocrx_word' id='word_1_165' title='bbox 809 2153 876 2216; x_wconf 92' lang='lat' dir='ltr'>in</span> <span class='ocrx_word' id='word_1_166' title='bbox 942 2158 1172 2219; x_wconf 87' lang='lat' dir='ltr'>senatu</span> <span class='ocrx_word' id='word_1_167' title='bbox 1237 2153 1307 2216; x_wconf 94' lang='lat' dir='ltr'>in</span> <span class='ocrx_word' id='word_1_168' title='bbox 1370 2152 1493 2217; x_wconf 88' lang='lat' dir='ltr'>hoc</span> <span class='ocrx_word' id='word_1_169' title='bbox 1559 2153 1951 2237; x_wconf 86' lang='lat' dir='ltr'>magistratu</span> <span class='ocrx_word' id='word_1_170' title='bbox 2016 2174 2118 2216; x_wconf 90' lang='lat' dir='ltr'>me</span> 
     </span>
     <span class='ocr_line' id='line_1_24' title="bbox 58 2238 2119 2330; baseline -0.002 -20"><span class='ocrx_word' id='word_1_171' title='bbox 58 2242 478 2330; x_wconf 87' lang='lat' dir='ltr'>popularem</span> <span class='ocrx_word' id='word_1_172' title='bbox 543 2241 872 2324; x_wconf 87' lang='lat' dir='ltr'>consulem</span> <span class='ocrx_word' id='word_1_173' title='bbox 935 2240 1249 2305; x_wconf 85' lang='lat' dir='ltr'>futurum.</span> <span class='ocrx_word' id='word_1_174' title='bbox 1343 2238 1511 2314; x_wconf 83' lang='lat' dir='ltr'>Quid</span> <span class='ocrx_word' id='word_1_175' title='bbox 1575 2243 1745 2304; x_wconf 92' lang='lat' dir='ltr'>enim</span> <span class='ocrx_word' id='word_1_176' title='bbox 1812 2244 1913 2305; x_wconf 90' lang='lat' dir='ltr'>est</span> <span class='ocrx_word' id='word_1_177' title='bbox 1980 2242 2119 2305; x_wconf 89' lang='lat' dir='ltr'>tam</span> 
     </span>
     <span class='ocr_line' id='line_1_25' title="bbox 56 2328 2121 2417; baseline -0.004 -18"><span class='ocrx_word' id='word_1_178' title='bbox 56 2331 408 2417; x_wconf 87' lang='lat' dir='ltr'>populare</span> <span class='ocrx_word' id='word_1_179' title='bbox 455 2351 650 2414; x_wconf 89' lang='lat' dir='ltr'>quam</span> <span class='ocrx_word' id='word_1_180' title='bbox 694 2330 866 2412; x_wconf 77' lang='lat' dir='ltr'>pax?</span> <span class='ocrx_word' id='word_1_181' title='bbox 914 2351 1042 2413; x_wconf 89' lang='lat' dir='ltr'>qua</span> <span class='ocrx_word' id='word_1_182' title='bbox 1085 2351 1220 2394; x_wconf 90' lang='lat' dir='ltr'>non</span> <span class='ocrx_word' id='word_1_183' title='bbox 1255 2329 1449 2393; x_wconf 88' lang='lat' dir='ltr'>modo</span> <span class='ocrx_word' id='word_1_184' title='bbox 1490 2328 1567 2413; x_wconf 90' lang='lat' dir='ltr'>ei,</span> <span class='ocrx_word' id='word_1_185' title='bbox 1612 2329 1847 2412; x_wconf 88' lang='lat' dir='ltr'>quibus</span> <span class='ocrx_word' id='word_1_186' title='bbox 1882 2332 2121 2393; x_wconf 86' lang='lat' dir='ltr'>natura</span> 
     </span>
     <span class='ocr_line' id='line_1_26' title="bbox 59 2416 2122 2501; baseline -0.003 -14"><span class='ocrx_word' id='word_1_187' title='bbox 59 2440 359 2487; x_wconf 86' lang='lat' dir='ltr'>sensum</span> <span class='ocrx_word' id='word_1_188' title='bbox 405 2417 598 2500; x_wconf 88' lang='lat' dir='ltr'>dedit,</span> <span class='ocrx_word' id='word_1_189' title='bbox 636 2416 748 2481; x_wconf 92' lang='lat' dir='ltr'>sed</span> <span class='ocrx_word' id='word_1_190' title='bbox 795 2417 993 2482; x_wconf 90' lang='lat' dir='ltr'>etiam</span> <span class='ocrx_word' id='word_1_191' title='bbox 1039 2420 1214 2482; x_wconf 88' lang='lat' dir='ltr'>tecta</span> <span class='ocrx_word' id='word_1_192' title='bbox 1269 2420 1466 2501; x_wconf 89' lang='lat' dir='ltr'>atque</span> <span class='ocrx_word' id='word_1_193' title='bbox 1504 2418 1650 2501; x_wconf 88' lang='lat' dir='ltr'>agri</span> <span class='ocrx_word' id='word_1_194' title='bbox 1684 2417 1850 2481; x_wconf 91' lang='lat' dir='ltr'>mihi</span> <span class='ocrx_word' id='word_1_195' title='bbox 1885 2417 2122 2481; x_wconf 87' lang='lat' dir='ltr'>lactari</span> 
     </span>
     <span class='ocr_line' id='line_1_27' title="bbox 55 2505 2118 2590; baseline -0.004 -12"><span class='ocrx_word' id='word_1_196' title='bbox 55 2510 413 2578; x_wconf 86' lang='lat' dir='ltr'>videntur.</span> <span class='ocrx_word' id='word_1_197' title='bbox 506 2505 673 2582; x_wconf 85' lang='lat' dir='ltr'>Quid</span> <span class='ocrx_word' id='word_1_198' title='bbox 728 2509 866 2569; x_wconf 91' lang='lat' dir='ltr'>tam</span> <span class='ocrx_word' id='word_1_199' title='bbox 918 2507 1234 2590; x_wconf 90' lang='lat' dir='ltr'>populare</span> <span class='ocrx_word' id='word_1_200' title='bbox 1292 2526 1486 2589; x_wconf 89' lang='lat' dir='ltr'>quam</span> <span class='ocrx_word' id='word_1_201' title='bbox 1542 2505 1862 2570; x_wconf 76' lang='lat' dir='ltr'>libertas?</span> <span class='ocrx_word' id='word_1_202' title='bbox 1924 2528 2118 2589; x_wconf 91' lang='lat' dir='ltr'>quam</span> 
     </span>
     <span class='ocr_line' id='line_1_28' title="bbox 52 2593 2119 2675; baseline -0.003 -10"><span class='ocrx_word' id='word_1_203' title='bbox 52 2620 220 2665; x_wconf 88' lang='lat' dir='ltr'>non</span> <span class='ocrx_word' id='word_1_204' title='bbox 279 2594 494 2659; x_wconf 90' lang='lat' dir='ltr'>solum</span> <span class='ocrx_word' id='word_1_205' title='bbox 552 2594 634 2658; x_wconf 90' lang='lat' dir='ltr'>ab</span> <span class='ocrx_word' id='word_1_206' title='bbox 680 2593 1081 2675; x_wconf 79' lang='lat' dir='ltr'>hominibuS,</span> <span class='ocrx_word' id='word_1_207' title='bbox 1137 2616 1362 2658; x_wconf 88' lang='lat' dir='ltr'>verum</span> <span class='ocrx_word' id='word_1_208' title='bbox 1409 2593 1608 2657; x_wconf 88' lang='lat' dir='ltr'>etiam</span> <span class='ocrx_word' id='word_1_209' title='bbox 1656 2616 1696 2657; x_wconf 90' lang='lat' dir='ltr'>a</span> <span class='ocrx_word' id='word_1_210' title='bbox 1741 2594 1968 2658; x_wconf 88' lang='lat' dir='ltr'>bestiis</span> <span class='ocrx_word' id='word_1_211' title='bbox 2016 2616 2119 2658; x_wconf 88' lang='lat' dir='ltr'>ex-</span> 
     </span>
     <span class='ocr_line' id='line_1_29' title="bbox 51 2680 2120 2775; baseline -0.002 -25"><span class='ocrx_word' id='word_1_212' title='bbox 51 2685 225 2775; x_wconf 89' lang='lat' dir='ltr'>peti</span> <span class='ocrx_word' id='word_1_213' title='bbox 273 2687 470 2767; x_wconf 89' lang='lat' dir='ltr'>atque</span> <span class='ocrx_word' id='word_1_214' title='bbox 518 2682 818 2746; x_wconf 87' lang='lat' dir='ltr'>omnibus</span> <span class='ocrx_word' id='word_1_215' title='bbox 864 2682 1056 2746; x_wconf 90' lang='lat' dir='ltr'>rebus</span> <span class='ocrx_word' id='word_1_216' title='bbox 1103 2682 1413 2767; x_wconf 86' lang='lat' dir='ltr'>anteponi</span> <span class='ocrx_word' id='word_1_217' title='bbox 1457 2681 1711 2747; x_wconf 76' lang='lat' dir='ltr'>videtis,</span> <span class='ocrx_word' id='word_1_218' title='bbox 1777 2680 1943 2756; x_wconf 83' lang='lat' dir='ltr'>Quid</span> <span class='ocrx_word' id='word_1_219' title='bbox 1980 2685 2120 2746; x_wconf 88' lang='lat' dir='ltr'>tam</span> 
     </span>
     <span class='ocr_line' id='line_1_30' title="bbox 51 2769 2121 2863; baseline -0.003 -23"><span class='ocrx_word' id='word_1_220' title='bbox 51 2772 410 2863; x_wconf 86' lang='lat' dir='ltr'>populare</span> <span class='ocrx_word' id='word_1_221' title='bbox 457 2792 652 2853; x_wconf 89' lang='lat' dir='ltr'>quam</span> <span class='ocrx_word' id='word_1_222' title='bbox 699 2770 954 2835; x_wconf 79' lang='lat' dir='ltr'>otium?</span> <span class='ocrx_word' id='word_1_223' title='bbox 1011 2771 1179 2853; x_wconf 89' lang='lat' dir='ltr'>quod</span> <span class='ocrx_word' id='word_1_224' title='bbox 1225 2771 1323 2834; x_wconf 90' lang='lat' dir='ltr'>ita</span> <span class='ocrx_word' id='word_1_225' title='bbox 1365 2769 1714 2834; x_wconf 90' lang='lat' dir='ltr'>iucundum</span> <span class='ocrx_word' id='word_1_226' title='bbox 1761 2773 1888 2853; x_wconf 89' lang='lat' dir='ltr'>cst,</span> <span class='ocrx_word' id='word_1_227' title='bbox 1933 2773 2008 2834; x_wconf 92' lang='lat' dir='ltr'>ut</span> <span class='ocrx_word' id='word_1_228' title='bbox 2054 2774 2121 2833; x_wconf 83' lang='lat' dir='ltr'>ct</span> 
     </span>
     <span class='ocr_line' id='line_1_31' title="bbox 52 2855 2120 2942; baseline -0.003 -14"><span class='ocrx_word' id='word_1_229' title='bbox 52 2885 202 2929; x_wconf 83' lang='lat' dir='ltr'>vos</span> <span class='ocrx_word' id='word_1_230' title='bbox 247 2863 318 2924; x_wconf 86' lang='lat' dir='ltr'>et</span> <span class='ocrx_word' id='word_1_231' title='bbox 356 2859 632 2923; x_wconf 89' lang='lat' dir='ltr'>maiores</span> <span class='ocrx_word' id='word_1_232' title='bbox 668 2858 874 2923; x_wconf 83' lang='lat' dir='ltr'>vestri</span> <span class='ocrx_word' id='word_1_233' title='bbox 900 2855 980 2897; x_wconf 69' lang='lat'>*²²²</span> <span class='ocrx_word' id='word_1_234' title='bbox 1010 2861 1076 2922; x_wconf 92' lang='lat' dir='ltr'>et</span> <span class='ocrx_word' id='word_1_235' title='bbox 1112 2857 1510 2922; x_wconf 87' lang='lat' dir='ltr'>fortissimus</span> <span class='ocrx_word' id='word_1_236' title='bbox 1550 2858 1823 2942; x_wconf 88' lang='lat' dir='ltr'>quisque</span> <span class='ocrx_word' id='word_1_237' title='bbox 1852 2858 1949 2922; x_wconf 88' lang='lat' dir='ltr'>vir</span> <span class='ocrx_word' id='word_1_238' title='bbox 1988 2880 2120 2921; x_wconf 91' lang='lat' dir='ltr'>ma-</span> 
     </span>
     <span class='ocr_line' id='line_1_32' title="bbox 49 2945 2119 3031; baseline -0.005 -12"><span class='ocrx_word' id='word_1_239' title='bbox 49 2955 304 3019; x_wconf 88' lang='lat' dir='ltr'>ximos</span> <span class='ocrx_word' id='word_1_240' title='bbox 353 2947 609 3011; x_wconf 89' lang='lat' dir='ltr'>labores</span> <span class='ocrx_word' id='word_1_241' title='bbox 649 2946 1092 3031; x_wconf 88' lang='lat' dir='ltr'>suscipiendos</span> <span class='ocrx_word' id='word_1_242' title='bbox 1130 2950 1335 3030; x_wconf 88' lang='lat' dir='ltr'>putet,</span> <span class='ocrx_word' id='word_1_243' title='bbox 1380 2950 1456 3010; x_wconf 89' lang='lat' dir='ltr'>ut</span> <span class='ocrx_word' id='word_1_244' title='bbox 1492 2946 1840 3031; x_wconf 88' lang='lat' dir='ltr'>aliquando</span> <span class='ocrx_word' id='word_1_245' title='bbox 1878 2946 1946 3009; x_wconf 93' lang='lat' dir='ltr'>in</span> <span class='ocrx_word' id='word_1_246' title='bbox 1983 2945 2119 3010; x_wconf 88' lang='lat' dir='ltr'>otio</span> 
     </span>
     <span class='ocr_line' id='line_1_33' title="bbox 48 3032 2122 3127; baseline -0.004 -23"><span class='ocrx_word' id='word_1_247' title='bbox 48 3038 306 3127; x_wconf 86' lang='lat' dir='ltr'>possit</span> <span class='ocrx_word' id='word_1_248' title='bbox 352 3056 512 3115; x_wconf 88' lang='lat' dir='ltr'>csse,</span> <span class='ocrx_word' id='word_1_249' title='bbox 557 3035 944 3120; x_wconf 88' lang='lat' dir='ltr'>praesertim</span> <span class='ocrx_word' id='word_1_250' title='bbox 990 3035 1058 3098; x_wconf 91' lang='lat' dir='ltr'>in</span> <span class='ocrx_word' id='word_1_251' title='bbox 1096 3035 1368 3119; x_wconf 90' lang='lat' dir='ltr'>imperio</span> <span class='ocrx_word' id='word_1_252' title='bbox 1418 3056 1494 3100; x_wconf 88' lang='lat' dir='ltr'>ac</span> <span class='ocrx_word' id='word_1_253' title='bbox 1538 3034 1876 3120; x_wconf 84' lang='lat' dir='ltr'>dignitate.</span> <span class='ocrx_word' id='word_1_254' title='bbox 1952 3032 2122 3108; x_wconf 89' lang='lat' dir='ltr'>Quin</span> 
     </span>
     <span class='ocr_line' id='line_1_34' title="bbox 45 3120 2121 3208; baseline -0.006 -13"><span class='ocrx_word' id='word_1_255' title='bbox 45 3127 334 3195; x_wconf 88' lang='lat' dir='ltr'>idcirco</span> <span class='ocrx_word' id='word_1_256' title='bbox 398 3123 601 3188; x_wconf 88' lang='lat' dir='ltr'>ctiam</span> <span class='ocrx_word' id='word_1_257' title='bbox 665 3124 1019 3188; x_wconf 88' lang='lat' dir='ltr'>maioribus</span> <span class='ocrx_word' id='word_1_258' title='bbox 1081 3124 1327 3187; x_wconf 91' lang='lat' dir='ltr'>nostris</span> <span class='ocrx_word' id='word_1_259' title='bbox 1390 3123 1807 3208; x_wconf 88' lang='lat' dir='ltr'>praecipuam</span> <span class='ocrx_word' id='word_1_260' title='bbox 1863 3120 2121 3185; x_wconf 91' lang='lat' dir='ltr'>laudem</span> 
     </span>
     <span class='ocr_line' id='line_1_35' title="bbox 49 3209 2121 3305; baseline -0.004 -25"><span class='ocrx_word' id='word_1_261' title='bbox 49 3213 508 3305; x_wconf 82' lang='lat' dir='ltr'>gratiamque</span> <span class='ocrx_word' id='word_1_262' title='bbox 556 3211 891 3293; x_wconf 89' lang='lat' dir='ltr'>debemus,</span> <span class='ocrx_word' id='word_1_263' title='bbox 948 3212 1120 3295; x_wconf 91' lang='lat' dir='ltr'>quod</span> <span class='ocrx_word' id='word_1_264' title='bbox 1168 3233 1393 3275; x_wconf 89' lang='lat' dir='ltr'>eorum</span> <span class='ocrx_word' id='word_1_265' title='bbox 1437 3212 1663 3275; x_wconf 91' lang='lat' dir='ltr'>labore</span> <span class='ocrx_word' id='word_1_266' title='bbox 1710 3213 1811 3275; x_wconf 90' lang='lat' dir='ltr'>est</span> <span class='ocrx_word' id='word_1_267' title='bbox 1855 3209 2121 3291; x_wconf 84' lang='lat' dir='ltr'>factum,</span> 
     </span>
     <span class='ocr_line' id='line_1_36' title="bbox 46 3297 2123 3385; baseline -0.005 -15"><span class='ocrx_word' id='word_1_268' title='bbox 46 3305 175 3373; x_wconf 84' lang='lat' dir='ltr'>uti</span> <span class='ocrx_word' id='word_1_269' title='bbox 236 3302 504 3385; x_wconf 85' lang='lat' dir='ltr'>impune</span> <span class='ocrx_word' id='word_1_270' title='bbox 548 3299 619 3362; x_wconf 91' lang='lat' dir='ltr'>in</span> <span class='ocrx_word' id='word_1_271' title='bbox 665 3300 801 3363; x_wconf 91' lang='lat' dir='ltr'>otio</span> <span class='ocrx_word' id='word_1_272' title='bbox 849 3321 991 3364; x_wconf 90' lang='lat' dir='ltr'>esse</span> <span class='ocrx_word' id='word_1_273' title='bbox 1035 3321 1395 3384; x_wconf 80' lang='lat' dir='ltr'>possemus,</span> <span class='ocrx_word' id='word_1_274' title='bbox 1460 3297 1670 3373; x_wconf 90' lang='lat' dir='ltr'>Quare</span> <span class='ocrx_word' id='word_1_275' title='bbox 1709 3298 1820 3381; x_wconf 89' lang='lat' dir='ltr'>qui</span> <span class='ocrx_word' id='word_1_276' title='bbox 1853 3318 2123 3381; x_wconf 92' lang='lat' dir='ltr'>possum</span> 
     </span>
     <span class='ocr_line' id='line_1_37' title="bbox 43 3384 2123 3471; baseline -0.006 -13"><span class='ocrx_word' id='word_1_277' title='bbox 43 3415 220 3461; x_wconf 86' lang='lat' dir='ltr'>non</span> <span class='ocrx_word' id='word_1_278' title='bbox 273 3410 416 3453; x_wconf 88' lang='lat' dir='ltr'>esse</span> <span class='ocrx_word' id='word_1_279' title='bbox 460 3387 812 3471; x_wconf 75' lang='lat' dir='ltr'>populariS,</span> <span class='ocrx_word' id='word_1_280' title='bbox 858 3410 1004 3453; x_wconf 92' lang='lat' dir='ltr'>cum</span> <span class='ocrx_word' id='word_1_281' title='bbox 1038 3388 1291 3452; x_wconf 88' lang='lat' dir='ltr'>videam</span> <span class='ocrx_word' id='word_1_282' title='bbox 1339 3387 1499 3451; x_wconf 87' lang='lat' dir='ltr'>haec</span> <span class='ocrx_word' id='word_1_283' title='bbox 1538 3385 1773 3468; x_wconf 89' lang='lat' dir='ltr'>omnia,</span> <span class='ocrx_word' id='word_1_284' title='bbox 1818 3384 2123 3467; x_wconf 87' lang='lat' dir='ltr'>Quirites,</span> 
     </span>
     <span class='ocr_line' id='line_1_38' title="bbox 43 3474 2123 3571; baseline -0.004 -27"><span class='ocrx_word' id='word_1_285' title='bbox 43 3500 322 3571; x_wconf 83' lang='lat' dir='ltr'>pacem</span> <span class='ocrx_word' id='word_1_286' title='bbox 369 3480 730 3561; x_wconf 88' lang='lat' dir='ltr'>externam,</span> <span class='ocrx_word' id='word_1_287' title='bbox 784 3476 1159 3541; x_wconf 86' lang='lat' dir='ltr'>libertatem</span> <span class='ocrx_word' id='word_1_288' title='bbox 1203 3474 1539 3559; x_wconf 88' lang='lat' dir='ltr'>propriam</span> <span class='ocrx_word' id='word_1_289' title='bbox 1586 3474 1837 3558; x_wconf 86' lang='lat' dir='ltr'>generis</span> <span class='ocrx_word' id='word_1_290' title='bbox 1886 3493 1962 3536; x_wconf 89' lang='lat' dir='ltr'>ac</span> <span class='ocrx_word' id='word_1_291' title='bbox 2006 3492 2123 3536; x_wconf 88' lang='lat' dir='ltr'>no-</span> 
     </span>
    </p>
   </div>
   <div class='ocr_carea' id='block_1_3' title="bbox 2121 3690 2142 3836">
    <p class='ocr_par' dir='ltr' id='par_1_3' title="bbox 2121 3690 2142 3836">
     <span class='ocr_line' id='line_1_39' title="bbox 2121 3690 2142 3836; baseline 0 -136"><span class='ocrx_word' id='word_1_292' title='bbox 2121 3690 2142 3836; x_wconf 53' lang='lat'>4²</span> 
     </span>
    </p>
   </div>
   <div class='ocr_carea' id='block_1_4' title="bbox 2414 0 2513 3597">
    <p class='ocr_par' dir='ltr' id='par_1_4' title="bbox 2414 0 2513 3597">
     <span class='ocr_line' id='line_1_40' title="bbox 2414 0 2513 3597; baseline 0 0"><span class='ocrx_word' id='word_1_293' title='bbox 2414 0 2513 3597; x_wconf 95' lang='lat' dir='ltr'> </span> 
     </span>
    </p>
   </div>
  </div>
 </body>
</html>
