2534 3875
191 869 255 917 21

197 2099 265 2148 22

219 3281 286 3328 23

299 176 428 239 108
833 172 976 227 PRO
1016 171 1081 225 A.
1122 170 1492 227 OLUENTIO
1532 170 1816 229 ORATIO.

296 319 514 403 Atque
578 322 652 383 ut
710 316 1116 402 intellegatis
1176 316 1257 381 iis
1320 320 1696 381 accusatum
1752 337 1893 380 esse
1953 315 2343 381 criminibus

297 407 757 492 Oppianicum,
821 410 896 469 ut
957 427 1166 488 neque
1223 408 1564 469 accusator
1626 406 1857 468 timere
1922 426 2131 488 neque
2186 426 2342 469 reus

298 516 560 579 sperare
627 494 949 592 debuerit,
1013 515 1221 577 pauca
1275 492 1464 557 vobis
1531 493 1713 557 illius
1778 492 1998 557 iudicii
2062 493 2345 557 crimina

298 605 652 667 exponam3
701 583 952 667 quibus
1029 581 1311 666 cognitis
1378 602 1571 646 nemo
1632 584 1923 645 vestrum
1990 582 2345 645 mirabitur

298 672 482 736 illum
539 671 948 736 diffidentem
1015 671 1210 733 rebus
1277 670 1411 734 suis
1468 670 1551 733 ad
1606 666 1941 733 Staienum
2000 673 2197 754 atque
2254 670 2341 734 ad
2378 688 2417 728 5

298 760 643 844 pecuniam
691 757 1081 843 confugisse.

432 847 706 912 Larinas
773 845 1092 929 quaedam
1155 845 1286 909 fuit
1347 845 1624 929 Dinaea,
1692 867 1913 911 socrus
1971 844 2346 931 Oppianici,

302 958 466 1019 quae
512 935 686 999 filios
733 934 968 998 habuit
1013 934 1098 998 M.
1139 938 1206 997 et
1249 931 1332 997 N.
1371 932 1612 999 Aurios
1660 939 1727 999 et
1774 934 1890 1000 On.
1924 932 2223 1020 Magium
2272 940 2345 999 et

295 1025 504 1089 filiam
549 1022 844 1107 Magiam
888 1026 1165 1107 nuptam
1222 1019 1599 1105 Oppianico.
1680 1022 1769 1087 M.
1816 1021 2059 1087 Aurius
2117 1023 2342 1087 adule-

300 1112 629 1176 scentulus
693 1111 871 1175 bello
925 1109 1160 1175 Italico
1227 1114 1458 1193 captus
1530 1110 1703 1213 apud
1755 1109 2072 1176 Asculum
2135 1112 2206 1175 in
2266 1112 2342 1187 Q.
2380 1130 2449 1170 16
2522 1138 2524 1161 ÷

300 1198 488 1283 Sergi
534 1199 896 1281 senatoris,
943 1199 1080 1263 eius
1129 1198 1242 1283 qui
1288 1200 1460 1264 inter
1506 1199 1775 1263 sicarios
1823 1199 2171 1264 damnatus
2219 1206 2347 1283 est,

299 1309 531 1352 manus
565 1286 796 1352 incidit
833 1290 900 1351 et
939 1286 1111 1372 apud
1149 1308 1297 1352 eum
1334 1288 1406 1350 in
1442 1287 1777 1373 ergastulo
1814 1287 1959 1351 fuit.
2015 1286 2094 1351 N.
2119 1291 2347 1352 autem

298 1376 539 1440 Aur1us
551 1426 567 1458 ‚
611 1375 817 1440 frater
865 1376 1023 1458 eiuS‚
1070 1378 1367 1440 mortuus
1415 1379 1517 1439 est
1560 1375 1991 1459 heredemque
2038 1364 2152 1441 Cn.
2198 1375 2347 1440 Ma-

302 1465 484 1550 gium
528 1464 804 1528 fratrem
849 1464 1136 1548 reliquit.
1199 1462 1441 1527 Postea
1484 1464 1721 1565 Magia,
1767 1486 1932 1528 uxor
1979 1462 2345 1548 Oppianici,

300 1556 562 1617 mortua
607 1556 726 1619 est.
780 1552 1142 1636 PostremO,
1177 1573 1345 1616 unus
1392 1553 1504 1635 qui
1539 1552 1827 1636 reliquus
1868 1555 2008 1615 erat
2046 1551 2342 1617 Dinaeae
2380 1571 2444 1613 15

299 1641 502 1723 filius,
577 1638 694 1705 Cn.
751 1641 1012 1727 Magius
1084 1644 1186 1705 est
1259 1644 1575 1705 mortuus,
1684 1638 1751 1704 Is
1814 1640 2119 1704 heredem
2184 1641 2349 1705 fecit

299 1729 489 1793 illum
546 1729 1025 1794 adulescentem
1084 1728 1546 1813 Oppianicum,
1608 1728 1850 1793 sororis
1906 1749 2063 1793 suae
2114 1728 2348 1811 filium,

303 1839 576 1901 eumque
613 1818 846 1902 partiri
883 1839 1027 1881 cum
1057 1815 1310 1881 Dinaea
1345 1819 1557 1881 matre
1594 1817 1803 1881 iussit.
1858 1814 2136 1879 Interim
2160 1818 2349 1882 venit

302 1906 494 1970 index
543 1905 624 1970 ad
661 1904 984 1970 Dinaeam
1030 1926 1238 1989 neque
1277 1904 1591 1971 obscurus
1628 1926 1837 1990 neque
1874 1905 2179 1984 incertuS,
2228 1906 2345 1989 qui

304 1994 637 2059 nuntiaret
683 1995 744 2059 ei
789 1994 1002 2058 filium
1047 1994 1205 2077 eiuS,
1249 1992 1338 2059 M.
1372 1994 1661 2078 Aurium,
1707 1995 1925 2058 vivere
1964 1997 2032 2058 et
2068 1995 2139 2057 in
2176 2015 2343 2080 agro
2380 2015 2444 2054 20

306 2082 559 2147 Gallico
608 2103 750 2146 esse
795 2082 863 2146 in
911 2082 1240 2146 servitute.
1312 2081 1567 2165 Mulier,
1614 2081 1874 2146 amissis
1921 2081 2147 2146 liberis
2195 2103 2344 2147 cum

304 2171 495 2234 unius
569 2169 976 2254 reciperandi
1038 2170 1160 2234 filii
1226 2191 1377 2254 spes
1444 2173 1617 2234 esset
1694 2173 2048 2249 ostentata,
2114 2191 2344 2236 omnes

306 2280 459 2324 suos
506 2260 910 2343 propinquos
956 2257 1204 2342 filiique
1251 2258 1353 2322 sui
1397 2260 1797 2323 necessarios
1846 2259 2227 2323 convocavit
2276 2263 2349 2323 et

305 2347 388 2411 ab
438 2347 529 2410 eis
577 2347 738 2410 fiens
787 2347 1049 2430 petivit,
1104 2350 1178 2410 ut
1241 2346 1584 2431 negotium
1638 2347 2067 2432 susciperent,
2124 2347 2348 2411 adule-
2523 2419 2524 2426 ἵ

306 2439 593 2499 scentem
656 2433 1158 2520 investigarent,
1225 2434 1352 2497 sibi
1416 2435 1837 2499 restituerent
1902 2456 2051 2499 eum
2115 2435 2346 2520 filium,
2378 2455 2443 2496 25
2522 2441 2524 2522 ζ

307 2545 498 2608 quem
559 2527 781 2586 tamen
836 2545 1038 2586 unum
1098 2543 1178 2586 ex
1233 2521 1460 2586 multis
1516 2521 1785 2587 fortuna
1830 2523 2154 2607 reliquum
2201 2544 2346 2588 esse
2523 2527 2524 2530 ’

304 2611 640 2676 voluisset.
759 2609 942 2675 Haec
1023 2631 1171 2674 cum
1247 2631 1441 2695 agere
1512 2610 1932 2694 instituisset,
2026 2633 2347 2695 oppressa

305 2699 535 2763 morbo
599 2701 715 2762 est.
807 2697 1040 2781 Itaque
1095 2700 1568 2763 testamentum
1620 2698 1779 2764 fecit
1824 2700 1961 2763 eius
2010 2699 2213 2782 modi,
2269 2703 2347 2764 ut

305 2787 408 2850 illi
461 2786 598 2849 filio
654 2785 766 2848 HS
815 2802 990 2850 cccc
1045 2785 1230 2848 milia
1288 2786 1567 2871 legaret,
1622 2787 1925 2851 heredem
1968 2787 2349 2851 institueret

308 2873 578 2938 eundem
632 2873 823 2936 illum
871 2873 1328 2958 Oppianicum,
1383 2878 1687 2960 nepotem
1746 2897 1961 2959 suum3
2018 2879 2231 2958 atque·
2261 2875 2344 2940 iis
2376 2895 2443 2936 30

309 2961 534 3024 diebus
582 2961 806 3043 paucis
846 2966 948 3025 est
985 2967 1258 3028 mortua.
1333 2963 1691 3046 Propinqui
1726 2967 1946 3028 tamen
1984 2963 2101 3045 illi,
2150 2985 2346 3047 quem

308 3049 390 3112 ad
451 3049 714 3113 modum
760 3049 912 3114 viva
957 3049 1210 3115 Dinaea
1264 3051 1713 3135 instituerant,
1770 3053 1867 3115 ita
1921 3056 2183 3116 mortua
2226 3052 2351 3117 illa

309 3137 390 3200 ad
446 3137 979 3222 investigandum
1025 3138 1112 3202 M.
1159 3138 1441 3204 Aurium
1498 3162 1643 3204 cum
1700 3139 1927 3204 eodem
1971 3140 2087 3204 1116
2134 3140 2348 3205 indice

230 3204 269 3266 8
307 3225 377 3288 111
423 3247 657 3311 agrum
697 3225 1022 3291 Gallicum
1068 3227 1347 3310 profecti
1384 3231 1553 3292 sunt.
1615 3227 1894 3291 Interim
1931 3227 2348 3313 OppianicuS,

309 3317 383 3376 ut
442 3317 610 3393 erat,
675 3314 869 3379 sicuti
925 3337 1003 3379 ex
1057 3316 1287 3379 multis
1345 3317 1541 3380 rebus
1597 3316 1931 3400 reperietis
1942 3367 1959 3400 ,
2026 3317 2438 3400 singularias

309 3402 549 3466 scelere
597 3406 664 3467 et
711 3404 1008 3487 audacia,
1058 3425 1176 3487 per
1223 3404 1545 3488 quendam
1593 3403 2023 3487 Gallicanum,
2069 3404 2348 3469 familia-

307 3510 446 3554 rem
501 3511 721 3575 suum,
785 3491 1069 3576 primum
1125 3491 1317 3555 illum
1373 3491 1651 3556 indicem
1710 3492 1985 3574 pecunia
2038 3494 2352 3578 corrupit,
