2534 3875
369 170 500 237 352
968 168 1110 225 PRO
1147 168 1207 223 P.
1248 167 1479 225 SULLA
1516 166 1784 222 ORATIO

369 339 516 381 cum
587 314 1042 380 infirmitatem
1115 312 1407 398 corporis
1472 313 1716 378 virtute
1780 313 1983 377 animi
2046 314 2423 397 superaret.

262 421 330 471 35
375 404 686 487 Videsne,
744 406 821 467 ut
865 402 1140 487 eripiam
1185 406 1253 465 te
1300 423 1380 466 ex
1425 401 1874 486 improborum
1922 401 2140 465 subita
2188 400 2425 485 gratia

373 497 439 559 et
494 491 906 557 reconciliem
963 490 1152 555 bonis
1209 490 1557 555 omnibus?
1616 489 1728 574 qui
1780 492 1847 554 te
1894 493 1962 555 et
2005 488 2294 574 diligunt
2342 492 2425 553 et

371 579 658 647 retinent
728 579 1228 662 retinebuntque
1302 598 1559 663 semper
1621 599 1767 663 nec,
1838 577 1899 642 si
1959 577 2131 642 forte
2196 598 2236 640 a
2302 599 2424 641 me

373 668 749 751 desciveris,
805 667 1046 733 idcirco
1101 671 1170 733 te
1225 690 1264 731 a
1320 688 1390 731 se
1444 671 1513 731 et
1566 689 1605 731 a
1657 687 1729 731 re
1783 666 2047 750 publica
2092 668 2159 730 et
2204 688 2243 730 a
2290 670 2425 729 tua
2452 682 2479 722 ⁵

373 758 694 845 dignitate
733 756 1002 821 deficere
1040 756 1392 841 patientur.
1460 752 1583 820 Sed
1620 756 1756 819 iam
1792 754 1985 819 redeo
2026 753 2107 819 ad
2136 775 2419 820 causam

371 850 568 931 atque
625 845 750 910 hoc
804 866 951 927 vos,
1002 844 1277 926 iudices,
1334 847 1567 909 testor:
1624 842 1791 907 Mihi
1846 842 1924 907 de
1970 845 2211 908 memet
2254 841 2419 927 ipso

368 939 507 999 tam
571 933 782 997 multa
837 932 1090 997 dicendi
1141 932 1499 997 necessitas
1557 931 1875 1016 quaedam
1930 931 2243 1016 imposita
2302 935 2420 995 cst

270 1102 274 1107 ι
371 1024 453 1088 ab
499 1022 638 1088 illo.
700 1019 891 1104 Nam,
937 1021 996 1085 si
1040 1020 1408 1105 Torquatus
1457 1019 1706 1085 Sullam
1754 1021 1965 1085 solum
2014 1022 2419 1103 accusasset,

370 1132 493 1197 ego
542 1131 798 1194 quoque
843 1108 970 1174 hoc
1013 1113 1310 1193 tempore
1356 1108 1522 1174 nihil
1560 1109 1736 1173 aliud
1774 1130 2035 1194 agerem
2070 1106 2201 1172 nisi
2237 1129 2417 1191 eum,
2450 1125 2499 1164 ιο

372 1200 484 1283 qui
545 1202 882 1263 accusatus
943 1201 1143 1282 essct,
1207 1198 1641 1281 defenderem3
1708 1196 1822 1261 sed
1881 1218 2028 1262 cum
2085 1196 2200 1260 ille
2260 1200 2417 1261 tota

371 1287 494 1351 illa
555 1286 848 1352 oratione
902 1285 973 1350 in
1027 1308 1130 1351 me
1185 1289 1359 1350 esset
1412 1287 1705 1351 invectus
1753 1288 1819 1349 et
1866 1307 2041 1368 cum,
2094 1287 2169 1348 ut
2215 1284 2415 1349 initio

373 1374 526 1458 dixi,
573 1373 1013 1439 defensionem
1059 1396 1272 1439 meam
1320 1374 1602 1459 spoliare
1641 1374 2031 1439 auctoritate
2066 1373 2415 1451 voluisset,

373 1463 632 1528 etiamsi
670 1484 853 1527 meus
890 1484 987 1527 me
1031 1462 1220 1528 dolor
1255 1462 1647 1547 respondere
1682 1483 1817 1527 non
1854 1465 2136 1547 cogeret,
2180 1465 2417 1533 tamen

268 1619 352 1683 13
371 1551 1631 1725 Ῥεῆᾼῖωὲἳιὲξΐὲςῧωῖθῃίἒῖἓᾏᾝῖῗα
1654 1550 2155 1703 Ηέἕίἷὲἔῗῗὲὲθ
2222 1566 2497 1703 dicits..1⁵

265 1696 334 1745 36
373 1727 532 1804 Quis
594 1728 839 1813 negat?
943 1727 1068 1793 Sed
1135 1727 1280 1813 lege
1347 1727 1657 1795 indicium
1712 1730 1779 1792 et
1833 1726 2007 1810 vide,
2071 1747 2266 1811 quem
2326 1726 2417 1790 ad

371 1817 636 1882 modum
691 1816 1065 1889 nominatus
1113 1816 1222 1883 sit.
1308 1815 1381 1881 L.
1428 1814 1727 1881 Cassium
1784 1814 2085 1880 dixerunt
2130 1836 2415 1879 comme·

371 1926 662 1971 morasse
699 1926 846 1970 cum
886 1905 1116 1970 ceteris
1156 1905 1553 1970 Autronium
1590 1925 1806 1970 secum
1844 1902 2074 1969 facere.
2131 1900 2415 1987 Quaem,

370 2016 528 2059 num
586 1993 835 2059 Sullam
892 1993 1127 2057 dixerit
1175 1991 1461 2059 Cassius.
1552 1992 1912 2078 Nusquam.
2002 1989 2157 2057 Sese
2216 1992 2413 2057 aiunt
2444 2010 2494 2050 20

374 2083 705 2166 quaesisse
750 2082 829 2146 de
876 2080 1132 2161 Cassio,
1180 2082 1336 2166 quid
1383 2080 1563 2146 Sulla
1612 2081 1898 2147 sentiret.
1981 2079 2219 2146 Videte
2265 2081 2415 2144 dili-

375 2171 664 2257 gentiam
711 2170 1081 2253 Gallorum3
1137 2170 1251 2254 qui
1314 2170 1517 2235 vitam
1577 2170 1913 2235 hominum
1972 2173 2413 2253 naturamque

371 2281 504 2324 non
540 2263 811 2324 nossent
849 2281 926 2324 ac
961 2263 1220 2323 tantum
1259 2258 1660 2323 audivissent
1698 2280 1809 2324 eos
1846 2259 1991 2342 pari
2030 2257 2413 2323 calamitate

375 2369 542 2432 esse,
600 2347 1087 2432 quaesiverunt,
1144 2351 1444 2412 essentne
1500 2347 1725 2412 eadem
1780 2348 2136 2412 voluntate.
2237 2343 2413 2421 Quid

373 2440 514 2500 tum
559 2434 870 2501 Cassius?
955 2434 1026 2500 Si
1079 2435 1523 2521 respondisset
1568 2434 1737 2499 idem
1786 2436 2027 2500 sentire
2073 2438 2142 2499 et
2188 2455 2415 2500 secum
2442 2451 2514 2519 25ι

373 2523 584 2587 facere
643 2521 919 2605 Sullam,
976 2527 1201 2587 tamen
1246 2523 1409 2588 mihi
1452 2545 1583 2588 non
1631 2523 1962 2589 videretur
2006 2523 2077 2588 in
2122 2522 2297 2588 hunc
2343 2523 2414 2587 id

375 2610 795 2676 criminosum
849 2633 991 2676 esse
1048 2612 1299 2675 debere.
1392 2610 1560 2687 Quid
1615 2612 1756 2676 ita?
1853 2611 2045 2695 Quia,
2102 2613 2217 2696 qui
2261 2612 2413 2677 bar·
2510 2605 2512 2635 ¹

373 2698 567 2762 baros
639 2697 937 2763 homines
1004 2699 1087 2764 ad
1149 2700 1402 2765 bellum
1464 2700 1859 2784 impelleret,
1932 2721 2065 2764 non
2129 2699 2415 2764 debebat
2508 2715 2510 2751 ¹

373 2785 662 2850 minuere
716 2785 981 2851 illorum
1030 2787 1465 2871 suspicionem
1510 2791 1577 2852 et
1623 2809 1905 2874 purgare
1952 2809 2091 2871 eos,
2146 2788 2225 2852 de
2273 2788 2414 2872 qui-
2506 2789 2508 2869 Ῑ

267 2889 334 2939 37
375 2874 498 2938 bus
557 2874 657 2938 illi
711 2873 958 2958 aliquid
1021 2875 1340 2958 suspicari
1390 2876 1781 2941 viderentur.
1872 2873 2026 2940 Non
2068 2876 2415 2961 respondit
2442 2891 2506 2985 3⁰1

375 2966 600 3028 tamen
662 2983 794 3026 una
847 2962 1058 3027 facere
1114 2961 1384 3029 Sullam.
1482 2963 1749 3028 Etenim
1804 2969 1979 3029 esset
2034 2964 2414 3048 absurdum,

376 3073 524 3116 cum
570 3054 820 3116 ceteros
859 3072 977 3116 sua
1016 3056 1248 3136 sponte
1286 3052 1709 3136 nominasset,
1756 3053 2155 3118 mentionem
2191 3051 2409 3118 facere
2500 3007 2504 3102 l

377 3139 596 3205 Sullae
649 3140 898 3204 nullam
951 3139 1080 3204 nisi
1135 3139 1542 3205 admonitum
1598 3145 1666 3205 et
1710 3141 2215 3226 interrogatum3
2279 3141 2413 3206 nisi

373 3227 546 3292 forte
601 3227 739 3293 veri
805 3227 1016 3292 simile
1082 3232 1183 3292 est
1235 3227 1308 3292 P.
1365 3227 1585 3293 Sullae
1650 3250 1892 3294 nomen
1953 3231 2024 3293 in
2086 3231 2412 3294 memoria

375 3314 605 3381 Cassio
660 3338 794 3380 non
847 3317 1067 3382 fuisse.
1169 3315 1238 3381 Si
1294 3317 1604 3382 nobilitas
1660 3317 1973 3399 hominiS,
2029 3318 2087 3382 si
2145 3318 2411 3383 adflicta

375 3403 658 3487 fortuna,
705 3404 764 3468 si
808 3404 1124 3490 reliquiae
1168 3404 1486 3487 pristinae
1535 3404 1879 3490 dignitatis
1916 3427 2047 3470 non
2086 3409 2227 3470 tam
2266 3406 2412 3470 illu·

379 3495 546 3556 stres
575 3491 871 3578 fuissent,
899 3497 1121 3558 tamen
1151 3491 1434 3557 Autroni
1463 3494 1993 3560 commemoratio
2024 3493 2412 3559 memoriam
