2534 3875
829 234 833 239 ,
876 175 1028 231 cAP.
1071 182 1213 231 2—4
1250 183 1283 243 ς
1320 182 1479 235 3—8.
2044 180 2175 244 377

128 324 320 407 patre
369 324 440 386 et
484 320 639 405 filio,
685 343 724 386 a
768 319 842 385 L.
872 318 1109 387 Crasso
1157 321 1515 406 colebatur,
1558 320 1869 389 Lucullos
1915 346 2071 391 vero
2110 330 2177 391 et
2258 356 2265 363 ·

127 410 430 475 Drusum
497 412 564 474 et
619 407 928 475 Octavios
993 415 1059 474 et
1113 406 1432 475 Catonem
1503 414 1570 475 et
1623 414 1838 477 totam
1893 411 2175 478 Horten-

131 499 386 564 siorum
443 496 710 563 domum
766 497 1131 564 devinctam
1187 498 1655 564 consuetudine
1712 521 1859 565 cum
1904 504 2177 586 teneret,

133 586 553 652 afficiebatur
627 606 882 651 summo
956 585 1233 671 honore,
1310 586 1485 672 quod
1550 608 1697 653 eum
1760 609 1896 653 non
1960 590 2173 655 solum

71 693 101 733 ⁵
132 675 466 759 colebant,
505 673 620 759 qui
653 674 901 759 aliquid
936 674 1268 759 percipere
1306 680 1505 759 atque
1545 675 1768 741 audire
1807 677 2178 761 studebant,

129 784 365 829 verum
421 762 624 828 etiam
681 762 740 826 si
794 760 908 846 qui
959 761 1132 828 forte
1178 762 1595 829 simulabant.
1687 762 1965 831 Interim
2010 767 2173 830 satis
2211 772 2257 837 4

129 852 340 938 longo
395 850 777 933 intervallo,
830 871 978 916 cum
1033 855 1209 915 esset
1254 873 1402 917 cum
1447 850 1535 917 M.
1580 849 1856 919 Lucullo
1902 854 1973 919 in
2019 852 2174 919 Sici-

129 940 297 1005 liam
360 939 694 1023 profectus
755 942 822 1003 et
882 960 1028 1004 cum
1090 961 1170 1003 ex
1224 961 1303 1004 ea
1356 939 1691 1024 provincia
1745 962 1893 1015 cum
1948 941 2175 1007 eodem

127 1028 413 1094 Lucullo
462 1026 814 1111 decederet,
857 1027 1039 1093 venit
1083 1026 1488 1094 Heracleam.
1581 1026 1759 1103 Quae
1806 1052 1954 1095 cum
2002 1035 2176 1097 esset

45 1135 102 1175 ιο
131 1116 372 1182 civitas
419 1114 814 1200 aequissimo
860 1115 999 1180 iure
1047 1136 1121 1180 ac
1166 1115 1444 1199 foedere,
1490 1116 1775 1183 adscribi
1816 1140 1887 1183 se
1922 1119 1993 1184 in
2030 1141 2174 1185 eam

130 1204 475 1271 civitatem
520 1203 732 1269 voluit
776 1202 1002 1289 idque,
1046 1224 1192 1269 cum
1236 1204 1378 1289 ipse
1423 1225 1540 1289 per
1586 1227 1655 1269 se
1702 1206 1937 1291 dignus
1984 1212 2175 1293 puta-

129 1296 336 1375 retur,
382 1296 525 1357 tum
572 1292 961 1357 auctoritate
1008 1295 1075 1357 et
1120 1296 1338 1376 gratia
1372 1290 1633 1357 Luculli
1678 1294 1764 1358 ab
1803 1293 2178 1362 Heraclien·

133 1382 324 1447 sibus
387 1380 785 1466 impetravit.
883 1380 1062 1445 Data
1127 1386 1227 1445 est
1291 1379 1520 1445 civitas
1588 1378 1838 1447 Silvani
1901 1384 2046 1469 lege
2111 1390 2178 1449 et
2214 1406 2245 1456 '2

132 1468 484 1535 Carbonis:
535 1466 608 1533 81
653 1486 774 1547 om
822 1485 1273 1535 FossnEBA‘ms
1320 1485 1762 1535 01v1‘m'rmus
1799 1488 2176 1537 ADSCRIPTI

45 1578 100 1617 15
131 1574 505 1641 Fulssmff‘r,
561 1574 625 1623 sl
681 1574 858 1641 TUM,
912 1573 1058 1622 cun
1113 1574 1252 1621 LEX
1306 1574 1747 1641 FEBEBATUR,
1807 1576 1882 1623 m
1925 1558 2177 1625 lnam

131 1663 572 1715 Domclmtm
645 1662 1079 1711 HABUISSENT
1151 1662 1240 1709 ΕΤ
1314 1661 1377 1711 sl
1452 1661 1852 1711 SEXAGINTA
1915 1664 2175 1714 manus

135 1753 324 1801 Arm>
375 1750 799 1801 ΡΒΑΕΤΟΒΕΜ
843 1750 1106 1801 ussum*
1154 1748 1502 1799 Pnosnssn
1594 1731 1759 1799 Cum
1805 1734 1913 1799 hic
1970 1735 2176 1800 domi-

135 1823 362 1889 cilium
417 1822 668 1887 Romae
725 1822 972 1887 multos
1029 1821 1162 1886 iam
1219 1842 1425 1887 annos
1482 1822 1778 1905 haberet,
1843 1822 2176 1907 professus

135 1915 241 1978 est
315 1910 489 1997 apud
560 1914 929 1997 praetorem
1005 1908 1076 1986 Q.
1141 1909 1507 1994 Metellum,
1591 1910 2175 1978 familiarissimum

47 2022 104 2062 20
137 2023 350 2066 suum.
417 1997 488 2064 Si
531 1999 699 2064 nihil
744 1999 922 2064 aliud
966 1999 1096 2064 nisi
1141 2001 1219 2064 de
1265 1999 1534 2065 civitate
1582 2021 1657 2064 ac
1702 2001 1847 2086 lege
1885 1999 2177 2087 dicimus,
2212 2024 2246 2074 a

132 2089 304 2154 nihil
352 2088 495 2154 dico
543 2088 850 2172 amplius3
897 2109 1093 2176 causa
1130 2088 1305 2153 dicta
1343 2092 1461 2152 est.
1526 2086 1695 2163 Quid
1732 2089 1903 2153 enim
1938 2089 2176 2155 horum

135 2176 484 2260 infirmari,
534 2175 781 2260 Gratti,
832 2177 1096 2262 potest?
1186 2175 1630 2241 Heracleaene
1676 2198 1818 2241 esse
1864 2199 2011 2242 eum
2064 2179 2176 2244 ad-

139 2267 459 2351 scriptum
511 2265 831 2351 negabis?
930 2263 1139 2329 Adest
1193 2265 1295 2330 vir
1348 2286 1606 2330 summa
1661 2266 2053 2331 auctoritate
2108 2271 2176 2332 et

135 2355 458 2440 religione
505 2357 573 2418 et
615 2353 762 2437 fide,
805 2351 892 2420 M.
919 2351 1256 2435 Lucullus;
1306 2354 1418 2437 qui
1462 2374 1533 2418 se
1569 2374 1705 2418 non
1742 2354 2017 2438 opinari,
2060 2356 2176 2421 sed

51 2462 108 2504 25
139 2443 332 2526 scire,
387 2463 521 2507 non
568 2440 920 2525 audivisse,
965 2441 1078 2505 sed
1123 2441 1390 2525 vidisse,
1432 2463 1567 2507 non
1611 2441 2014 2527 interfuisse,
2059 2444 2175 2510 sed

139 2525 352 2616 egisse
409 2529 584 2596 dicit.
665 2528 928 2594 Adsunt
971 2528 1429 2594 Heraclienses
1488 2530 1720 2615 legati,
1774 2531 2174 2598 nobilissimi

137 2620 464 2702 homines,
525 2617 719 2683 huius
783 2617 1005 2684 iudicii
1071 2639 1268 2683 causa
1321 2639 1469 2684 cum
1523 2617 1851 2684 mandatis
1904 2622 1971 2684 et
2026 2643 2174 2687 cum

135 2708 402 2791 publico
478 2706 855 2772 testimonio
927 2711 1272 2790 venerunt3
1346 2708 1459 2790 qui
1532 2707 1706 2772 hunc
1770 2707 2173 2793 adscriptum

137 2795 628 2862 Heracliensem
675 2794 916 2861 dicunt.
989 2793 1118 2860 Hie
1162 2798 1237 2860 tu
1283 2795 1547 2860 tabulas
1596 2795 1925 2862 desideras
1970 2796 2175 2864 Hera·

57 2903 112 2944 80
139 2884 484 2950 cliensium
541 2883 866 2968 publicas,
925 2903 1088 2967 quas
1141 2881 1378 2950 Italico
1434 2883 1610 2949 bello
1667 2885 1931 2950 incenso
1987 2887 2173 2952 tabu·

139 2973 308 3038 lario
363 2973 665 3036 interisse
719 2972 960 3037 scimus
1017 2972 1288 3036 omnes?
1362 2970 1489 3036 Est
1540 2971 1893 3039 ridiculum
1941 2973 2025 3038 ad
2076 2996 2173 3058 ea,

140 3081 308 3145 quae
343 3061 679 3144 habemus,
714 3059 883 3125 nihil
922 3059 1152 3144 dicere,
1190 3080 1520 3144 quaerere,
1556 3082 1720 3145 quae
1758 3060 2001 3127 habere
2038 3083 2174 3128 non

139 3170 510 3235 possumus,
556 3151 622 3214 et
669 3148 746 3213 de
791 3148 1128 3213 hominum
1174 3149 1491 3214 memoria
1525 3152 1759 3230 tacere,
1804 3149 2173 3216 litterarum

141 3237 524 3303 memoriam
577 3235 878 3322 flagitare
933 3241 1029 3320 et,
1091 3258 1242 3302 cum
1295 3237 1541 3301 habeas
1598 3236 1993 3321 amplissimi
2044 3237 2172 3304 viri

57 3343 112 3384 ³⁵
141 3325 548 3411 religionem,
594 3323 1000 3411 integerrimi
1045 3324 1377 3410 municipii
1422 3327 1523 3390 ius
1561 3323 1905 3389 iurandum
1948 3324 2173 3391 fidem·

146 3433 290 3498 que,
327 3435 424 3497 ea,
460 3435 624 3498 quae
661 3412 1002 3499 depravari
1034 3413 1220 3478 nullo
1259 3413 1454 3478 modo
1483 3415 1779 3498 possunt,
1812 3414 2174 3500 repudiare,

140 3502 437 3587 tabulas,
493 3522 654 3587 quas
699 3501 872 3566 idem
920 3500 1082 3567 dicis
1128 3503 1339 3568 solere
1386 3501 1743 3588 corrumpi,
1787 3501 2171 3568 desiderare.
