2534 3875
855 153 1006 212 cAP.
1048 159 1183 208 1-3
1222 157 1253 220 g
1296 160 1448 212 1-a
2053 159 2181 262 301

146 301 486 382 praestare
533 297 743 382 debet,
789 298 901 382 qui
948 319 1015 362 se
1052 319 1221 362 nexu
1260 298 1602 384 obligavit,
1647 299 1946 385 profecto
1985 301 2182 368 etiam

148 387 391 452 rectius
427 387 501 450 in
535 384 773 451 iudicio
812 386 1095 451 consulis
1135 385 1460 473 designati
1496 387 1553 451 is
1589 388 2006 472 potissimum
2034 411 2182 455 con·

150 475 280 558 sul,
336 475 447 561 qui
503 475 833 540 consulem
890 474 1276 559 declaravit,
1333 479 1562 541 auctor
1615 477 1910 542 beneficii
1955 479 2182 563 populi

148 561 431 628 Romani
477 562 903 646 defensorque
948 562 1218 645 periculi
1264 583 1406 628 esse
1455 563 1735 630 debebit.
1825 565 1922 630 Ac
1969 565 2051 648 si,
2106 570 2183 631 ut
2216 583 2252 634 4

94 665 123 706 ⁵
148 672 279 716 non
340 651 544 715 nullis
608 651 679 714 in
740 649 1117 715 civitatibus
1180 651 1327 715 fieri
1390 652 1586 735 solet,
1649 655 1964 737 patronus
2028 652 2180 718 huic

149 759 383 803 causae
436 737 697 824 publice
753 739 1287 822 constitueretur,
1340 739 1398 804 is
1455 740 1869 823 potissimum
1925 763 2178 807 summo

150 827 398 892 honore
464 825 717 892 adfecto
773 826 1074 891 defensor
1129 826 1421 909 daretur,
1486 827 1597 912 qui
1654 829 1878 894 eodem
1934 829 2179 895 honore

149 915 485 998 praeditus
520 935 655 979 non
693 915 908 979 minus
946 913 1230 980 adferret
1267 915 1349 980 ad
1387 915 1727 982 dicendum
1765 919 2178 984 auctoritatis

152 1023 347 1087 quam
402 1002 757 1068 facultatis.
847 1000 1094 1077 Quodsi
1146 1024 1179 1067 e
1229 1007 1426 1088 portu
1483 1005 1882 1070 solventibus
1937 1005 2012 1090 ii,
2067 1007 2179 1090 qui

71 1095 281 1155 1⁰iam
330 1091 401 1156 in
445 1095 705 1176 portum
755 1113 833 1155 ex
880 1091 1017 1155 alto
1055 1091 1468 1177 invehuntur,
1513 1093 1885 1178 praecipere
1923 1115 2176 1160 summo

152 1179 368 1244 studio
417 1179 632 1243 solent
675 1182 743 1242 et
784 1182 1252 1262 tempestatum
1299 1181 1621 1245 rationem
1669 1185 1734 1245 et
1777 1181 2179 1266 praedonum

150 1271 218 1331 et
270 1269 589 1350 locorum,
644 1267 817 1350 quod
870 1271 1109 1332 natura
1160 1267 1317 1351 fert,
1371 1272 1448 1332 ut
1503 1269 1594 1333 eis
1639 1268 2006 1354 faveamUS,
2067 1272 2179 1356 qui

150 1355 373 1420 eadem
432 1355 750 1440 pericula,
814 1354 1049 1438 quibus
1103 1377 1224 1420 nos
1281 1356 1603 1439 perfuncti
1660 1378 1880 1421 sumus
1891 1409 1908 1440 ,
1962 1358 2177 1445 ingre-

150 1443 439 1527 diantur,
504 1464 631 1526 quo
694 1443 957 1508 tandem
1022 1465 1124 1507 me
1182 1462 1324 1508 esse
1381 1445 1600 1508 animo
1657 1448 1919 1530 oportet
1972 1469 2176 1532 prope

70 1546 121 1587 15
148 1532 281 1596 iam
344 1553 425 1596 ex
480 1551 720 1618 magna
773 1530 1127 1596 iactatione
1180 1533 1426 1596 terram
1479 1530 1806 1597 videntem
1860 1533 1930 1597 in
1987 1534 2175 1619 hunc,

147 1620 253 1684 cui
323 1619 512 1685 video
597 1619 914 1683 maximas
996 1619 1093 1684 rei
1162 1619 1462 1703 publicae
1534 1623 1958 1705 tempestates
2033 1643 2176 1686 esse

149 1707 567 1772 subeundas?
669 1706 907 1788 Quare,
962 1708 1020 1772 si
1075 1710 1177 1771 est
1221 1707 1382 1771 boni
1436 1709 1720 1772 consulis
1775 1730 1907 1774 non
1966 1709 2175 1774 solum

146 1795 393 1880 videre,
466 1793 621 1880 quid
689 1799 951 1878 agatur,
1021 1816 1249 1860 verum
1318 1795 1515 1860 etiam
1578 1795 1946 1880 providere,
2021 1797 2174 1882 quid

148 1883 441 1949 futurum
518 1883 631 1961 sit,
704 1883 1043 1949 ostendam
1116 1883 1245 1949 alio
1315 1883 1487 1969 loco,
1562 1885 1878 1969 quantum
1945 1885 2174 1951 salutis

70 1988 123 2027 ²⁰
148 1972 509 2037 communis
545 1972 808 2037 intersit
843 1972 1003 2037 duos
1041 1973 1337 2037 consules
1376 1972 1446 2037 in
1472 1994 1542 2038 re
1571 1973 1833 2056 publica
1859 1971 2170 2039 Kalend-is

145 2060 469 2125 Ianuariis
515 2081 675 2125 esse.
737 2058 921 2135 Quod
970 2060 1026 2124 si
1071 2061 1169 2124 ita
1216 2064 1335 2145 est,
1379 2081 1511 2125 non
1555 2066 1691 2125 tam
1739 2084 1840 2125 me
1888 2062 2174 2127 officium
2211 2079 2244 2129 5

150 2148 373 2213 debuit
428 2147 510 2213 ad
564 2147 849 2213 hominis
906 2148 1096 2213 amici
1150 2148 1453 2213 fortunas
1510 2171 1703 2232 quam
1760 2170 1864 2215 res
1910 2150 2176 2235 publica

148 2238 483 2302 consulem
530 2236 613 2301 ad
657 2258 1059 2301 communem
1108 2236 1386 2301 salutem
1425 2236 1888 2302 defendendam
1925 2260 2174 2303 vocare.

148 2324 322 2390 Nam
380 2325 553 2410 quod
603 2325 817 2408 legem
871 2324 949 2389 de
1006 2325 1257 2389 ambitu
1313 2324 1464 2409 tuli,
1518 2328 1689 2390 certe
1744 2324 1840 2389 ita
1895 2326 2045 2409 tuli,
2098 2331 2175 2392 ut
2209 2329 2251 2393 3

67 2427 121 2469 2⁵
151 2436 311 2497 eam,
349 2434 547 2497 quam
583 2411 881 2477 mihimet
916 2413 1043 2496 ipsi
1079 2412 1211 2477 iam
1238 2412 1489 2497 pridem
1516 2413 1796 2477 tuleram
1827 2413 2173 2480 de‘civium

148 2500 453 2583 periculis
482 2499 912 2584 defendendis,
947 2522 1079 2566 non
1110 2501 1514 2587 abrogarem.
1576 2501 1858 2585 Etenim,
1897 2503 1953 2566 si
1979 2503 2174 2589 largi—

147 2589 395 2653 tionem
441 2587 687 2654 factam
723 2610 863 2653 esse
909 2589 1251 2655 confiterer
1296 2588 1488 2672 idque
1525 2592 1697 2653 recte
1741 2589 1988 2655 factum
2029 2612 2172 2657 esse

149 2676 577 2760 defenderem,
622 2676 901 2742 facerem
946 2677 1259 2761 improbe,
1307 2677 1564 2741 etiamsi
1612 2676 1778 2742 alius
1825 2678 2038 2763 legem
2075 2684 2171 2745 tu-

150 2766 360 2850 lisset3
416 2786 561 2830 eum
618 2786 771 2830 vero
825 2764 994 2830 nihil
1040 2766 1450 2830 commissum
1500 2768 1727 2831 contra
1773 2765 1986 2853 legem
2032 2790 2172 2833 esse

69 2869 123 2910 ³⁰
151 2852 511 2935 defendam,
549 2852 702 2937 quid
738 2858 856 2935 est,
895 2853 1064 2938 quod
1105 2875 1318 2918 meam
1347 2853 1787 2918 defensionem
1816 2855 1976 2920 latio
2004 2857 2170 2941 legis
2329 2923 2334 2929 ,

146 2940 503 3026 impediat?
565 2941 661 3006 At
692 2944 894 3026 negat
930 2962 1069 3005 esse
1107 2941 1393 3007 eiusdem
1423 2941 1786 3006 severitatis
1819 2940 2170 3009 Catilinam
2209 2961 2240 3009 6

150 3028 419 3093 exitium
483 3029 577 3093 rei
630 3029 929 3114 publicae
984 3028 1159 3094 intra
1212 3030 1470 3095 moenia
1524 3030 1898 3094 molientem
1955 3031 2170 3096 verbis

149 3121 218 3181 et
268 3138 475 3202 paene
528 3116 800 3200 imperio
857 3138 936 3181 ex
989 3118 1148 3181 urbe
1204 3117 1529 3201 expulisse
1585 3120 1651 3182 et
1703 3139 1872 3183 nunc
1925 3139 2042 3200 pro
2097 3117 2168 3184 L.

146 3203 419 3270 Murena
453 3204 707 3270 ‘dicere
808 3204 955 3290 Ego
1020 3208 1235 3271 autem
1303 3207 1420 3270 has
1489 3206 1696 3289 partis
1761 3205 2048 3271 lenitatis
2107 3211 2174 3272 et

67 3309 122 3351 οε
150 3292 649 3377 misericordiae,
696 3314 857 3378 quas
902 3314 1007 3357 me
1042 3298 1278 3358 natura
1312 3294 1458 3378 ipsa
1494 3292 1730 3377 docuit,
1777 3315 2031 3376 semper
2068 3296 2172 3379 egi

147 3380 449 3464 libenter,
492 3380 676 3446 illam
720 3402 875 3446 vero
914 3382 1257 3467 gravitatis
1297 3380 1789 3466 severitatisque
1824 3403 2171 3466 personam

148 3490 283 3535 non
329 3468 644 3554 appetivi,
690 3468 802 3535 sed
850 3469 929 3533 ab
976 3489 1046 3534 re
1090 3468 1357 3554 publica
1401 3469 1564 3535 mihi
1609 3470 1987 3557 impositam
2035 3492 2171 3535 sus-
