2534 3875
845 158 996 213 cAP.
1041 164 1096 226 1,
1135 164 1168 214 2
1207 165 1238 225 5
1272 165 1425 216 1-3.
2016 160 2149 226 375

253 305 320 371 Si
385 303 540 388 quid
595 307 697 368 est
751 305 821 368 in
875 325 979 368 me
1033 303 1307 389 ingenii,
1369 303 1640 388 iudices,
1706 305 1880 389 quod
1935 306 2147 372 sentio
2189 287 2229 350 l

126 416 318 479 quam
363 394 453 457 sit
500 393 830 477 exiguum,
887 397 1003 457 aut
1045 392 1105 456 si
1150 413 1281 476 qua
1327 392 1704 457 exercitatio
1752 393 2033 478 dicendi,
2076 394 2149 460 in
2188 365 2221 412 ι

122 506 248 567 qua
289 503 394 546 me
440 503 576 546 11011
617 479 867 545 infitior
912 479 1328 546 mediocriter
1366 501 1507 544 esse
1542 485 1893 566 versatum,
1938 486 2053 547 aut
2090 483 2151 548 si

121 571 382 636 huiusce
427 569 524 634 rei
569 569 739 634 ratio
789 567 1010 654 aliqua
1055 569 1139 634 ab
1187 569 1587 653 optimarum
1635 569 1875 634 artium
1914 569 2149 635 studiis

83 675 194 724 bac
265 657 606 742 disciplina.
668 656 991 741 profecta,
1056 679 1096 722 a
1157 679 1288 740 qua
1342 677 1466 742 ego
1520 656 1777 722 nullum
1832 657 2148 723 confiteor

121 747 351 812 aetatis
406 767 590 810 meae
643 748 903 829 tempus
960 745 1405 828 abhorruisse,
1462 767 1683 810 earum
1738 767 1959 810 rerum
2014 767 2147 811 om-

117 836 294 900 nium
340 833 445 900 vel
489 833 558 898 in
598 833 829 918 primis
875 833 982 897 hic
1025 831 1108 896 A.
1150 831 1437 898 Licinius
1482 832 1768 898 fructum
1814 856 1856 899 a
1900 855 2006 900 me
2050 855 2147 900 re-

116 927 334 1007 petere
379 943 584 1007 prope
632 943 749 986 suo
795 922 936 986 11110
981 921 1189 986 debet.
1261 919 1455 1004 Nam,
1500 922 1717 1005 quoad
1760 922 2146 1008 longissime

114 1014 332 1095 potest
367 1031 551 1074 mens
588 1031 736 1074 mea
767 1009 1088 1093 respicere
1127 1009 1413 1094 spatium
1452 1010 1795 1093 praeteriti
1829 1011 2147 1096 temporis

81 1101 183 1162 1οὲ
226 1099 541 1183 pueritiae
585 1097 966 1162 memoriam
1011 1096 1339 1162 recordari
1382 1097 1702 1182 ultimam,
1744 1097 1896 1164 inde
1939 1120 2145 1184 usque

112 1191 409 1270 repetens
444 1185 618 1250 hunc
655 1185 843 1250 video
881 1185 1045 1250 mihi
1071 1185 1435 1269 principem
1464 1189 1530 1250 et
1558 1185 1641 1250 ad
1669 1186 2144 1272 suscipiendam

112 1278 181 1338 et
245 1274 325 1339 ad
387 1276 456 1338 in
503 1273 874 1338 rediendam
938 1273 1258 1338 rationem
1322 1273 1557 1338 horum
1618 1274 1981 1340 studiorum
2038 1296 2143 1341 ex·

111 1363 343 1428 titisse.
443 1295 689 1438 8001131
751 1362 912 1426 haec
973 1383 1099 1426 vox
1161 1361 1355 1426 huius
1417 1362 1690 1427 hortatu
1752 1364 2145 1449 praeceptis-

113 1473 240 1534 que
275 1450 686 1516 conformata
719 1472 854 1515 non
889 1445 1087 1515 nullis
1127 1449 1481 1535 aliquando
1520 1450 1715 1516 saluti
1750 1449 1895 1535 fuit,
1937 1473 1978 1515 a
2014 1473 2143 1535 quo

79 1539 178 1603 ·id
237 1539 627 1623 accepimus,
683 1560 812 1622 quo
867 1538 1101 1602 ceteris
1162 1537 1475 1622 opitulari
1534 1543 1602 1603 et
1661 1539 1825 1603 alios
1883 1560 2143 1605 servare

105 1649 508 1711 possemuS,
535 1626 688 1691 huic
741 1624 1030 1708 profecto
1086 1626 1242 1710 ipsi,
1298 1630 1611 1710 quantum
1668 1630 1770 1691 est
1825 1626 2027 1692 situm
2072 1628 2143 1693 in

104 1715 328 1799 nobis,
395 1719 461 1780 et
525 1735 717 1798 opem
782 1717 849 1778 et
917 1714 1195 1778 salutem
1253 1713 1426 1778 ferre
1491 1714 1815 1780 debemus.
1906 1713 2007 1780 Ac
2057 1737 2141 1780 ne
2178 1733 2217 1782 2

107 1803 252 1886 quis
309 1766 355 1868 ²a
413 1803 604 1868 nobis
664 1803 790 1868 hoc
849 1803 946 1867 ita
1006 1801 1132 1867 dici
1189 1801 1361 1867 forte
1420 1803 1719 1904 miretur,
1780 1803 1952 1886 quod
2012 1803 2142 1868 alia

105 1890 428 1976 quaedam
483 1891 554 1955 in
605 1891 732 1957 hoc
783 1889 1065 1956 facultas
1122 1891 1210 1956 sit
1263 1889 1512 1975 ingenii
1564 1912 1773 1976 neque
1828 1890 1990 1957 haec
2048 1891 2141 1957 di-

102 1980 293 2045 cendi
347 1982 521 2045 ratio
576 1984 694 2044 aut
750 1979 1120 2064 disciplina,
1174 2001 1256 2043 110
1319 2001 1441 2044 1103
1507 1980 1765 2063 quidem
1820 1980 1972 2045 huic
2026 1980 2143 2045 11111

103 2068 326 2133 studio
370 2067 632 2153 penitus
679 2089 988 2152 umquam
1035 2067 1236 2133 dediti
1280 2068 1540 2133 fuimus.
1601 2067 1867 2132 Etenim
1914 2089 2142 2133 omnes

102 2161 298 2241 artes,
340 2178 506 2242 quae
533 2154 617 2220 ad
643 2156 1122 2221 humanitatem
1151 2155 1500 2241 pertinent,
1538 2156 1787 2221 habent
1813 2155 2137 2239 quoddam

99 2266 444 2312 commune
503 2244 790 2309 vinclum
846 2248 912 2308 et
967 2244 1155 2328 quasi
1199 2245 1589 2329 cognatione
1638 2243 1919 2327 quadam
1965 2245 2139 2309 inter

98 2354 170 2397 se
221 2333 658 2399 continentur.
724 2330 852 2397 Sed
894 2352 978 2397 ne
1025 2332 1126 2397 cui
1173 2335 1463 2396 vestrum
1510 2332 1749 2397 mirum
1787 2354 1929 2397 esse
1966 2333 2139 2398 vide·
2173 2312 2219 2377 2

97 2425 254 2485 atur
309 2442 414 2486 me
459 2420 529 2485 in
575 2420 955 2506 quaestione
1000 2419 1301 2505 legitima
1346 2424 1413 2484 et
1456 2421 1526 2485 in
1569 2420 1807 2485 iudicio
1853 2420 2137 2505 publico,
2174 2391 2209 2438 ³

93 2531 247 2574 cum
284 2529 390 2573 res
429 2512 665 2594 agatur
702 2508 873 2592 apud
907 2513 1279 2592 praetorem
1313 2508 1544 2593 populi
1579 2507 1883 2592 Romani,
1917 2508 2137 2574 lectis-

93 2598 341 2662 simum
388 2596 620 2680 virum,
665 2600 733 2661 et
770 2595 943 2680 apud
980 2596 1425 2661 severissimos
1462 2595 1724 2679 111111003,
1761 2600 1951 2662 tanto
1989 2619 2139 2662 con·

91 2688 302 2750 ventu
346 2684 686 2749 hominum
733 2705 810 2749 ac
855 2684 1222 2769 frequentia
1267 2684 1391 2749 hoc
1437 2685 1535 2749 uti
1582 2705 1815 2769 genere
1864 2684 2139 2769 dicendi,

92 2772 273 2857 quod
339 2795 472 2838 non
537 2772 731 2837 modo
797 2794 836 2837 a
901 2772 1364 2837 consuetudine
1428 2771 1843 2857 iudiciorum,
1908 2793 2137 2838 verum

89 2862 302 2927 etiam
357 2883 399 2926 a
449 2860 698 2926 forensi
753 2881 1048 2925 sermone
1105 2860 1483 2945 abhorreat,
1539 2882 1778 2947 quaeso
1834 2883 1875 2924 a
1930 2861 2137 2944 vobis,

85 2953 168 3014 ut
206 2949 279 3013 in
316 2949 443 3014 hac
479 2970 678 3013 causa
705 2948 868 3013 mihi
897 2948 1064 3013 detis
1093 2948 1262 3013 hanc
1291 2949 1547 3014 veniam
1577 2948 2137 3014 accommodatam

81 3037 244 3102 huic
305 3058 444 3121 reo,
498 3036 716 3120 vobis,
772 3057 961 3121 quem
1020 3035 1103 3100 ad
1157 3035 1425 3101 modum
1480 3058 1697 3121 spero,
1749 3058 1883 3101 non
1939 3035 2137 3100 mole—

85 3130 296 3208 stam,
359 3129 436 3189 ut
499 3146 603 3189 me
665 3146 787 3208 pro
861 3146 1114 3189 summo
1178 3129 1376 3209 poeta
1441 3128 1637 3209 atque
1692 3124 2133 3189 eruditissimo

83 3214 363 3279 homine
417 3213 739 3278 dicentem
794 3213 920 3277 hoc
974 3233 1294 3277 concursu
1346 3212 1685 3277 hominum
1731 3210 2137 3277 litteratissi-

85 3324 385 3385 morum,
430 3301 555 3366 hac
598 3304 822 3366 vestra
864 3300 1295 3384 humanitate,
1339 3300 1465 3365 hoc
1512 3300 1785 3383 denique
1830 3303 2135 3382 praetore

81 3393 434 3455 exercente
495 3389 805 3454 iudicium
865 3388 1213 3474 patiamini
1273 3387 1351 3452 de
1416 3387 1648 3452 studiis
1703 3387 2133 3452 humanitatis

79 3500 161 3543 ac
225 3478 603 3543 litterarum
669 3476 866 3563 paulo
927 3477 1108 3562 loqui
1168 3476 1441 3541 liberius
1502 3480 1568 3540 et
1626 3476 1696 3539 in
1758 3474 1894 3540 eius
1955 3476 2139 3542 modi
