2534 3875
846 161 1000 246 CAR
1040 167 1179 218 c-s
1218 168 1248 229 8
1291 167 1514 218 13—18.
2117 160 2206 228 23
2289 212 2296 222 .

138 303 411 370 Satisne
462 306 660 372 vobis
709 306 973 392 multOS,
1020 306 1183 372 satis
1230 306 1499 392 idoneos
1545 309 1750 372 testes
1799 310 1867 372 et
1912 306 2207 372 conscios

140 395 413 459 videtur
458 395 609 478 ipsa
652 395 919 461 fortuna
965 417 1106 461 esse
1151 395 1439 460 voluisse
1487 417 1710 459 earum
1756 416 1993 478 rerum,
2041 417 2207 480 quae

138 482 229 546 M.
272 482 567 549 Fonteio
624 489 927 568 praetore
986 487 1370 569 gererentur
1423 483 1493 548 in
1540 481 1801 548 Gallia?
1878 481 2082 558 Quem
2129 503 2207 548 ex

140 575 344 637 tanto
400 572 747 638 hominum
801 593 1073 638 numero
1129 576 1370 637 testem
1423 571 1493 636 in
1549 571 1673 636 hac
1719 593 1916 636 causa
1970 571 2207 657 produ-

92 678 118 718 5
144 681 295 726 cere
348 661 680 745 potestis?
729 660 872 745 quis
921 664 1022 726 est
1070 682 1148 726 ex
1195 682 1271 725 eo
1317 681 1616 742 numero,
1665 659 1777 744 qui
1822 659 2010 726 vobis
2059 681 2206 726 auc·

142 754 253 813 tor
317 748 627 832 placeat?
684 771 759 814 eo
814 772 934 816 nos
989 749 1123 814 iam
1177 748 1518 814 laudatore
1578 752 1645 812 et
1699 751 1868 812 teste
1929 751 2205 812 utemur.

144 839 233 917 [7]
286 835 711 902 Dubitabitis
751 838 949 903 etiam
994 836 1255 921 diutius,
1303 836 1567 918 iudiceS,
1615 835 1774 922 quin
1809 836 1994 920 illud,
2033 836 2205 920 quod
2247 849 2312 899 1¹1

140 925 348 990 initio
406 925 598 991 vobis
656 925 998 1012 proposui,
1054 925 1469 990 verissimum
1515 925 1632 1008 sit,
1687 924 1865 990 aliud
1920 946 2037 1008 per
2079 924 2206 990 hoc

140 1013 469 1078 iudicium
513 1013 682 1080 nihil
729 1014 866 1100 agi,
910 1014 1041 1078 nisi
1086 1017 1162 1079 ut
1206 1012 1294 1078 M.
1340 1011 1615 1078 Fonteio
1663 1034 1976 1098 oppresso
2027 1014 2206 1078 testi-

76 1123 121 1162 10
144 1102 399 1167 moniis
449 1124 703 1186 eorum,
758 1102 992 1187 quibus
1040 1101 1251 1167 multa
1297 1102 1394 1166 rei
1448 1101 1748 1186 publicae
1795 1123 1996 1167 causa
2039 1101 2204 1166 invi·

143 1190 437 1254 tissimis
474 1189 800 1275 imperata
837 1194 1006 1275 sunt,
1054 1190 1388 1276 segniores
1441 1189 1719 1275 posthac
1765 1189 1851 1254 ad
1884 1189 2206 1274 imperan-

146 1279 310 1344 dum
358 1279 563 1346 ceteri
609 1279 768 1363 sint,
822 1302 969 1344 cum
1015 1278 1294 1344 videatis
1342 1299 1453 1343 eos
1510 1299 1921 1363 oppugnare,
1967 1277 2203 1362 quibus

142 1371 203 1433 si
250 1369 588 1450 cessanti-3,
643 1367 873 1454 populi
928 1367 1211 1432 Romani
1263 1366 1614 1452 imperium
1677 1365 2006 1431 incolume
2061 1387 2204 1431 esse

146 1478 287 1522 non
334 1455 595 1540 possit?

75 1565 121 1605 ιε
298 1545 399 1626 [4]
468 1543 813 1610 Obiectum
872 1548 975 1610 est
1042 1544 1243 1609 etiam
1301 1548 1646 1627 quaestum
1711 1541 1799 1607 M.
1853 1541 2202 1608 Fonteium
2243 1543 2282 1607 8

148 1655 225 1698 ex
272 1632 535 1698 viarum
582 1633 945 1718 munitione
999 1631 1257 1714 fecisse,
1312 1635 1388 1696 ut
1443 1634 1558 1696 aut
1603 1652 1686 1694 ne
1744 1634 2008 1714 cogeret
2063 1652 2200 1694 mu·

145 1722 292 1786 nire
342 1725 459 1786 aut
504 1721 602 1804 id,
651 1721 824 1806 quod
870 1721 1197 1785 munitum
1244 1724 1444 1804 esset,
1488 1740 1570 1783 ne
1617 1718 2042 1801 improbaret.
2133 1716 2204 1782 Si

150 1815 214 1874 et
260 1809 475 1876 coacti
530 1815 684 1875 sunt
728 1809 982 1875 munire
1031 1830 1255 1874 omnes
1304 1812 1372 1872 et
1423 1808 1781 1872 multorum
1831 1828 2031 1891 opera
2086 1806 2204 1872 im·
2253 1871 2258 1876 .

148 1899 433 1983 probata
480 1903 652 1985 sunt,
696 1904 871 1965 certe
916 1901 1267 1982 utrumque
1318 1895 1559 1963 falsum
1607 1899 1726 1980 est,
1774 1898 1840 1960 et
1887 1895 1969 1962 ob
2017 1917 2203 1961 vaca·

80 2009 127 2047 ιο
149 1988 399 2053 tionem
428 1988 713 2073 pretium
736 1988 989 2071 datum,
1030 2010 1177 2053 cum
1205 1986 1515 2051 immunis
1544 2007 1735 2049 nemo
1767 1983 1983 2068 fuerit,
2021 1988 2088 2049 et
2117 1984 2201 2049 ob

150 2077 645 2161 probationem,
701 2098 850 2142 cum
898 2075 1108 2141 multa
1152 2074 1533 2159 improbata
1589 2075 1741 2139 sint.
1835 2074 1926 2155 [8]
1988 2072 2200 2148 Quid?
2245 2088 2311 2141 18

152 2165 209 2229 81
250 2165 380 2230 hoc
436 2165 683 2230 crimen
728 2164 999 2250 optimis
1051 2163 1428 2229 nominibus
1486 2161 1789 2247 delegare
1836 2183 2202 2245 possumne,

152 2257 218 2318 et
260 2254 386 2337 ita,
440 2275 576 2318 non
619 2257 695 2318 ut
742 2253 1003 2337 culpam
1048 2252 1119 2316 in
1167 2251 1334 2317 alios
1392 2249 1896 2333 transferamus,
1943 2248 2056 2313 sed
2101 2249 2202 2314 uti

154 2342 499 2408 doceamus
548 2363 658 2407 eos
705 2342 819 2406 isti
865 2341 1216 2405 munitioni
1261 2338 1650 2424 praefuisse,
1708 2338 1821 2422 qui
1865 2337 2058 2403 facile
2107 2336 2202 2402 of-

82 2448 129 2489 25
154 2430 373 2496 ficium
411 2452 602 2495 suum
642 2434 709 2496 et
748 2434 1088 2515 praestare
1134 2433 1202 2493 et
1238 2428 1519 2512 probare
1555 2429 1852 2512 possunt,
1895 2430 2202 2491 tamenne

152 2540 270 2585 vos
321 2519 545 2583 omnia
598 2519 669 2584 in
722 2517 809 2582 M.
854 2518 1199 2583 Fonteium
1257 2516 1447 2581 iratis
1501 2515 1784 2581 testibus
1839 2513 1996 2580 freti
2053 2536 2201 2579 con·

154 2606 418 2673 feretis?
493 2605 658 2672 Cum
697 2606 1055 2672 maioribus
1098 2605 1194 2670 rei
1237 2605 1541 2690 publicae
1587 2602 1871 2690 negotiis
1909 2602 1996 2669 M.
2033 2601 2201 2668 Fon-

154 2696 323 2761 teius
360 2694 804 2780 impediretur,
851 2698 917 2760 et
962 2718 1109 2759 cum
1148 2693 1231 2759 ad
1277 2715 1415 2758 rem
1462 2692 1794 2777 publicam
1839 2690 2203 2776 pertineret

155 2785 329 2850 viam
383 2782 747 2849 Domitiam
804 2783 1072 2865 muniri,
1126 2781 1366 2867 legatis
1426 2782 1587 2865 suis,
1641 2779 1974 2865 primariis
2021 2780 2201 2865 viris,

82 2890 133 2932 ⁸0
159 2871 225 2939 O.
261 2872 481 2937 Annio
523 2870 822 2937 Bellieno
872 2876 939 2937 et
985 2870 1052 2937 O.
1090 2870 1398 2953 Fontei0,
1438 2869 1782 2955 negotium
1829 2868 2034 2953 dedit3
2080 2870 2203 2933 ita·

158 2983 278 3045 que
313 2959 767 3046 praefuerunt3
804 2960 1294 3043 imperaverunt
1330 2980 1450 3042 pro
1491 2958 1812 3043 dignitate
1851 2978 1988 3039 sua,
2027 2957 2201 3041 quod

156 3051 365 3115 visum
422 3053 549 3132 est,
606 3051 673 3114 et
726 3048 1198 3132 probaverunt3
1274 3046 1446 3131 quod
1501 3068 1647 3129 vos,
1712 3045 1770 3110 si
1825 3046 2012 3111 nulla
2069 3044 2202 3109 alia

158 3160 235 3202 ex
276 3159 374 3221 re,
430 3159 509 3203 ex
569 3137 811 3202 litteris
874 3136 1135 3221 quidem
1188 3134 1466 3217 nostris,
1523 3155 1684 3218 quas
1747 3130 2202 3216 exscripsistis,

160 3230 231 3290 et
268 3225 489 3291 missis
528 3229 595 3291 et
640 3224 881 3289 adlatis
928 3227 1103 3289 certe
1152 3224 1319 3288 scire
1367 3222 1698 3309 potuistis.
1782 3218 1956 3296 Quas
1997 3218 2054 3283 si
2092 3240 2202 3284 an·

86 3332 135 3373 ⁸⁵
161 3321 265 3381 tea
296 3336 433 3380 non
467 3313 745 3400 legistis,
790 3334 965 3379 nunc
1003 3334 1079 3377 ex
1114 3311 1329 3394 nobis,
1377 3311 1530 3397 quid
1569 3310 1648 3375 de
1684 3308 1765 3373 iis
1803 3309 1998 3372 rebus
2036 3304 2203 3373 Fon-

158 3402 323 3467 teius
370 3403 454 3468 ad
500 3402 756 3488 legatos
804 3422 958 3467 suos
1006 3400 1370 3485 scripserit,
1427 3398 1582 3485 quid
1630 3397 1713 3461 ad
1761 3416 1909 3459 eum
1955 3393 2055 3459 illi
2100 3414 2204 3459 re·

160 3492 566 3576 scripserint,
630 3490 1023 3578 cognoscite.
1143 3488 1217 3553 L.
1261 3506 1336 3553 m.
1392 3504 1488 3551 AD
1547 3484 1616 3551 O.
1673 3483 1969 3547 Annum
2022 3496 2206 3563 nno„
