2534 3875
561 877 704 998 M.
761 925 1049 998 TULLI
1105 924 1599 1000 CICERONIS

94 1089 238 1173 DE
283 1089 576 1174 DOMO
627 1087 828 1175 SUA
877 1089 1024 1175 AD
1061 1089 1674 1177 PONTIFICES
1712 1089 2119 1176 ORATIO.

802 1368 1395 1430 ARGUMENTUM.

236 1484 546 1552 Postquam
571 1481 647 1539 M.
670 1483 871 1540 Cicero
907 1486 1042 1554 post
1078 1483 1389 1540 discessum
1427 1502 1589 1540 suum
1614 1486 1911 1556 pristinam
1940 1486 2121 1556 digni-

93 1557 275 1610 tatem
327 1555 646 1624 receperat,
718 1554 968 1609 nondum
1017 1558 1212 1610 tamen
1265 1556 1387 1626 ipse
1440 1557 1548 1611 sibi
1602 1558 1771 1627 plane
1824 1557 2121 1612 restitutus

93 1626 416 1691 videbatur,
453 1625 564 1681 nisi
603 1625 778 1680 etiam
816 1625 1016 1680 domus
1053 1625 1113 1680 in
1149 1625 1399 1693 Palatio,
1439 1643 1584 1695 quae
1618 1627 1679 1682 in
1716 1628 1834 1684 eius
1871 1629 2121 1684 discessu

95 1712 130 1750 a
173 1698 234 1753 P.
276 1695 473 1750 Clodio
528 1694 587 1750 vi
643 1695 854 1750 coactis
899 1697 1220 1751 hominibus
1269 1697 1459 1752 deleta
1505 1700 1563 1752 et
1607 1697 1884 1754 Liber-tati
1928 1714 2120 1754 conse-

95 1769 252 1822 crata
290 1769 437 1833 erat,
474 1764 868 1822 restitueretur
904 1773 977 1833 (v.
1009 1766 1171 1836 epist.
1213 1768 1301 1822 ad.
1340 1767 1472 1822 fam.
1512 1769 1641 1824 XIV
1679 1777 1727 1825 2.
1768 1773 1846 1839 3).
1922 1769 2121 1837 Itaque

93 1854 206 1892 non
243 1836 470 1891 destitit
507 1853 542 1891 a
579 1840 778 1892 senatu
813 1837 1102 1906 flagitare,
1148 1841 1212 1892 ut
1249 1839 1361 1893 ista
1397 1838 1745 1894 consecratio
1783 1856 1949 1895 areae
1987 1855 2122 1894 suae

91 1908 389 1963 tolleretur
435 1907 654 1976 sibique
703 1907 898 1963 domus
936 1908 1343 1964 restitueretur.
1419 1909 1469 1963 A
1507 1911 1709 1965 senatu
1746 1925 1835 1965 res
1873 1912 2000 1966 erat
2032 1927 2120 1965 re-

91 1982 246 2034 iecta
297 1979 370 2033 ad
414 1979 734 2048 pontifices,
793 1979 946 2049 apud
991 1996 1132 2049 quos
1178 1996 1299 2035 rem
1346 1997 1504 2035 suam
1550 1982 1735 2036 oravit
1776 1982 1851 2035 M.
1900 1982 2121 2037 Tullius

133 2050 280 2105 ridie
316 2050 603 2104 Kalendas
643 2050 916 2105 Octobres
955 2066 1102 2105 anno
1137 2070 1192 2106 u.
1231 2067 1277 2105 c.
1318 2058 1420 2106 697
1460 2058 1532 2119 (v.
1560 2052 1726 2122 epist.
1756 2052 1831 2107 ad
1866 2052 2120 2107 Atticum

121 2121 171 2173 V
210 2128 260 2175 2.
300 2126 363 2187 2,
408 2121 518 2175 Pis.
559 2126 643 2175 22.
687 2126 781 2189 52,
829 2121 982 2177 Cass.
1019 2120 1144 2176 Dio.
1184 2121 1420 2176 XXXIX
1460 2124 1575 2192 11),
1623 2124 1683 2177 et
1728 2139 1855 2177 cum
1892 2122 2015 2193 ipse
2053 2138 2121 2178 eo

94 2191 186 2245 die
237 2208 456 2246 summa
491 2190 852 2247 contentione
891 2190 1128 2247 dixisset
1163 2193 1397 2261 eiusque
1435 2209 1653 2246 summa
1688 2196 1809 2248 arte
1844 2194 2124 2249 meditata

94 2262 278 2317 oratio
327 2261 555 2330 fuisset,
600 2264 804 2331 postea
849 2264 1162 2318 orationem
1199 2263 1377 2319 etiam
1414 2263 1791 2334 conscriptam
1828 2264 2009 2319 edidit
2045 2268 2119 2335 (v.

93 2334 256 2402 epist.
299 2334 371 2387 ad
407 2332 525 2388 Att.
566 2332 603 2387 l.
635 2335 722 2402 c.).
791 2332 970 2398 Quam
1008 2335 1079 2388 ob
1116 2350 1236 2389 rem
1274 2333 1526 2389 dubitari
1559 2334 1729 2404 plane
1764 2352 1879 2389 non
1954 2336 2121 2402 otest,

92 2404 230 2472 quin
272 2404 413 2458 haec
431 2446 446 2472 ,
494 2420 637 2473 quae
681 2403 830 2459 infra
873 2405 1108 2473 legitur,
1155 2406 1363 2473 oratic,
1410 2403 1471 2457 id
1516 2404 1667 2473 quod
1714 2408 1773 2460 et
1816 2423 1911 2459 mu
1935 2407 2121 2461 torum

91 2476 590 2544 grammaticorum
646 2474 759 2529 loci
814 2476 1096 2530 testantur
1141 2476 1200 2530 et
1244 2477 1372 2544 ipsa
1418 2474 1671 2544 loquitur
1718 2476 1899 2531 oratio
1950 2477 2122 2547 plane

92 2544 358 2601 Tulliano
395 2562 549 2601 more
587 2545 868 2615 modoque
907 2547 1239 2615 conscripta,
1275 2546 1457 2615 'ipsius
1488 2544 1773 2601 Ciceronis
1802 2548 1878 2601 sit
1906 2551 1965 2601 et
1990 2564 2120 2615 non,

91 2619 156 2670 ut
195 2632 256 2671 ar
335 2615 451 2671 tius
489 2632 658 2685 quam
686 2618 870 2671 verius
909 2618 1064 2671 acuti
1099 2616 1186 2672 illi
1223 2616 1453 2685 quidem
1482 2616 1756 2686 homines,
1795 2618 1894 2673 sed
1921 2634 2120 2688 parum

91 2634 435 2742 consiffgrati
471 2686 898 2755 contenderunt,
939 2688 1174 2742 alicuius
1213 2687 1611 2743 declamatoris
1650 2689 1903 2743 subiecta
1932 2705 2119 2759 opera.

88 2756 304 2812 Notum
341 2759 531 2812 autem
569 2760 656 2811 est
689 2758 989 2827 pontifices
1025 2757 1211 2827 magis
1241 2758 1551 2813 secundum
1579 2758 1903 2815 Ciceronem
1934 2760 2123 2815 decre-

89 2828 241 2883 visse
311 2827 474 2897 eique
543 2827 870 2897 pontificum
926 2829 1264 2885 auctoritate
1322 2828 1497 2883 etiam
1552 2846 1587 2884 a
1642 2831 1840 2884 senatu
1896 2829 2121 2885 domum

87 2901 294 2967 postea
327 2900 651 2953 restitutam
688 2914 810 2954 esse
850 2902 922 2970 (v.
963 2901 1125 2969 epist.
1165 2900 1239 2954 ad
1276 2901 1529 2955 Atticum
1565 2898 1645 2955 IV
1682 2907 1730 2956 2.
1771 2908 1803 2956 3
1842 2903 2003 2971 sqq.).

228 3218 390 3286 Cum
424 3220 633 3285 multa
663 3219 992 3303 divinituS‚
1027 3222 1389 3307 pontificeS,
1428 3244 1467 3285 a
1493 3220 1848 3285 maioribus
1874 3220 2119 3285 nostris

86 3308 362 3373 inventa
429 3312 622 3393 atque
684 3308 990 3373 instituta
1045 3314 1224 3392 sunt,
1287 3312 1432 3374 tum
1485 3308 1653 3372 nihil
1708 3306 2159 3392 praeclariu8,'

89 3419 292 3480 quam
360 3397 529 3481 quod
587 3395 848 3462 eosdem
909 3402 975 3462 et
1033 3397 1462 3482 religionibus
1523 3396 1794 3462 'deorum
1859 3394 2122 3463 immor-

87 3486 327 3551 talium
393 3489 460 3549 et
528 3507 819 3551 summae
883 3486 977 3550 rei
1040 3484 1340 3570 publicae
1405 3505 1703 3569 praeesse
1756 3485 2121 3570 voluerunt,
