2534 3875
1 0 8 63 J

2 262 4 306 Ι
738 210 744 215 ·
807 201 960 257 CAP.
999 210 1210 258 28—-30
1247 210 1279 269 ς
1317 209 1571 287 77—82„
2080 205 2207 269 217

2 309 4 339 Ι
178 348 518 433 pecuniae,
574 346 753 432 pacis
802 352 1282 430 ornamentum,
1338 347 1700 413 subsidium
1744 348 1929 432 belli,
1982 348 2210 414 funda-

182 440 472 501 mentum
545 435 994 521 vectigalium,
1077 436 1384 501 horreum
1456 436 1815 522 legionum,
1898 437 2210 502 solacium

183 545 478 589 annonae
524 523 837 606 disperire
883 523 1266 608 patiemini?
1358 522 1466 589 An
1512 524 1703 589 obliti
1750 524 1927 609 estis,
1975 524 2208 612 Italico

184 613 358 677 bello
416 611 678 677 amissis
735 612 965 677 ceteris
1010 612 1445 697 vectigalibus
1502 617 1778 697 quantos
1834 613 1977 698 agri
2023 610 2209 678 Cam-

2 774 4 777 ,
129 716 156 757 ⁶
176 700 339 793 ‘pani
384 699 706 765 fructibus
755 700 1070 765 exercitus
1119 700 1456 765 alueritis‘?
1502 723 1585 765 an
1628 701 1951 787 ignoratis
1981 705 2211 776 ,cetera

183 788 302 853 illa
347 788 699 874 magnifica
743 789 970 872 populi
1009 787 1289 854 Romani
1334 789 1680 874 vectigalia
1724 789 1971 874 perlevi
2018 812 2209 874 saepe

183 880 514 942 momento
543 876 845 942 fortunae
871 876 1292 942 inclinatione
1318 878 1636 963 temporis
1666 879 1993 962 pendere?
2040 876 2208 953 Quid

181 987 302 1030 nos
347 963 548 1030 Asiae
604 968 862 1049 portus,
920 964 1074 1048 quid
1127 966 1475 1049 scriptura,
1532 966 1687 1051 quid
1735 966 1955 1031 omnia
2000 970 2209 1031 trans-

185 1054 438 1119 marina
475 1053 822 1137 vectigalia
855 1053 1173 1118 iuvabunt
1208 1054 1595 1119 tenuissima
1632 1055 1999 1140 suspicione
2027 1076 2209 1139 prae—-

105 1158 157 1198 1⁰
185 1141 426 1207 donum
474 1145 586 1206 aut
631 1142 921 1205 hostium
964 1140 1276 1206 iniecta?
1320 1141 1413 1206 At
1457 1163 1611 1208 vero
1656 1142 1781 1208 hoc
1828 1144 1974 1229 agri
2021 1142 2207 1207 Cam·
2247 1158 2314 1208 81

187 1230 341 1315 pani
386 1229 673 1315 vectigal
731 1252 877 1294 cum
933 1230 1070 1293 eius
1126 1229 1305 1295 modi
1359 1230 1468 1315 sit,
1522 1234 1597 1296 ut
1640 1234 1856 1296 tutum
1904 1231 2079 1296 domi
2124 1231 2213 1296 sit

188 1322 252 1383 et
307 1318 610 1383 omnibus
668 1317 1006 1401 praesidiis
1053 1317 1437 1402 oppidorum
1482 1322 1772 1403 tegatur,
1828 1323 1968 1383 tum
2004 1341 2211 1403 neque

186 1405 377 1472 bellis
422 1405 734 1470 infestum
779 1427 898 1470 nec
931 1404 1252 1470 fructibus
1289 1406 1544 1471 varium
1581 1428 1701 1471 nec
1736 1408 1915 1472 caelo
1954 1429 2029 1472 ac
2066 1408 2209 1473 loco

187 1494 640 1560 calamitosum
705 1515 845 1559 esse
910 1495 1096 1559 solet.
1194 1493 1474 1559 Maiores
1538 1495 1750 1559 nostri
1802 1517 1936 1560 non
1998 1496 2212 1560 solum

107 1598 157 1639 1⁵
185 1584 282 1667 id,
345 1582 519 1665 quod
581 1584 654 1647 de
719 1580 1068 1665 Campanis
1133 1586 1463 1666 ceperant,
1526 1603 1659 1647 non
1728 1582 2212 1665 imminuerunt,

187 1692 411 1737 verum
448 1671 666 1753 etiam,
712 1670 885 1753 quod
922 1670 982 1735 ei
1017 1671 1347 1753 tenebant,
1393 1671 1627 1754 quibus
1667 1669 1865 1735 adimi
1900 1671 2041 1735 iure
2075 1692 2209 1735 non

185 1762 471 1844 poterat,
532 1762 922 1829 coemerunt.
1013 1756 1155 1833 Qua
1209 1758 1287 1822 de
1342 1780 1538 1823 causa
1580 1780 1699 1823 nec
1746 1758 1871 1823 duo
1919 1757 2213 1839 Gracchi,

188 1847 298 1931 qui
363 1846 443 1911 de
496 1847 708 1930 plebis
763 1846 1096 1911 Romanae
1153 1846 1508 1911 commodis
1564 1846 1916 1931 plurimum
1972 1847 2212 1931 cogita-

186 1939 444 2020 verunt,
496 1958 614 2000 nec
671 1933 743 2000 L.
790 1932 1000 2018 Sulla,
1057 1937 1168 2020 qui
1221 1934 1441 2000 omnia
1496 1934 1635 2000 sine
1689 1937 1827 2000 ulla
1881 1934 2212 2020 religione,

106 2041 163 2080 20
189 2024 423 2108 quibus
469 2023 696 2106 voluit,
742 2027 842 2088 est
888 2022 1252 2109 dilargituS,
1300 2030 1531 2108 agrum
1569 2023 1972 2108 Campanum
2018 2024 2211 2088 attin·
2279 2021 2285 2026 ⁷

187 2134 339 2198 gere
396 2133 592 2176 ausus
648 2115 776 2194 est3
828 2111 1062 2176 Rullus
1111 2112 1356 2196 extitit,
1402 2112 1515 2196 qui
1560 2133 1638 2176 ex
1684 2134 1761 2177 ea
1805 2112 2213 2196 possessione

187 2223 324 2266 rem
390 2199 721 2284 publicam
785 2199 1181 2284 demoveret,
1255 2221 1333 2265 ex
1398 2222 1527 2284 qua
1588 2222 1709 2265 nec
1773 2198 2213 2265 Gracchorum

185 2287 559 2373 benignitas
602 2309 743 2352 eam
779 2309 900 2352 nec
936 2285 1156 2352 Sullae
1194 2288 1551 2353 dominatio
1590 2288 1941 2353 deiecisset.
2006 2286 2211 2363 Quem
2233 2288 2319 2352 30

187 2398 421 2462 agrum
456 2398 628 2441 nunc
662 2379 1149 2461 praetereuntes
1179 2379 1467 2441 vestrum
1497 2397 1638 2440 esse
1668 2376 1879 2441 dicitis
1909 2380 1975 2440 et
2004 2398 2214 2460 quem,

107 2480 160 2520 25
187 2487 263 2530 ea
309 2465 436 2528 iter
482 2464 594 2548 qui
636 2463 911 2547 faciunt,
957 2464 1208 2528 externi
1251 2463 1549 2529 homines
1586 2468 1879 2529 vestrum
1926 2485 2067 2530 esse
2106 2487 2213 2529 au·

188 2553 396 2636 diunt,
430 2552 490 2616 is
530 2575 676 2617 cum
718 2551 842 2616 erit
881 2551 1125 2617 divisus
1153 2549 1236 2592 ’¹⁶⁸¹‘
1267 2573 1476 2636 neque
1513 2555 1730 2617 vester
1769 2574 1908 2617 esse
1946 2553 2213 2618 dicetur.

187 2642 283 2706 At
340 2641 454 2724 qui
506 2640 801 2704 homines
859 2640 1326 2724 possidebunt?
1416 2640 1637 2722 Primo
1703 2641 1961 2724 quidem
2016 2663 2215 2726 acres,
2251 2657 2319 2706 82

189 2729 272 2794 ad
318 2729 454 2793 vim
497 2728 814 2812 prompti,
869 2727 952 2792 ad
999 2728 1381 2793 seditionem
1426 2729 1667 2813 parati,
1714 2729 1850 2814 qui,
1897 2729 2093 2795 simul
2138 2752 2216 2795 ac

187 2816 535 2882 decemviri
590 2816 1109 2901 concrepuerint,
1165 2816 1403 2881 armati
1456 2817 1525 2881 in
1579 2817 1751 2882 cives
1810 2821 1876 2882 et
1930 2818 2215 2902 expediti

109 2921 164 2960 ³⁰
191 2905 276 2971 ad
334 2903 595 2969 caedem
651 2925 793 2968 esse
837 2905 1118 2988 possint3
1175 2903 1405 2969 deinde
1451 2903 1533 2969 ad
1578 2927 1821 2990 paucos
1867 2907 2100 2990 opibus
2148 2909 2214 2970 et

189 2992 396 3077 copiis
436 2991 779 3056 adfluentis
814 2994 1028 3057 totum
1066 3013 1297 3077 agrum
1334 2991 1739 3077 Campanum
1775 2993 2007 3058 deferri
2044 2994 2213 3058 vide·

187 3081 366 3147 bitis.
452 3079 658 3145 Vobis
714 3081 990 3164 interea,
1047 3081 1158 3164 qui
1210 3081 1361 3144 illas
1417 3103 1458 3145 a
1511 3081 1882 3154 maioribus¹
1920 3080 2214 3164 pulcher-

187 3169 388 3234 rimas
433 3168 850 3254 vectigalium
899 3157 1067 3233 sedis
1113 3169 1313 3232 armis
1351 3172 1577 3253 captas
1616 3167 1974 3252 accepistiS,
2020 3168 2215 3252 gleba

186 3258 373 3322 nulla
399 3256 478 3321 de
505 3257 796 3340 paternis
826 3260 1022 3339 atque
1043 3256 1236 3321 avitis
1255 3257 1776 3341 possessionibus
1797 3254 2214 3340 relinquetur.

109 3361 160 3402 3⁵
188 3346 281 3410 At
320 3349 636 3429 quantum
673 3345 972 3409 intererit
1008 3345 1178 3409 inter
1214 3348 1502 3408 vestram
1540 3349 1607 3409 et
1633 3343 2040 3428 privatorum
2069 3343 2211 3407 dili·
2288 3367 2294 3376 ⁸

189 3433 508 3519 gentiam,
561 3431 875 3508 Quirites!
957 3431 1124 3498 Cum
1171 3454 1208 3496 a
1253 3431 1608 3497 maioribus
1652 3430 1899 3496 nostris
1944 3429 2015 3494 P.
2051 3430 2213 3496 Len—

187 3523 398 3606 tulus,
442 3521 502 3586 is
551 3521 662 3604 qui
706 3520 1006 3605 princeps
1055 3525 1319 3584 senatus
1361 3519 1505 3600 fuit,
1549 3519 1618 3583 in
1664 3539 1741 3582 ea
1785 3519 1929 3583 loca
1975 3518 2211 3598 missus
