2534 3875
799 197 955 251 CAP.
993 203 1202 252 40-42
1241 204 1272 264 §s
1314 203 1608 253 loo—105.
2085 199 2218 264 427

197 362 279 404 ne
328 339 588 405 funesta
643 340 859 406 nobis!
953 339 1082 417 Qui
1131 344 1273 406 tum
1328 342 1583 442 animus
1640 342 1708 406 L.
1754 341 1969 410 Flacci
2026 341 2218 427 (nihil

199 427 408 492 dicam
444 428 616 493 enim
654 429 732 492 de
768 434 920 512 me),
965 429 1076 512 qui
1112 451 1297 494 amor
1332 429 1404 493 in
1440 430 1743 515 patriam,
1789 452 1954 516 quae
1991 432 2219 516 virtus,

198 538 362 601 quae
409 517 696 601 gravitas
745 517 988 581 extitit!
1064 515 1190 582 Sed
1237 517 1392 602 quid
1438 541 1517 582 ea
1552 540 2006 619 commemorO,
2054 541 2220 605 quae

195 610 356 688 tum,
401 625 547 670 cum
593 604 977 689 agebantur,
1020 627 1151 670 uno
1189 627 1505 672 consensu
1543 606 1854 690 omnium,
1898 629 2028 672 una
2063 629 2220 672 voce

131 710 166 752 5
199 691 424 778 populi
458 691 760 775 Romani,
803 714 932 756 uno
980 693 1158 758 orbis
1193 697 1407 758 terrae
1444 694 1823 760 testimonio
1858 694 1931 758 in
1966 695 2218 760 caelum

199 779 498 845 laudibus
545 780 1006 864 efferebantur,
1047 802 1219 846 nunc
1264 803 1493 847 vereor
1537 804 1619 848 ne
1663 804 1798 847 non
1845 783 2038 849 modo
2085 805 2221 848 non

196 867 480 954 prosint,
532 889 758 934 verum
805 868 1004 933 etiam
1052 869 1298 953 aliquid
1343 869 1607 935 obsint?
1696 869 1963 935 Etenim
2008 872 2219 936 multo

197 955 509 1022 acriorem
555 956 1003 1040 improborum
1047 957 1373 1022 interdum
1411 958 1791 1024 memoriam
1830 980 1969 1024 esse
2006 960 2220 1025 sentio

39 1100 41 1103 ,
198 1066 394 1129 quam
459 1046 796 1109 bonorum.
891 1044 1036 1129 Ego
1095 1050 1191 1128 te,
1255 1045 1315 1109 si
1368 1046 1519 1129 quid
1576 1046 1841 1132 gravius
1896 1047 2221 1129 acciderit,

37 1130 43 1191 Ῐ
103 1151 169 1192 ιο
202 1152 322 1217 ego
365 1135 462 1214 te,
514 1131 811 1217 inquam,
854 1132 1110 1233 Flacce,
1153 1133 1527 1218 prodider03
1584 1155 1730 1200 mea
1776 1133 2041 1200 dextera
2084 1135 2221 1216 illa,

37 1218 44 1225 ’
195 1242 343 1286 mea
393 1220 584 1304 fides,
637 1242 783 1285 mea
834 1221 1188 1306 promissa,
1240 1243 1389 1286 cum
1445 1226 1543 1306 te,
1597 1222 1655 1287 si
1708 1244 1845 1287 rem
1890 1223 2223 1307 publicam

195 1329 754 1391 conservaremus,
828 1308 1118 1374 omnium
1191 1310 1511 1374 bonorum
1584 1310 1937 1394 praesidio,
2009 1311 2223 1395 quoad

193 1398 475 1481 viveres,
518 1418 652 1462 non
697 1396 890 1462 modo
937 1397 1279 1478 munitum,
1324 1396 1439 1462 sed
1486 1397 1682 1462 etiam
1731 1402 2037 1464 ornatum
2081 1398 2222 1464 fore

37 1562 40 1567 .
194 1485 570 1570 pollicebar.
641 1483 894 1568 Putavi,
932 1485 1206 1568 speravi,
1242 1485 1503 1550 etiamsi
1537 1486 1746 1551 honos
1780 1490 2007 1552 noster
2033 1487 2221 1553 vobis

39 1580 41 1583 ’
99 1591 166 1632 15
197 1573 391 1638 vilior
443 1572 704 1657 fuisset,
760 1573 1040 1637 salutem
1095 1576 1268 1638 certe
1324 1595 1543 1638 caram
1596 1573 1909 1642 futuram.
1999 1575 2099 1640 Ac
2150 1573 2328 1642 L.1o4

193 1660 502 1726 Flaccum
539 1660 815 1745 quidem,
859 1660 1119 1762 iudices,
1156 1661 1230 1744 si,
1268 1661 1440 1745 quod
1480 1661 1547 1727 di
1580 1662 1989 1727 immortales
2029 1684 2220 1728 omen

195 1753 526 1826 avertant,
591 1748 810 1833 gravis
873 1748 1112 1813 iniuria
1175 1749 1509 1834 afflixerit,
1572 1772 1929 1835 numquam
1998 1753 2221 1815 tamen

191 1836 606 1938 prospexisse
660 1842 916 1901 vestrae
971 1837 1195 1920 saluti,
1250 1837 1655 1903 consuluisse
1710 1837 1926 1922 vobis,
1981 1838 2223 1922 liberis,

194 1924 612 2012 coniugibus,
681 1923 963 1991 fortunis
1027 1925 1265 1992 vestris
1339 1925 1725 2010 paenitebit3
1800 1949 2053 2011 semper
2124 1925 2221 1991 ita

37 2027 44 2034 ’
93 2034 164 2073 20
195 2013 467 2098 sentiet,
512 2014 712 2079 talem
761 2034 829 2078 se
876 2012 1164 2079 animum
1211 2020 1279 2080 et
1325 2014 1579 2100 generis
1627 2014 1937 2115 dignitati
1982 2020 2047 2080 et
2091 2014 2222 2099 pie-

190 2102 324 2168 tati
379 2123 534 2166 suae
591 2106 658 2166 et
710 2101 964 2202 patriae
1020 2102 1349 2184 debuisse3
1407 2123 1527 2167 vos
1584 2124 1667 2166 ne
1722 2102 2055 2187 paeniteat
2100 2103 2224 2167 tali

191 2190 327 2256 civi
359 2211 494 2255 non
528 2190 910 2275 pepercisse,
954 2212 1072 2275 per
1107 2190 1260 2255 deos
1299 2190 1727 2271 immortales,
1769 2190 2039 2291 iudices,
2076 2212 2223 2276 pro-

190 2277 428 2344 videte.
534 2274 785 2352 Quotus
850 2276 1023 2341 enim
1088 2278 1357 2361 quisque
1424 2282 1549 2363 est,
1612 2277 1725 2361 qui
1787 2279 1957 2343 hanc
2019 2278 2090 2342 in
2153 2300 2222 2342 16

191 2366 462 2451 publica
499 2369 745 2431 sectam
785 2369 1110 2449 sequatur,
1147 2368 1258 2450 qui
1286 2365 1494 2450 vobis,
1530 2366 1657 2451 qui·
1668 2367 1871 2431 vestri
1898 2366 2221 2431 similibus

89 2471 160 2513 25
193 2456 450 2537 placere
497 2453 744 2538 cupiat,
802 2453 912 2538 qui
958 2454 1192 2537 optimi
1237 2457 1432 2537 atque
1480 2454 1871 2538 amplissimi
1915 2454 2223 2538 cuiusque

192 2541 483 2607 hominis
529 2545 725 2625 atque
773 2540 1018 2605 ordinis
1066 2542 1525 2606 auctoritatem
1561 2543 1787 2625 magni
1821 2546 2030 2628 putet,
2075 2564 2223 2606 611111

191 2630 385 2695 1116111
439 2629 612 2693 viam
669 2628 799 2693 sibi
851 2627 1114 2694 videant
1169 2629 1633 2713 expeditiorem
1692 2630 1776 2694 ad
1827 2630 2111 2696 honores
2158 2633 2224 2694 et

193 2717 285 2783 ad
321 2717 555 2802 omnia,
592 2738 757 2800 quae
795 2717 1347 2801 concupiverunt?
1411 2716 1537 2783 Sed
1566 2721 1781 2782 cetera
1808 2718 1943 2784 sint
1970 2740 2222 2801 eorum3
2241 2720 2329 2783 42

194 2805 328 2871 sibi
372 2805 659 2869 habeant
702 2805 1093 2889 potentiam,
1147 2805 1277 2869 sibi
1319 2806 1629 2888 honores,
1685 2805 1813 2871 sibi
1859 2766 2222 2871 ceterorum,

87 2912 162 2953 ³0
193 2894 690 2959 commodorum
735 2914 1023 2957 summas
1066 2891 1446 2978 facultates3
1501 2894 1695 2959 liceat
1739 2894 1851 2977 iis,
1904 2894 2017 2978 qui
2060 2893 2223 2957 haec

193 2981 385 3048 salva
422 3002 563 3045 esse
598 2980 962 3063 voluerunt,
1007 2980 1167 3064 ipsis
1207 3002 1349 3045 esse
1386 2982 1603 3047 salvis,
1674 2978 1919 3065 Nolite,
1965 2980 2330 3064 iudices,105

192 3068 574 3135 existimare
622 3090 760 3152 eos,
816 3068 1047 3152 quibus
1091 3070 1423 3153 integrum
1468 3072 1596 3152 est,
1653 3069 1766 3153 qui
1808 3068 2097 3133 nondum
2143 3068 2226 3131 ad

190 3158 483 3223 honores
567 3159 1000 3239 accesserunt,
1081 3177 1215 3221 non
1297 3160 1635 3239 expectare
1707 3155 1899 3220 huius
1979 3154 2226 3219 exitum

190 3244 441 3310 iudicii.
541 3242 609 3309 Si
667 3242 739 3310 L.
785 3243 1018 3309 Flacco
1077 3247 1303 3308 tantus
1360 3265 1543 3308 amor
1596 3244 1667 3308 in
1720 3244 1926 3308 bonos
1983 3264 2225 3326 omneS,

89 3352 160 3393 35
193 3337 463 3398 tantum
525 3332 596 3397 in
657 3354 796 3397 rem
858 3332 1187 3417 publicam
1255 3331 1539 3395 studium
1594 3330 1956 3395 calamitati
2010 3330 2225 3415 fuerit,

191 3442 398 3506 quem
459 3420 736 3505 posthac
795 3424 934 3483 tam
1003 3423 1329 3483 amentem
1390 3418 1531 3483 fore
1584 3419 1860 3503 putatis,
1930 3418 2041 3503 qui
2093 3440 2226 3483 non

190 3510 392 3575 illam
433 3508 607 3574 viam
652 3508 843 3592 vitae,
889 3529 1084 3591 quam
1133 3511 1284 3571 ante
1330 3506 1749 3591 praecipitem
1795 3511 1862 3572 et
1906 3506 2228 3572 lubricam
