2534 3875
230 1511 296 1559 15

228 3185 293 3235 16

332 205 467 269 294
821 205 900 258 IN
937 205 996 258 L.
1036 203 1445 260 CATILINAM
1484 203 1752 259 ORATIO
1787 203 1883 258 IV.

335 350 415 413 ad
463 349 637 414 auris
683 371 862 414 meas
908 369 1151 433 eorum,
1196 349 1307 433 qui
1353 349 1561 414 vereri
1598 348 1916 430 videntur,
1959 351 2036 412 ut
2079 347 2365 412 habeam

334 437 495 503 satis
558 437 864 522 praesidii
928 437 1010 501 ad
1066 459 1168 521 ea,
1230 459 1395 522 quae
1449 459 1568 503 vos
1623 434 1985 501 statueritis
2044 434 2364 501 hodierno

334 526 455 608 die,
498 525 943 611 transigunda.
1010 524 1247 590 Omnia
1293 530 1359 589 et
1402 524 1666 609 provisa
1712 528 1780 589 et
1823 528 2058 608 parata
2102 526 2171 587 et
2206 545 2365 588 con-

334 617 570 678 stituta
616 618 797 698 sunt,
840 617 1060 698 patres
1107 612 1476 698 conscripti,
1522 635 1669 678 cum
1715 625 1865 677 mea*
1905 633 2158 676 summa
2203 633 2367 677 cura

334 705 530 787 atque
577 701 935 788 diligentia,
980 707 1120 766 tum
1167 701 1370 766 etiam
1413 702 1621 766 multo
1667 701 1914 765 maiore
1958 699 2186 785 populi
2231 700 2367 764 Ro·
2396 718 2430 758 ⁵

334 791 513 856 mani
568 790 650 855 ad
706 811 1029 855 summum
1082 789 1428 874 imperium
1481 788 1890 854 retinendum
1939 792 2005 852 et
2051 788 2131 853 ad
2179 809 2366 853 com-

334 899 560 944 munes
596 879 894 943 fortunas
932 877 1406 942 conservandas
1433 878 1792 943 voluntate.
1847 875 2089 942 Omnes
2119 876 2366 941 adsunt

334 967 624 1031 omnium
671 965 967 1030 ordinum
1012 965 1337 1049 homineS‚
1385 966 1677 1030 omnium
1714 985 2034 1049 ymerum,
2079 967 2366 1030 omnium

333 1054 605 1137 denique
669 1057 985 1137 aetatum3
1057 1053 1320 1137 plenum
1385 1058 1485 1118 est
1545 1053 1788 1138 forum,
1849 1053 2044 1139 plena
2106 1053 2367 1138 templa

333 1143 575 1208 circum
634 1140 880 1225 forum,
941 1141 1117 1228 pleni
1181 1163 1402 1206 omnes
1469 1141 1682 1206 aditus
1747 1143 1940 1206 huius
1993 1141 2223 1227 templi
2281 1163 2364 1206 ac
2397 1160 2458 1199 ιο

331 1230 477 1295 loci.
568 1227 781 1294 Causa
838 1233 941 1294 est
994 1230 1165 1295 enim
1212 1235 1366 1314 post
1409 1231 1640 1297 urbem
1685 1231 2012 1296 conditam
2055 1230 2217 1295 haec
2261 1229 2363 1294 in-

332 1322 528 1383 venta
572 1318 732 1402 sola,
775 1318 843 1382 in
892 1340 1021 1402 qua
1064 1339 1290 1383 omnes
1338 1318 1654 1384 sentirent
1697 1339 1896 1383 unum
1945 1322 2138 1402 atque
2183 1316 2366 1382 idem

333 1410 594 1490 praeter
651 1427 792 1490 eos,
847 1407 959 1491 qui
1012 1427 1158 1471 cum
1218 1406 1344 1471 sibi
1397 1407 1692 1471 viderent
1745 1428 1888 1472 esse
1940 1404 2363 1490 pereundum,

335 1516 481 1560 cum
520 1495 818 1560 omnibus
854 1495 1077 1579 potius
1115 1517 1308 1580 quam
1337 1495 1461 1560 soli
1485 1497 1698 1580 perire
1722 1495 2084 1560 voluerunt.
2139 1492 2362 1559 Hosce

332 1604 453 1668 ego
500 1583 795 1648 homines
842 1581 1089 1668 excipio
1136 1586 1203 1648 et
1248 1604 1514 1649 secerno
1552 1583 1850 1648 lubenter
1892 1604 2100 1667 neque
2145 1582 2216 1646 in
2261 1583 2362 1646 in·
2394 1600 2453 1642 15

329 1672 684 1756 proborum
757 1671 1019 1755 civium,
1095 1670 1208 1736 sed
1278 1670 1349 1735 in
1420 1671 1986 1736 acerbissimorum
2061 1669 2361 1736 hostium

328 1781 599 1825 numero
654 1760 988 1825 habendos
1046 1763 1225 1844 puto.
1318 1757 1533 1825 Ceteri
1585 1781 1737 1825 vero
1748 1811 1766 1843 ,
1823 1759 1890 1824 di
1945 1759 2360 1824 inmortales!

333 1870 462 1932 qua
494 1848 881 1932 frequentia,
928 1869 1055 1932 quo
1102 1848 1336 1929 studi0,
1383 1869 1511 1932 qua
1546 1849 1788 1912 virtute
1825 1847 1908 1912 ad
1944 1869 2360 1913 communem

332 1938 611 2002 salutem
682 1935 1196 2022 dignitatemque
1268 1935 1707 2002 consentiunt!
1817 1934 1984 2011 Quid
2055 1956 2176 2021 ego
2247 1935 2361 2001 hic

332 2026 582 2110 equites
637 2024 967 2091 Romanos
1022 2025 1566 2090 commemorem?
1623 2024 1735 2109 qui
1788 2024 1976 2090 vobis
2030 2023 2126 2089 ita
2179 2046 2356 2089 sum·
2385 2043 2446 2083 20

332 2136 509 2179 mam
574 2113 817 2178 ordinis
874 2112 1253 2197 consiliique
1311 2112 1692 2196 concedunt,
1756 2117 1832 2177 ut
1886 2112 2217 2178 vobiscum
2273 2112 2358 2176 de

332 2223 551 2267 amore
585 2202 683 2266 rei
708 2200 1007 2284 publicae
1036 2204 1310 2285 certent3
1349 2220 1510 2285 quos
1540 2222 1618 2266 ex
1647 2202 2000 2266 multorum
2030 2222 2354 2265 annorum

333 2289 730 2355 dissensione
766 2289 958 2354 huius
998 2288 1239 2354 ordinis
1280 2288 1364 2353 ad
1399 2288 1777 2354 societatem
1815 2289 2356 2373 concordiamque

330 2382 667 2443 revocatos
722 2376 1071 2442 hodiernus
1126 2377 1263 2442 dies
1317 2377 1653 2443 vobiscum
1709 2382 1904 2462 atque
1948 2377 2110 2442 haec
2156 2398 2357 2441 causa

332 2465 683 2549 coniungit.
774 2463 982 2540 Quam
1038 2465 1095 2530 si
1141 2465 1658 2531 coniunctionem
1702 2466 1774 2530 in
1817 2466 2158 2530 consulatu
2203 2486 2352 2531 con·
2385 2482 2442 2523 2⁵

330 2554 656 2617 firmatam
721 2574 865 2618 meo
926 2558 1306 2638 perpetuam
1368 2553 1438 2618 in
1488 2575 1561 2618 re
1619 2553 1883 2639 publica
1934 2551 2356 2637 tenuerimus,

331 2641 640 2706 confirmo
677 2640 865 2705 vobis
909 2642 1158 2706 nullum
1208 2641 1484 2724 posthac
1519 2642 1763 2706 malum
1801 2641 1988 2706 civile
2024 2663 2100 2707 ac
2137 2641 2356 2711 dome·

330 2728 565 2793 sticum
621 2727 705 2792 ad
762 2729 962 2793 ullam
1016 2730 1111 2794 rei
1158 2729 1454 2813 publicae
1499 2733 1755 2813 partem
1799 2750 1942 2795 esse
1985 2733 2354 2795 venturum.

330 2817 482 2880 Pari
530 2816 744 2881 studio
784 2815 1226 2881 defendundae
1273 2817 1366 2881 rei
1412 2818 1708 2902 publicae
1746 2818 2124 2883 convenisse
2161 2817 2351 2882 video

330 2904 629 2969 tribunos
675 2904 980 2987 aerariOS,
1025 2905 1420 2971 fortissimos
1466 2905 1672 2990 viros3
1719 2906 1965 2971 scribas
2015 2904 2177 2971 item
2213 2906 2356 2971 uni·
2385 2924 2440 2963 ³⁰

330 3014 551 3057 versos
560 3043 579 3077 ‚
626 3013 789 3076 quos
834 3014 981 3057 cum
1026 3014 1181 3059 casu
1225 2993 1333 3059 hic
1377 2993 1514 3058 dies
1561 2993 1645 3059 ad
1691 2994 2012 3060 aerarium
2056 2993 2354 3078 frequen·

330 3084 563 3165 tasset,
617 3080 804 3145 video
861 3082 943 3146 ab
991 3082 1436 3165 expectatione
1483 3082 1680 3147 sortis
1727 3082 1809 3148 ad
1855 3084 2133 3148 salutem
2181 3103 2354 3147 com-

332 3191 591 3235 munem
667 3191 807 3235 esse
880 3191 1245 3236 conversos.
1363 3168 1590 3235 Omnis
1661 3172 2090 3257 ingenuorum
2165 3168 2355 3236 adest

332 3257 682 3324 multitudo
693 3308 710 3342 ,
766 3258 963 3323 etiam
1008 3258 1558 3324 tenuissimorum.
1651 3257 1809 3334 Quis
1855 3262 1955 3324 est
2000 3258 2200 3341 enim,
2245 3259 2353 3323 cui

329 3368 464 3411 non
508 3347 668 3411 haec
710 3348 983 3432 templa,
1030 3349 1330 3431 aspectus
1377 3346 1584 3431 urbiS,
1629 3348 1954 3432 possessio
1999 3346 2352 3432 libertatis,
2380 3364 2432 3405 8⁵

331 3434 443 3498 lux
481 3434 751 3519 denique
787 3435 948 3500 haec
983 3436 1128 3519 ipsa
1164 3438 1231 3501 et
1266 3435 1446 3517 [hoc]
1486 3456 1826 3501 commune
1852 3434 2105 3520 patriae
2135 3434 2354 3499 solum

331 3543 477 3588 cum
552 3523 640 3588 sit
711 3545 959 3609 carum,
1028 3527 1170 3591 tum
1233 3544 1386 3589 vero
1450 3522 1633 3588 dulce
1699 3526 1894 3607 atque
1955 3524 2352 3588 iucundum?
