2534 3875
214 595 283 644 86

210 2055 280 2136 ⁸⁷

212 3286 281 3336 88

326 129 453 200 336
881 128 1022 184 PRO
1062 125 1124 184 12.
1160 127 1479 184 MURENA
1517 127 1807 184 ORATIO.

321 275 545 339 eadem
600 275 733 340 ista
789 275 1035 356 omnia,
1088 273 1147 338 si
1202 277 1439 338 ornata
1491 273 1628 338 suis
1684 273 2025 357 praesidiis
2079 273 2206 336 erit
2252 292 2370 337 res

320 362 601 447 publica,
636 362 827 428 facile
866 366 934 427 et
970 361 1480 447 magistratuum
1516 361 1805 427 consiliis
1844 366 1912 427 et
1944 361 2368 446 privatorum

325 450 663 537 diligentia
708 450 1212 536 conprimentur.

455 537 634 614 Quae
688 560 835 604 cum
889 539 987 604 ita
1042 540 1198 622 sint,
1254 539 1524 623 iudices,
1580 539 1866 624 primum
1913 539 2010 603 rei
2051 538 2366 625 publicae

319 649 544 712 causa,
599 649 729 711 qua
781 626 967 692 nulla
1011 648 1116 692 res
1163 627 1466 712 cuiquam
1510 628 1729 712 potior
1775 627 1967 692 debet
2013 648 2180 711 esse,
2233 647 2362 691 vos
2427 642 2453 683 ⁵

318 737 437 798 pro
496 737 641 780 mea
694 737 951 780 summa
1004 718 1073 780 et
1117 715 1306 780 vobis
1361 717 1626 801 cognita
1669 715 1737 779 in
1785 736 1855 779 re
1901 714 2165 800 publica
2211 713 2364 778 dili-

320 804 545 888 gentia
599 825 861 886 moneo,
916 825 1033 886 pro
1092 803 1480 868 auctoritate
1537 803 1862 869 consulari
1915 804 2174 886 hortor,
2230 824 2362 888 pro

318 891 765 977 magnitudine
828 891 1099 976 periculi
1160 891 1480 970 obtestor,
1547 895 1622 956 ut
1685 891 1851 976 otio,
1913 895 1988 955 ut
2039 890 2216 976 paci,
2279 894 2364 956 ut

320 980 538 1063 saluti,
575 983 650 1044 ut
685 981 859 1044 vitae
896 983 1153 1045 vestrae
1192 983 1259 1043 et
1297 983 1661 1046 ceterorum
1697 979 1936 1044 civium
1965 978 2358 1063 consulatis3

320 1067 549 1133 deinde
605 1090 728 1153 ego
783 1068 955 1132 idem
1011 1089 1127 1134 vos
1184 1067 1545 1132 defensoris
1603 1071 1670 1132 et
1723 1067 1920 1133 amici
1975 1067 2190 1132 officio
2240 1067 2358 1132 ad·
2389 1085 2443 1124 10

320 1157 550 1222 ductus
636 1177 750 1221 oro
817 1161 1010 1240 atque
1070 1157 1340 1221 obsecro
1349 1172 1370 1243 ,⁰
1439 1156 1683 1221 iudices
1693 1206 1710 1240 ,
1783 1159 1859 1220 ut
1919 1177 2002 1220 ne
2063 1154 2358 1220 hominis

319 1243 541 1309 miseri
588 1248 653 1308 et
698 1266 843 1310 cum
892 1244 1181 1329 corporis
1228 1245 1479 1329 morbo,
1524 1249 1666 1309 tum
1704 1243 1906 1308 animi
1945 1243 2166 1309 dolore
2202 1265 2359 1308 con-

318 1333 493 1417 fecti,
531 1331 604 1396 L.
632 1331 958 1417 Murenae,
994 1336 1320 1399 recentem
1359 1333 1868 1419 gratulationem
1904 1353 2076 1397 nova
2112 1333 2360 1396 lamen-

319 1420 569 1484 tatione
650 1421 963 1487 obruatiS.
1080 1420 1276 1486 Modo
1358 1421 1642 1486 maximo
1731 1420 2043 1486 beneficio
2125 1421 2360 1506 populi

318 1507 601 1574 Romani
650 1513 918 1574 ornatus
954 1510 1332 1574 fortunatus
1370 1509 1732 1593 videbatur,
1779 1510 1953 1593 quod
1989 1508 2241 1593 primus
2280 1509 2354 1572 in
2386 1524 2440 1564 15

317 1597 638 1662 familiam
669 1607 967 1680 veterem,
995 1598 1243 1683 primus
1272 1598 1342 1662 in
1369 1597 1792 1682 municipium
1822 1596 2358 1682 antiquissimum

319 1687 731 1750 consulatum
778 1687 1137 1770 attulisset3
1182 1708 1357 1751 nunc
1391 1687 1565 1751 idem
1601 1687 1906 1770 squalore
1944 1689 2011 1750 et
2047 1684 2356 1750 sordibus

319 1775 679 1858 confectus,
744 1774 1031 1840 lacrimis
1106 1797 1182 1840 ac
1256 1796 1549 1840 maerore
1611 1774 1902 1860 perditus
1966 1778 2184 1838 vester
2251 1778 2356 1838 est

320 1864 619 1948 supplex,
682 1862 952 1949 iudices,
1015 1866 1305 1928 vestram
1366 1863 1560 1928 fidem
1627 1863 2026 1947 obtestatur,
2086 1867 2358 1927 vestra-m

318 1951 827 2016 misericordiam
864 1952 1195 2036 implorat,
1231 1956 1516 2017 vestram
1552 1955 1951 2037 potestatem
1989 1973 2067 2016 ac
2091 1955 2352 2017 vestras
2381 1968 2438 2009 8⁰

320 2060 476 2126 opes
530 2040 837 2104 intuetur.
928 2039 1180 2123 Nolite,
1234 2062 1352 2126 per
1398 2042 1553 2105 deos
1598 2040 2029 2105 immortales!
2087 2040 2355 2124 iudices,

318 2128 439 2192 hac
505 2150 651 2193 eum
712 2149 852 2193 cum
906 2150 1003 2208 re,
1070 2151 1198 2213 qua
1253 2150 1323 2193 se
1380 2128 1826 2193 honestiorem
1879 2129 2020 2193 fore
2074 2128 2353 2211 putavit,

320 2216 518 2281 etiam
592 2218 823 2281 ceteris
902 2220 1052 2280 ante
1117 2216 1325 2300 partis
1389 2216 1846 2282 honestatibus
1910 2220 2108 2301 atque
2173 2216 2354 2281 omni

320 2304 638 2389 dignitate
674 2304 1066 2389 fortunaque
1104 2305 1380 2388 privare.
1443 2305 1662 2389 Atque
1697 2305 1796 2369 ita
1823 2327 1938 2371 vos
1967 2304 2040 2369 L.
2059 2304 2353 2390 Murena,

320 2393 582 2476 iudices,
630 2397 777 2457 orat
814 2397 1010 2477 atque
1049 2394 1366 2477 obsecrat,
1403 2393 1460 2457 si
1495 2394 1736 2458 iniuste
1771 2393 2098 2458 neminem
2135 2393 2353 2478 laesit,
2380 2406 2437 2449 ²⁵

321 2480 378 2544 si
430 2480 675 2545 nullius
733 2480 907 2545 auris
953 2482 1441 2546 voluntatemve
1487 2481 1790 2565 violavit,
1847 2482 1905 2546 si
1949 2481 2222 2567 nemini,
2277 2486 2354 2547 ut

320 2568 647 2632 levissime
695 2567 936 2653 dicam,
993 2569 1142 2635 odio
1188 2591 1309 2634 nec
1357 2569 1532 2634 domi
1576 2592 1695 2636 nec
1741 2570 2016 2635 militiae
2061 2570 2215 2654 fuit,
2263 2569 2355 2635 sit

321 2655 493 2739 apud
547 2677 664 2720 vos
720 2655 1075 2721 modestiae
1130 2659 1339 2741 locuS,
1395 2658 1483 2723 sit
1543 2658 1824 2723 demisso
1873 2658 2090 2723 animo
2136 2658 2354 2743 perfu-

322 2744 528 2828 gium,
600 2744 690 2807 sit
746 2744 1060 2809 auxilium
1116 2745 1366 2829 pudori.
1465 2745 1980 2812 Misericordiam
2036 2746 2352 2831 spoliatio

320 2831 694 2896 consulatus
752 2853 1058 2917 magnam
1112 2834 1356 2899 habere
1403 2834 1622 2918 debet,
1675 2834 1945 2920 iudices;
2001 2856 2131 2900 una
2177 2834 2353 2901 enim
2381 2851 2440 2893 ⁸0

320 2919 683 3005 eripiuntur
747 2942 894 2985 cum
958 2923 1304 2987 consulatu
1359 2922 1607 3007 omnia3
1665 2923 1977 2988 invidiam
2035 2944 2188 2988 vero
2245 2924 2352 2989 his

319 3007 725 3091 temporibus
762 3008 1001 3073 habere
1040 3010 1417 3075 consulatus
1453 3011 1593 3093 ipse
1629 3011 1878 3077 nullam
1915 3015 2166 3096 potest3
2215 3012 2355 3077 obi·

320 3097 491 3162 citur
538 3096 709 3161 enim
756 3097 1167 3162 contionibus
1216 3098 1702 3183 seditiosorum,
1758 3100 2012 3164 insidiis
2060 3100 2356 3166 coniura-

320 3188 566 3269 torum,
628 3186 781 3250 telis
838 3184 1185 3270 Catilinae,
1249 3187 1335 3251 ad
1401 3208 1591 3252 omne
1651 3188 1924 3272 denique
1988 3188 2354 3272 periculum

321 3277 517 3357 atque
584 3273 664 3337 ad
734 3296 993 3339 omnem
1057 3274 1364 3339 iniuriam
1429 3276 1608 3340 solus
1665 3276 2035 3361 opponitur.
2135 3274 2352 3351 Quare
2383 3295 2439 3337 aa

320 3361 476 3444 quid
538 3360 952 3427 invidendum
1011 3360 1322 3427 Murenae
1387 3367 1501 3428 aut
1557 3363 1855 3447 cuiquam
1913 3368 2212 3430 nostrum
2260 3366 2354 3429 sit

318 3449 392 3512 in⁴
430 3447 555 3513 hoc
600 3452 939 3533 praeclaro
988 3453 1359 3539 consulatu,
1412 3473 1545 3516 non
1591 3450 1777 3517 video
1787 3502 1806 3536 ‚
1858 3452 2128 3537 iudices3
2183 3474 2353 3537 quae
