2534 3875
805 113 957 169 CAP.
996 120 1206 170 39—42
1247 119 1278 178 s
1319 96 1614 170 104-11‘0.
2061 115 2196 180 497

163 257 470 322 voluntas
529 258 795 322 deorum
840 257 1314 323 immortalium
1362 280 1502 322 esse
1548 259 1872 342 videatur3
1926 281 2044 325 nec
2091 263 2195 325 est

162 346 303 410 ulla
359 367 513 431 erga
569 347 722 410 deos
776 345 987 430 pietas
1044 347 1181 410 sine
1226 347 1506 411 honesta
1548 345 1624 411 de
1660 347 1922 411 numine
1970 370 2193 413 eorum

164 456 239 498 ac
301 438 518 499 mente
573 434 904 518 opinione,
956 437 1031 498 ut
1088 435 1302 519 expeti
1356 434 1523 500 nihil
1582 435 1664 498 ab
1721 435 1831 518 iis,
1887 436 2058 519 quod
2105 437 2191 500 sit

162 521 479 587 iniustum
539 526 733 623 atque
788 523 1235 606 inhonestum,
1286 523 1392 604 fas
1445 543 1568 588 esse
1624 523 1956 588 arbitrere.
2057 524 2190 589 Ho-

107 627 142 668 r>
164 612 407 676 minem
460 610 751 675 invenire
804 610 938 675 ista
994 611 1175 676 labes
1220 615 1392 693 tum,
1449 633 1593 676 cum
1642 611 1860 675 omnia
1904 613 2189 696 tenebat,

159 699 481 764 neminem
521 698 753 783 potuit,
791 699 895 764 cui
931 721 1109 764 meas
1148 700 1328 764 aedis
1367 699 1708 781 addiceret,
1746 699 1848 764 cui
1885 700 2188 784 traderet,

162 788 267 853 cui
312 787 608 870 donaret3
662 788 801 871 ipse
848 809 993 852 cum
1041 787 1167 853 loci
1213 788 1408 871 illius,
1454 810 1600 853 cum
1649 787 1903 852 aedium
1951 787 2188 873 cupidi·

161 880 301 941 tate
354 876 666 962 flagraret
722 877 805 941 ob
862 897 1133 960 eamque
1192 898 1455 942 causam
1511 898 1707 942 unam
1762 875 2026 941 funesta
2070 877 2188 942 illa

162 965 506 1050 rogatione
562 986 681 1029 sua
732 964 834 1029 vir
887 964 1098 1029 bonus
1153 964 1485 1030 dominum
1543 987 1612 1030 se
1668 964 1735 1028 in
1781 965 1942 1029 meis
1990 965 2181 1029 bonis

80 1069 136 1108 10
164 1075 305 1118 esse
354 1052 693 1136 voluisset,
738 1055 959 1116 tamen
1003 1052 1122 1117 illo
1168 1053 1312 1136 ipso
1358 1053 1427 1117 in
1469 1053 1690 1118 furore
1739 1075 1855 1118 suo
1900 1074 2035 1119 non
2083 1057 2185 1118 est

164 1164 361 1207 ausus
433 1163 643 1206 meam
719 1141 1007 1224 domum,
1080 1140 1262 1206 cuius
1328 1141 1679 1227 cupiditate
1741 1141 2186 1207 inflammatus

164 1234 330 1314 erat,
402 1230 759 1315 possidere3
832 1229 985 1294 deos
1057 1229 1450 1295 immortalis
1516 1230 1932 1314 existimatiS,
2005 1230 2186 1295 cuius

162 1320 390 1384 l-abore
436 1321 501 1383 et
548 1316 819 1384 consilio
868 1339 985 1382 sua
1029 1318 1157 1402 ipsi
1203 1319 1455 1402 templa
1499 1321 1875 1400 tenuerunt,
1931 1319 2001 1382 in
2047 1318 2186 1384 eius

164 1409 428 1474 domum
476 1407 803 1472 adflictam
850 1410 915 1470 et
962 1427 1250 1471 eversam
1290 1428 1405 1490 per
1445 1405 1632 1487 [vim]
1671 1405 1953 1471 hominis
1992 1407 2185 1472 scele-

82 1511 134 1552 ¹⁵
164 1495 479 1562 ratissimi
550 1494 868 1560 nefarium
942 1494 1355 1560 latrocinium
1429 1494 1782 1579 inmigrare
1857 1495 2182 1559 voluisse?

165 1584 341 1651 Civis
398 1587 498 1649 est
555 1605 746 1648 nemo
800 1586 987 1647 tanto
1041 1583 1110 1647 in
1155 1583 1398 1668 populo
1446 1587 1632 1647 extra
1677 1583 2296 1648 contaminatamloss

160 1674 344 1739 illam
392 1677 459 1737 et
502 1677 834 1738 cruentam
880 1670 952 1735 P.
982 1669 1168 1736 Clodi
1214 1693 1498 1755 manum,
1546 1670 1656 1754 qui
1693 1693 1828 1734 rem
1864 1670 2067 1735 ullam
2106 1670 2183 1736 de

163 1763 324 1828 meis
369 1762 557 1826 bonis
606 1759 939 1845 adtigerit,
986 1760 1096 1843 qui
1142 1782 1273 1825 non
1320 1781 1440 1844 pro
1489 1760 1623 1823 suis
1671 1759 1903 1843 opibus
1951 1758 2021 1822 in
2065 1758 2184 1824 illa

162 1853 552 1934 tempestate
614 1871 719 1914 me
783 1848 1155 1914 defenderit.
1254 1847 1347 1912 At
1401 1847 1511 1931 qui
1567 1847 1787 1930 aliqua
1843 1868 1912 1911 se
1968 1850 2184 1912 conta-

82 1955 136 1993 20
165 1942 357 2025 gione
402 1939 707 2023 praedae,
754 1938 1114 2022 societatis,
1162 1935 1510 2022 emptionis
1558 1934 2184 2020 contaminaverunt,

160 2029 407 2093 nullius
470 2049 677 2111 neque
740 2026 981 2111 privati
1043 2047 1249 2110 neque
1314 2025 1559 2110 publici
1623 2023 1842 2089 iudicii
1904 2045 2182 2109 poenam

163 2118 445 2200 effugere
498 2118 868 2199 potuerunt.
965 2113 1066 2178 Ex
1119 2115 1223 2179 his
1281 2114 1485 2199 igitur
1539 2113 1756 2194 boniS,
1818 2132 1894 2177 ex
1947 2113 2182 2197 quibus

162 2225 353 2268 nemo
391 2225 527 2268 rem
564 2203 769 2267 ullam
808 2203 1051 2287 attigit,
1090 2204 1198 2286 qui
1234 2224 1367 2267 non
1405 2201 1696 2267 omnium
1721 2200 1961 2266 iudicio
1990 2202 2183 2266 scele-

164 2290 532 2356 ratissimus
602 2291 951 2355 haberetur
961 2342 979 2373 ,
1049 2290 1115 2354 di
1178 2290 1580 2354 immortales
1648 2288 1908 2353 domum
1971 2311 2183 2354 meam

82 2395 136 2435 2⁵
166 2378 712 2462 concupiverunt?
782 2377 921 2443 Ista
954 2382 1072 2443 tua'
1097 2378 1372 2463 pulchra
1397 2376 1698 2441 Libertas
1731 2377 1882 2442 deos
1910 2381 2180 2461 penates

165 2472 231 2533 et
273 2467 633 2532 familiares
679 2488 856 2531 meos
901 2468 1073 2532 lares
1120 2466 1385 2551 expulit,
1431 2468 1505 2530 ut
1552 2486 1619 2529 se
1667 2466 1808 2548 ipsa
1845 2468 2178 2551 tamquam

162 2561 232 2621 in
306 2556 578 2641 captivis
654 2555 914 2620 sedibus
979 2554 1372 2621 collocaret?
1481 2551 1648 2628 Quid
1712 2557 1811 2618 est
1877 2555 2180 2639 sanctiue,
2185 2571 2288 2620 109

166 2646 317 2730 quid
356 2644 533 2711 omni
568 2643 881 2727 religione
919 2642 1230 2709 munitius
1268 2663 1462 2726 quam
1501 2642 1727 2707 domus
1755 2642 1945 2707 unius
1974 2644 2180 2709 cuius—

165 2756 287 2819 que
333 2733 613 2799 civium‘?
702 2731 829 2796 Hic
875 2752 1024 2797 arae
1070 2735 1239 2815 sunt,
1285 2731 1393 2795 hic
1438 2730 1584 2811 foci,
1628 2730 1734 2794 hic
1781 2730 1847 2794 di
1890 2736 2179 2817 penateS,

82 2836 137 2876 80
164 2822 270 2887 hic
307 2842 508 2906 sacra,
543 2820 913 2905 religiones,
946 2818 1374 2885 caerimoniae
1412 2818 1848 2901 continentur3
1886 2820 2011 2884 hoc
2039 2842 2177 2904 per-

162 2907 415 2994 fugium
471 2912 572 2973 est
624 2908 722 2972 ita
772 2912 1068 2973 sanctum
1115 2907 1442 2991 omnibuS,
1497 2911 1572 2972 ut
1617 2907 1762 2973 inde
1812 2907 2024 2991 abripi
2070 2929 2176 2971 ne·

163 2998 401 3061 minem
448 2997 551 3062 fas
599 2998 705 3062 sit.
777 2995 917 3072 Quo
965 2995 1175 3081 magis
1213 2999 1314 3059 est
1347 2995 1536 3060 istius
1572 2994 1754 3060 furor
1791 2995 1873 3058 ab
1914 2995 2176 3059 auribus
2196 2996 2286 3059 42

163 3086 400 3150 vestris
446 3085 881 3170 repellendus,
937 3086 1074 3168 qui,
1129 3104 1293 3167 quae
1340 3083 1618 3149 maiores
1663 3082 1875 3148 nostri
1920 3082 2178 3166 religio-

162 3174 353 3239 nibus
399 3177 544 3238 tuta
586 3174 776 3238 nobis
814 3176 881 3237 et
920 3176 1146 3237 sancta
1182 3194 1322 3237 esse
1361 3172 1723 3253 voluerunt,
1769 3192 1845 3233 ea
1880 3170 2007 3233 iste
2045 3192 2176 3234 non

82 3279 135 3319 ⁸5
166 3265 375 3327 solum
422 3266 650 3328 contra
686 3260 1065 3364 religionem
1102 3259 1539 3343 labefactavit,
1585 3258 1697 3323 sed
1735 3256 1933 3322 etiam
1969 3257 2176 3342 ipsius

162 3351 501 3437 religionis
547 3351 807 3417 nomine
854 3349 1103 3415 evertit.

296 3443 387 3504 At
442 3461 607 3523 quae
662 3438 779 3504 dea
835 3439 975 3503 est?
1032 3438 1285 3504 Bonam
1343 3457 1482 3501 esse
1528 3438 1812 3519 oportet,
1868 3436 2283 3518 quoniamuo

267 3552 377 3593 010.
404 3555 467 3593 11.
498 3556 535 3594 2.
1786 3544 1852 3593 32
