2534 3875
852 189 1006 246 CAP.
1045 196 1106 258 5,
1146 197 1178 245 6
1216 197 1248 256 ἓ
1281 197 1505 246 10—14.
2022 191 2155 256 279

129 332 485 398 Catilinam
539 333 728 398 datas
774 355 915 399 esse
961 334 1232 399 dicebat.
1325 333 1546 418 Atque
1590 334 1685 399 ibi
1730 335 2157 400 vehementis-

129 423 296 486 sime
330 423 745 506 perturbatus
774 421 1087 490 Lentulus
1123 426 1348 488 tamen
1384 426 1451 486 et
1486 423 1747 508 signum
1784 428 1850 488 et
1886 446 2151 488 manum

129 533 320 576 suam
377 511 700 596 cognovit.
789 509 1000 576 Erant
1055 514 1269 576 autem
1326 510 1468 575 sine
1520 511 1812 594 nomine,
1868 512 1980 575 sed
2024 512 2151 576 ita:

132 597 348 673 ‘Quis
395 598 564 680 sim,
611 597 808 663 scies
857 619 943 662 ex
989 620 1100 682 eo,
1147 621 1369 682 quem
1415 598 1506 664 ad
1550 602 1625 663 te
1663 599 1860 664 misi.
1926 598 2153 683 Cura,

69 691 218 752 sut
270 687 385 751 vir
439 687 574 768 sie,
627 692 704 753 et
761 686 1051 772 cogita,
1107 708 1324 770 quem
1376 687 1455 751 in
1509 687 1759 752 locum
1816 687 1924 752 sis
1979 709 2152 773 pro·

128 796 468 858 gressus,
526 774 750 856 Vide,
797 774 1070 858 ecquid
1125 774 1278 840 tibi
1330 775 1478 840 iam
1528 776 1631 840 sit
1672 796 2019 859 necesse,
2074 779 2152 840 et

127 885 342 941 cura,
396 866 480 927 ut
535 863 865 927 omnium
910 863 1060 929 tibi
1105 863 1403 928 auxilia
1450 862 1859 949 adiungas,
1915 864 2149 929 etiam

125 949 617 1016 infimorum.'
693 950 1007 1016 Gabinius
1048 950 1273 1016 deinde
1309 951 1717 1018 introductus
1756 973 1902 1018 cum
1937 953 2150 1035 primo

126 1038 537 1139 impudenter
589 1038 978 1122 respondere
1034 1041 1384 1124 coepisset,
1438 1039 1520 1104 ad
1576 1044 1937 1106 extremum
1984 1040 2150 1105 nihil

53 1146 96 1184 ιο
128 1149 214 1192 ex
275 1126 382 1209 iis,
446 1147 609 1209 quae
665 1124 840 1191 Galli
904 1127 1399 1206 insimulabant,
1461 1129 1746 1214 negavit.
1826 1128 1923 1195 Ac
1986 1129 2147 1194 mihi

127 1214 418 1298 quidem,
464 1213 766 1297 Quirites,
811 1237 955 1280 cum
1000 1216 1120 1280 illa
1165 1216 1530 1281 certissima
1572 1216 1717 1282 visa
1762 1221 1914 1282 sunt
1961 1237 2149 1302 argu-

123 1307 354 1367 menta
399 1306 595 1386 atque
639 1265 878 1367 indicia
923 1304 1210 1386 sceleris,
1266 1305 1576 1388 tabellae,
1632 1305 1846 1391 signa,
1902 1327 2152 1388 manus,

125 1391 407 1474 denique
451 1392 639 1456 unius
687 1391 991 1475 cuiusque
1037 1392 1384 1476 confessio,
1439 1398 1579 1457 tum
1628 1395 1832 1458 multo
1870 1394 2149 1458 certiora

124 1480 275 1557 illa,
331 1479 536 1562 color,
595 1479 790 1562 oculi,
845 1480 1062 1544 voltus
1072 1530 1090 1562 ,
1145 1480 1577 1546 taciturnitas.
1671 1479 1777 1546 Sic
1823 1482 1994 1546 enim
2042 1482 2151 1546 ob·

53 1588 92 1624 -5
128 1570 550 1652 stupuerant,
615 1568 704 1632 sic
766 1572 1009 1634 terram
1071 1569 1521 1653 intuebantur,
1586 1569 1679 1634 sic
1736 1568 1964 1633 furtim
2017 1592 2151 1634 non

121 1678 487 1739 numquam
531 1654 701 1720 inter
747 1677 887 1720 sese
933 1656 1352 1740 aspiciebant,
1397 1661 1473 1721 ut
1517 1678 1649 1722 non
1694 1657 1827 1722 iam
1874 1658 1956 1722 ab
2004 1657 2150 1722 aliis

121 1744 430 1827 indicari,
477 1743 588 1808 sed
623 1743 906 1808 indicare
951 1767 1020 1810 se
1067 1745 1194 1829 ipsi
1229 1744 1619 1809 viderentur.

263 1829 526 1896 Indiciis
556 1832 866 1915 expositis
896 1835 1090 1915 atque
1119 1832 1329 1913 editis,
1357 1831 1658 1916 Quirites,
1688 1836 1984 1898 senatum
2005 1853 2151 1897 con·

123 1919 325 2005 sului,
369 1920 446 1985 de
484 1942 736 1987 summa
769 1942 838 1987 re
881 1921 1144 2005 publica
1180 1921 1334 2007 quid
1368 1920 1511 1986 fieri
1546 1921 1848 2007 placeret.
1921 1920 2150 1986 Dictae

56 2029 89 2067 ο
121 2013 290 2074 sunt
334 2032 372 2073 a
408 2008 806 2093 principibus
844 2010 1192 2075 acerrimae
1231 2032 1306 2075 ac
1340 2009 1736 2075 fortissimae
1775 2010 2151 2092 sententiae,

119 2119 296 2181 quas
341 2102 600 2161 senatus
643 2097 780 2163 sine
815 2098 951 2162 ulla
987 2098 1303 2163 varietate
1340 2101 1441 2162 est
1478 2101 1753 2163 secutuS.
1824 2097 1913 2163 Et
1950 2119 2149 2181 quon-

116 2187 262 2251 iam
321 2184 607 2250 nondum
661 2189 762 2249 est
809 2190 1240 2270 perscriptum
1302 2190 1563 2251 senatus
1618 2188 2013 2270 consultum,
2072 2206 2151 2251 ex

115 2273 448 2339 memoria
462 2274 666 2357 vobis,
686 2272 986 2358 Quirites,
1006 2273 1160 2359 quid
1179 2279 1442 2339 senatus
1462 2275 1800 2357 censuerit,
1814 2295 2150 2358 exponam.

115 2362 424 2425 Primum
460 2361 621 2425 mihi
659 2363 910 2446 gratiae
937 2363 1150 2427 verbis
1189 2362 1611 2447 amplissimis
1640 2366 1939 2446 aguntur,
1978 2363 2150 2446 quod

55 2467 83 2509 5
115 2449 394 2532 virtute,
441 2450 730 2533 consilio,
773 2450 1180 2534 providentia
1223 2472 1369 2515 mea
1402 2472 1507 2515 res
1553 2450 1814 2535 publica
1849 2450 2150 2515 maximis

111 2538 434 2624 periculis
483 2537 570 2601 sit
614 2537 907 2603 liberata.
977 2538 1226 2605 Deinde
1273 2538 1345 2603 L.
1388 2537 1659 2603 Flaccus
1706 2544 1773 2603 et
1818 2536 1887 2603 C.
1916 2537 2151 2623 Pomp-

109 2628 310 2690 tinus
356 2630 708 2710 praetoreS,
754 2626 923 2710 quod
971 2649 1192 2691 eorum
1232 2648 1431 2710 opera
1466 2627 1622 2693 forti
1657 2626 1956 2710 fidelique
1995 2649 2149 2691 usus

111 2736 370 2797 essem,
433 2713 667 2780 merito
723 2736 799 2779 ac
851 2714 988 2779 iure
1043 2715 1405 2780 laudantur.
1486 2715 1704 2799 Atque
1758 2716 1957 2781 etiam
2010 2715 2150 2780 viro

108 2802 310 2884 forti,
344 2802 630 2887 collegae
672 2823 834 2885 mec,
872 2803 1014 2867 laus
1049 2803 1415 2887 inpertitur,
1454 2804 1626 2887 quod
1654 2824 1783 2887 eos,
1822 2804 1931 2888 qui
1958 2803 2150 2868 huius

55 2910 78 2949 a
111 2890 598 2956 coniurationis
658 2890 1006 2975 participes
1058 2890 1363 2969 fuissent,
1419 2914 1458 2956 a
1516 2892 1649 2956 suis
1702 2895 1767 2956 et
1814 2914 1853 2956 a
1898 2892 1992 2955 rei
2038 2913 2151 2975 pu-

107 2980 344 3043 blicae
389 2978 674 3043 consiliis
720 2980 1120 3045 removisset.
1210 2978 1429 3063 Atque
1475 2980 1571 3044 ita
1616 2983 2027 3061 censuerunt,
2078 2983 2151 3045 ut

103 3068 190 3131 P.
219 3066 562 3151 Lentulus,
608 3089 754 3131 cum
801 3088 870 3133 se
914 3071 1218 3151 praetura
1256 3068 1640 3152 abdicasset,
1684 3069 1753 3132 in
1790 3067 2150 3133 custodiam

103 3155 524 3239 traderetur3
577 3154 863 3239 itemque
917 3156 1015 3219 uti
1063 3152 1133 3224 C.
1179 3154 1505 3242 Cethegus
1516 3206 1534 3238 ,
1588 3156 1659 3221 L.
1708 3154 2033 3237 Statilius,
2078 3153 2149 3220 P.

104 3243 478 3324 Gabinim,
531 3244 640 3326 qui
697 3264 918 3309 omnes
977 3248 1351 3326 praesentes
1409 3248 1619 3323 erant,
1673 3244 1743 3307 in
1788 3242 2149 3309 custodiam

57 3351 70 3391 s
101 3332 564 3415 traderentur,
624 3335 818 3417 atque
862 3331 1034 3396 idem
1080 3332 1203 3397 hoc
1250 3332 1577 3397 decretum
1623 3335 1723 3395 est
1767 3332 1836 3396 in
1881 3330 1953 3397 L.
1998 3329 2150 3397 Cas-

102 3422 315 3502 sium,
361 3420 473 3504 qui
521 3420 645 3485 sibi
691 3419 1214 3505 procurationem
1258 3419 1691 3485 incendendae
1737 3419 1917 3483 urbis
1956 3418 2149 3504 depo-

99 3511 448 3592 poscerat,
483 3508 552 3573 in
587 3508 674 3573 M.
711 3506 1074 3594 Ceparium,
1113 3508 1216 3574 cui
1254 3509 1336 3573 ad
1374 3507 1815 3573 sollicitandos
1853 3511 2149 3591 pastores

2188 1145 2255 1193 13

2188 1834 2228 1896 6

2189 2378 2257 2427 14
