2534 3875
280 159 410 225 316
837 158 984 214 PRO
1020 158 1085 211 L.
1122 156 1439 212 MURENA
1478 155 1766 216 ORATIO.

281 303 543 368 deratae
599 305 777 385 sunt,
835 324 999 386 quae
1055 302 1288 366 ambae
1343 301 1412 366 in
1457 301 1802 366 consulatu
1849 301 2126 366 multum
2171 300 2317 366 Mu-

278 413 471 456 renae
536 389 950 474 profuerunt,
1014 411 1143 456 una
1208 391 1576 474 expectatio
1643 389 1958 473 muneris,
2023 410 2190 474 quae
2243 392 2318 453 et

278 501 536 544 rumore
595 501 730 544 non
782 478 967 544 nullo
1025 482 1092 542 et
1138 478 1372 544 studiis
1413 477 1958 580 sermonibusque
2001 478 2318 563 competi-

276 572 493 633 torum
540 571 865 652 creverat,
908 568 1142 650 altera,
1190 566 1363 650 quod
1408 565 1483 650 ii,
1529 587 1692 650 quos
1737 566 1806 630 in
1852 565 2191 650 provincia
2237 588 2320 632 ac

277 657 607 741 legatione
656 655 867 721 omnis
915 658 980 720 et
1025 653 1445 721 liberalitatis
1493 658 1559 718 et
1603 653 1866 720 virtutis
1915 675 2070 720 suae
2115 654 2315 720 testis
2349 673 2380 714 5

277 745 623 827 habuerat,
677 744 968 809 nondum
1024 742 1450 809 decesserant.
1541 741 1798 808 Horum
1853 746 2202 827 utrumque
2251 743 2319 807 ei

275 834 543 898 fortuna
588 831 669 896 ad
716 833 1091 897 consulatus
1136 830 1521 915 petitionem
1566 831 1941 896 reservavit.
2021 828 2197 896 Nam
2248 836 2322 896 ct

277 921 346 984 L.
404 919 658 985 Luculli
725 920 1069 1005 exercitus,
1136 919 1248 1004 qui
1303 918 1416 984 ad
1439 917 1842 1002 triumphum
1899 924 2319 1003 convenerat,

276 1009 448 1074 idem
496 1006 781 1074 comitiis
829 1007 900 1072 L.
927 1006 1236 1072 Murenae
1273 1010 1537 1092 praesto
1587 1006 1733 1085 fuit,
1780 1011 1846 1072 et
1891 1027 2126 1072 munus
2174 1029 2318 1072 am-

275 1097 670 1182 plissimum,
728 1095 898 1179 quod
953 1095 1187 1178 petitio
1242 1099 1586 1181 praeturae
1641 1094 2071 1178 desiderarat,
2127 1117 2318 1177 prae·
2351 1114 2406 1155 ιο

171 1202 239 1251 38
276 1189 427 1249 tura
491 1185 799 1249 restituit.
899 1181 1075 1249 Num
1131 1183 1256 1248 tibi
1309 1183 1471 1248 haec
1523 1205 1728 1266 parva
1780 1182 2082 1248 videntur
2136 1183 2320 1248 adiu·

240 1339 243 1343 .
277 1276 499 1338 menta
546 1277 613 1337 et
657 1271 948 1337 subsidia
986 1273 1380 1354 consulatus,
1435 1273 1740 1337 voluntas
1779 1271 2108 1337 militum?
2148 1293 2320 1356 quae

278 1383 421 1426 cum
476 1382 591 1445 per
638 1382 707 1425 se
755 1360 934 1426 valet
980 1359 1415 1443 multitudine,
1462 1383 1607 1426 cum
1656 1359 1827 1445 apud
1873 1381 2027 1426 suos
2074 1361 2320 1445 gratia,

275 1458 414 1514 tum
472 1470 626 1514 vero
684 1449 754 1514 in
808 1450 1070 1514 consule
1127 1448 1515 1514 declarando
1563 1449 1844 1514 multum
1891 1448 2093 1513 etiam
2139 1450 2318 1532 apud

275 1538 650 1604 universum
696 1538 1011 1622 populum
1056 1535 1427 1602 Romanum
1473 1537 1883 1604 auctoritatis
1930 1536 2130 1602 habet
2165 1536 2306 1602 suf·
2341 1555 2400 1595 1⁵

274 1626 563 1711 fragatio
609 1625 943 1709 militaris3
987 1626 1416 1709 imperatores
1463 1625 1634 1694 enim
1683 1624 1965 1690 comitiis
2011 1625 2319 1690 consula-

275 1715 483 1798 ribuS,
543 1736 679 1780 non
739 1715 1086 1780 verborum
1157 1713 1548 1798 interpretes
1602 1713 1996 1800 deliguntur.
2095 1711 2320 1789 Quare

277 1803 497 1886 gravis
571 1806 673 1867 est
736 1802 853 1866 illa
918 1803 1158 1867 oratio:
1234 1801 1365 1866 ‘Me
1430 1801 1720 1868 saucium
1785 1801 2131 1884 recreavit,
2204 1823 2317 1867 me

273 1891 516 1976 praeda
572 1891 868 1975 donavit3
924 1890 1048 1958 hoc
1085 1890 1243 1956 duce
1292 1894 1508 1957 castra
1553 1889 1870 1977 cepimus,
1926 1889 2118 1974 signa
2164 1910 2319 1955 con-

275 1980 573 2063 tulimus3
627 2001 983 2063 numquam
1038 1980 1162 2044 iste
1220 1980 1368 2063 plus
1425 1979 1624 2044 militi
1683 1979 1929 2043 laboris
1975 1978 2317 2063 imposuit,
2347 1998 2408 2039 so

276 2091 473 2153 quam
522 2067 648 2132 sibi
695 2067 978 2152 sumpsit
1020 2067 1178 2151 ipse,
1224 2089 1371 2133 cum
1415 2066 1626 2149 fortiS,
1670 2072 1812 2131 tum
1857 2066 2058 2132 etiam
2104 2066 2316 2133 felix?
2381 2129 2390 2135 .

275 2156 420 2223 Hoc
467 2156 695 2242 quanti
742 2160 937 2239 putas
985 2177 1127 2221 esse
1174 2155 1254 2220 ad
1302 2156 1541 2220 famam
1589 2154 1929 2220 hominum
1967 2176 2043 2221 ac
2079 2156 2316 2220 volun-

274 2246 525 2310 tatem?
616 2244 900 2328 Etenim,
947 2243 1003 2307 si
1048 2248 1237 2309 tanta
1281 2243 1417 2309 illis
1466 2244 1748 2309 comitiis
1795 2243 2026 2329 religio
2065 2247 2188 2325 cst,
2234 2248 2318 2309 ut

278 2334 487 2398 adhuc
568 2354 823 2416 semper
905 2353 1095 2396 omen
1167 2333 1449 2397 valuerit
1519 2330 2072 2416 praerogativum,
2155 2332 2316 2415 quid

276 2422 517 2485 mirum
596 2424 698 2485 est
769 2422 839 2485 in
910 2420 1035 2485 hoc
1106 2418 1444 2485 felicitatis
1507 2419 1753 2485 famam
1817 2440 2318 2503 sermonemque
2347 2438 2406 2480 85

277 2508 606 2573 valuisse?

175 2597 253 2660 19
413 2594 538 2659 Sed
594 2596 651 2659 si
706 2596 866 2660 haec
919 2596 1171 2661 leviora
1217 2595 1427 2679 ducis,
1487 2618 1652 2679 quae
1701 2599 1854 2661 sunt
1901 2595 2318 2681 gravissima,
2381 2588 2387 2593 ’

278 2688 343 2748 et
410 2683 580 2747 hanc
645 2684 964 2747 urbanam
1019 2683 1556 2769 suffragationem
1616 2683 1890 2749 militari
1947 2684 2317 2769 anteponiS,

274 2771 412 2837 noli
458 2770 760 2835 ludorum
806 2770 999 2836 huius
1047 2772 1444 2857 elegantiam
1482 2776 1550 2837 et
1587 2794 1856 2837 scaenae
1896 2772 2318 2859 magnificen-

274 2860 436 2924 tiam
491 2858 680 2923 valde
746 2862 1183 2943 contemnere3
1249 2882 1416 2945 quae
1478 2860 1630 2925 huic
1687 2860 2035 2926 admodum
2088 2860 2312 2945 profu·
2343 2879 2404 2921 ⁸0

276 2952 483 3013 erunt.
573 2945 749 3012 Nam
797 2947 951 3030 quid
998 2968 1120 3033 ego
1169 2948 1381 3013 dicam
1427 2949 1741 3034 populum
1791 2970 1866 3013 ac
1910 2949 2148 3035 vulgus
2193 2949 2316 3015 im-

275 3037 633 3120 peritorum
696 3034 866 3099 ludis
933 3057 1176 3122 magno
1234 3058 1429 3122 opere
1486 3036 1834 3105 delectari?
1933 3036 2153 3101 Minus
2209 3040 2318 3103 est

276 3124 659 3191 mirandum.
736 3122 1141 3209 Quamquam
1188 3124 1342 3190 huic
1387 3146 1619 3192 causae
1664 3125 1732 3191 id
1779 3125 1941 3191 satis
1980 3128 2107 3211 est3
2153 3130 2398 3203 sunt

276 3214 449 3279 enim
508 3212 736 3298 populi
795 3234 870 3278 ac
929 3213 1368 3278 multitudinis
1426 3213 1708 3279 comitia.
1800 3212 2040 3297 Quare,
2095 3212 2153 3277 si
2199 3236 2316 3297 po-

276 3303 429 3385 pulo
505 3302 807 3366 ludorum
873 3300 1360 3387 magnificentia
1423 3301 1744 3387 voluptati
1807 3306 1938 3385 est,
2009 3323 2143 3366 non
2206 3305 2314 3367 est
2341 3319 2398 3361 ⁸⁵

277 3389 643 3455 mirandum
700 3412 843 3455 eam
888 3389 959 3453 L.
1008 3388 1318 3455 Murenae
1373 3391 1541 3475 apud
1598 3390 1914 3475 populum
1969 3388 2316 3475 profuisse.

171 3492 239 3540 39
280 3476 405 3541 Sed
462 3478 519 3542 si
563 3482 821 3543 nosmet
867 3477 1023 3562 ipsi,
1078 3478 1189 3562 qui
1245 3484 1313 3543 et
1367 3480 1450 3543 ab
1508 3478 1938 3543 delectatione
1985 3478 2318 3543 communi

2526 2242 2534 2430 4
