2534 3875
368 209 409 269 6
940 203 1084 258 PRO
1121 203 1195 258 M.
1235 203 1501 259 TULLIO
1543 202 1831 259 ORATIO.

360 349 563 414 habet
620 350 691 413 in
750 371 913 436 agro
975 348 1268 413 Thurino
1329 347 1417 413 M.
1477 347 1734 413 Tullius
1793 351 2165 435 paternum,
2229 371 2404 414 recu-

360 443 710 522 peratoreS‚
757 460 948 523 quem
1000 459 1068 502 se
1108 437 1351 503 habere
1387 459 1595 520 usque
1633 458 1709 503 eo
1749 458 1878 502 non
1917 437 2196 505 moleste
2231 439 2404 521 tulit,

362 526 563 592 don-ec
616 526 901 591 vicinum
960 527 1099 590 eius
1155 525 1332 590 modi
1387 529 1619 590 nactus
1677 529 1803 606 est,
1865 525 1976 610 qui
2034 525 2183 612 agri
2241 527 2402 592 fines

362 613 563 679 armis
610 614 903 699 proferre
955 613 1185 679 mallet
1230 635 1428 698 quam
1474 616 1614 678 iure
1662 613 2020 679 defendere.
2110 613 2292 678 Nam
2337 613 2404 679 P.

358 701 600 768 Fabius
644 724 853 788 nuper
899 704 1059 767 emit
1103 723 1337 788 agrum
1383 701 1460 766 de
1499 699 1570 765 O.
1607 699 1880 767 Claudio
1926 705 2248 786 senatore,
2299 704 2400 768 cui
2423 709 2444 748 ⁵

358 790 558 855 fundo
619 797 762 856 erat
818 790 1049 855 adfinis
1106 789 1194 854 M.
1249 789 1533 874 Tullius,
1593 810 1750 854 sane
1803 810 2075 876 magno,
2130 790 2404 856 dimidio

358 880 493 944 fere
556 878 766 964 pluris
830 879 1151 943 incultum
1226 877 1472 942 exustis
1544 877 1724 942 villis
1799 878 2128 963 omnibus,
2204 901 2404 964 quam

358 970 586 1051 quanti
632 967 966 1053 integrum
1012 971 1208 1051 atque
1246 965 1738 1031 ornatissimum
1775 967 2130 1032 carissimis
2169 969 2404 1053 pretiis

356 1055 497 1140 ipse
545 1054 855 1120 Claudius
903 1106 917 1120 .
967 1106 980 1119 .
1027 1105 1042 1120 .
1775 1091 1780 1096 ·

928 1142 1205 1225 [Desunt
1244 1145 1528 1209 undecim
1569 1146 1825 1226 versus]

254 1251 320 1301 15
359 1233 529 1297 clam
587 1232 1169 1318 circumscripsisse
1228 1231 1344 1296 isti
1405 1255 1446 1296 a
1502 1233 1830 1298 consulari
1889 1231 2278 1299 Macedonia
2343 1241 2404 1300 et
2429 1258 2466 1297 ιο

356 1320 533 1384 Asia.
596 1320 821 1385 Etiam
865 1320 1029 1385 illud
1076 1319 1329 1404 addam,
1377 1320 1551 1406 quod
1597 1320 1680 1385 ad
1726 1342 1865 1386 rem
1909 1322 2228 1406 pertinet:
2277 1322 2403 1389 Im·

356 1411 660 1494 peratore
696 1413 955 1474 mortuo
990 1411 1335 1493 pecuniam
1370 1409 1590 1475 nescio
1630 1430 1757 1493 quo
1798 1409 1990 1475 modo
2030 1411 2402 1495 quaesitam

357 1497 507 1561 dum
556 1497 703 1562 vult
747 1498 817 1561 in
860 1498 1125 1582 praedio
1172 1519 1444 1582 ponere,
1496 1518 1630 1562 non
1674 1501 1920 1582 posuit,
1977 1498 2093 1562 sed
2140 1500 2404 1566 abiecit.

356 1584 542 1650 Nihil
591 1585 801 1651 adhuc
847 1608 914 1650 m
960 1635 976 1650 .
1023 1635 1039 1650 .
1087 1636 1101 1650 .

970 1674 1245 1758 [Desunt
1285 1693 1496 1739 versus
1539 1675 1784 1754 decem]

253 1813 321 1942 ,ξ
358 1762 1912 1934 ..izmsfflzmsiffizfflssffiusspffssffi{¹35ss
1925 1763 2099 1916 ‘³334
2155 1768 2404 1918 ’ἓξὲξ
2430 1787 2497 1914 Ὗ

359 1960 436 2004 eo
474 1959 633 2024 agro
673 1940 981 2021 centuria,
1028 1960 1193 2024 quae
1222 1938 1586 2023 Populiana
1621 1940 2016 2024 nominatur,
2064 1962 2405 2029 recupera·
2494 1998 2495 2013 ι

359 2032 534 2093 tores
544 2077 562 2110 ‚
608 2048 773 2112 quae
819 2048 1077 2112 semper
1122 2027 1209 2094 M.
1255 2026 1434 2092 Tulli
1477 2027 1635 2111 fuit,
1693 2049 1890 2112 quam
1947 2029 2152 2107 etiam
2215 2038 2405 2117 pater

357 2116 721 2200 possederat
762 2165 777 2181 .
825 2164 843 2181 .
886 2166 900 2180 .
1038 2169 1049 2179 ,
1727 2198 1730 2201 ἦ

930 2203 1205 2285 [Desunt
1242 2205 1524 2269 undecim
1567 2202 1822 2287 versus]

356 2292 575 2377 posita
620 2313 761 2358 esse
812 2296 879 2358 et
916 2292 997 2356 ad
1033 2291 1309 2357 fundum
1345 2293 1484 2357 eius
1523 2294 1881 2358 convenire.
1957 2294 2055 2359 Ac
2093 2298 2404 2381 primum,
2427 2311 2464 2349 2⁰

357 2381 531 2465 quod
578 2402 721 2446 eum
770 2381 1021 2469 negotii
1066 2382 1275 2446 totius
1313 2384 1379 2445 et
1417 2381 1766 2463 emptionis
1805 2404 1961 2447 suae
1998 2385 2406 2469 paenitebat,

356 2468 626 2533 fundum
672 2469 1089 2555 proscripsit3
1134 2491 1283 2535 eum
1331 2472 1547 2534 autem
1593 2473 1887 2555 emptum
1924 2471 2226 2538 habebat
2263 2497 2405 2541 cum

359 2556 535 2622 socio
584 2556 696 2623 Cn.
745 2558 1119 2641 Acerroni0‚
1163 2556 1306 2623 viro
1356 2560 1610 2642 optimc.
2327 2574 2334 2578 ·

924 2646 1196 2725 [Desunt
1234 2647 1520 2711 undecim
1561 2648 1818 2728 versus]

253 2752 322 2802 1⁷
359 2732 625 2798 modum
678 2735 1158 2820 proscripsisse.
1247 2732 1601 2800 Hominem
1657 2734 1969 2820 appellat.
2058 2734 2202 2802 Iste
2253 2760 2404 2803 sane

360 2822 769 2907 adroganter,
818 2824 988 2907 quod
1035 2823 1450 2888 commodum
1494 2822 1648 2906 fuit,
1695 2823 2048 2907 respondit.
2144 2825 2462 2912 Neque-2⁵

357 2910 513 2977 dum
558 2911 719 2974 fines
768 2914 993 2976 auctor
1040 2912 1616 2977 demonstraverat.
1705 2910 1918 2977 Mittit
1963 2912 2046 2977 ad
2092 2936 2404 2998 procura·

357 3004 569 3065 torem
613 2997 868 3063 litteras
916 3003 983 3064 et
1029 2999 1109 3064 ad
1155 2999 1421 3066 vilicum
1469 3000 1724 3064 Tullius
1773 3051 1786 3065 .
1834 3051 1849 3064 .
1898 3050 1912 3064 .

965 3086 1240 3169 [Desunt
1281 3089 1479 3153 decem
1521 3090 1772 3169 versus]

354 3176 679 3241 facturum
701 3176 995 3263 negavit3
1026 3176 1161 3241 illis
1183 3176 1564 3241 absentibus
1583 3176 1744 3241 fines
1766 3177 2120 3243 Acerronio
2143 3178 2406 3246 demon·
2483 3244 2485 3247 Α

358 3265 596 3329 stravit
622 3286 829 3349 neque
858 3271 1080 3329 tamen
1106 3264 1277 3329 hanc
1297 3266 1655 3330 centuriam
1673 3263 2106 3349 Populianam
2128 3284 2402 3334 vacuam
2483 3290 2485 3299 ·

356 3352 646 3418 tradidit.
695 3353 1108 3437 AcerroniuS‚
1129 3374 1255 3437 quo
1285 3352 1480 3417 modo
1508 3354 1746 3438 potuit,
1765 3375 1833 3418 se
1863 3353 1941 3418 de
1968 3360 2114 3419 tota
2143 3377 2220 3422 re
2241 3380 2322 3423 ex
2351 3410 2364 3422 .
2391 3405 2406 3422 .
2427 3370 2464 3409 ³⁰

283 3472 322 3535 3
932 3439 1206 3522 [Desunt
1244 3442 1528 3506 undecim
1572 3443 1824 3524 versus]

256 3548 322 3597 18
362 3578 375 3591 .
436 3579 449 3592 .
497 3529 669 3592 mine
718 3531 855 3592 eius
903 3528 1081 3593 modi
1132 3528 1577 3593 semustilatus
1626 3530 1870 3617 effugit.
1943 3530 2239 3596 Adducit
2286 3537 2407 3598 iste
2481 3590 2483 3593 Α
