2534 3875
895 165 1046 222 cAP.
1086 173 1226 223 6-s
1264 173 1295 234 ς
1337 172 1563 224 14—19.
2092 170 2225 236 255

198 312 659 378 subselliorum
720 312 962 376 nudam
1028 315 1223 395 atque
1288 312 1547 377 inanem
1603 313 2033 398 reliquerunt,
2095 337 2222 400 quo

196 401 461 466 tandem
536 400 755 466 animo
834 399 1013 481 [hoc]
1088 399 1212 465 tibi
1283 399 1627 466 ferundum
1690 403 1928 486 putas?
2039 400 2224 468 Servi

198 489 563 555 mehercule
608 489 738 553 mei
784 488 842 553 si
886 510 990 553 me
1034 488 1165 554 isto
1212 493 1404 572 pacto
1451 493 1832 574 metuerent,
1878 495 1954 555 ut
1987 495 2054 556 te
2092 513 2223 556 me-

197 581 395 642 tuunt
450 598 673 643 omnes
728 577 899 642 cives
952 576 1079 660 tui,
1145 577 1409 643 domum
1467 599 1679 643 meam
1735 580 2223 664 relinquendam

135 683 167 726 5
196 670 527 752 putarem3
587 669 664 730 tu
727 665 854 730 tibi
918 666 1145 730 urbem
1206 687 1342 730 non
1406 665 1791 732 arbitraris?
1857 671 1948 752 et,
2008 668 2066 733 si
2120 689 2226 733 me

197 755 361 820 meis
425 754 673 820 civibus
735 753 973 818 iniuria
1036 758 1408 838 suspectum
1471 758 1611 820 tam
1678 755 1967 842 graviter
2030 760 2225 840 atque

199 844 518 909 offensum
582 842 895 926 viderem,
958 864 1176 908 carere
1240 864 1344 907 me
1410 848 1676 928 aspectu
1739 844 1974 910 civium
2033 865 2225 929 quam

196 931 459 997 infestis
506 932 795 996 omnium
842 930 1047 996 oculis
1095 931 1384 1015 conspici
1430 933 1724 1011 mallem3
1767 937 1842 997 tu
1889 955 2034 998 cum
2081 954 2228 998 con-

200 1019 477 1086 scientia
549 1020 865 1085 scelerum
938 1025 1199 1085 tuorum
1264 1041 1586 1106 agnoscas
1651 1021 1870 1086 odium
1936 1022 2226 1087 omnium

110 1127 171 1168 ιο
198 1109 449 1176 iustum
478 1112 546 1173 et
573 1109 705 1174 iam
734 1108 844 1172 diu
871 1108 995 1173 tibi
1023 1107 1335 1190 debitum,
1364 1108 1644 1194 dubitas,
1673 1131 1947 1194 quorum
1976 1114 2226 1175 mentes

201 1218 558 1281 sensusque
612 1196 940 1280 volueras,
996 1217 1217 1262 eorum
1274 1200 1609 1282 aspectum
1664 1199 2228 1283 praesentiamque

200 1285 457 1351 vitare?
558 1281 628 1349 Si
692 1289 759 1350 te
813 1288 1117 1370 parentes
1173 1285 1481 1350 timerent
1537 1291 1730 1371 atque
1787 1287 2076 1353 odissent
2129 1287 2230 1351 tui

198 1395 413 1458 neque
459 1394 569 1439 eos
615 1373 752 1438 ulla
796 1373 1048 1438 ratione
1092 1373 1354 1458 placare
1399 1394 1625 1459 posses
1635 1424 1653 1458 ,
1705 1379 1783 1439 ut
1828 1376 2089 1459 opinor,
2143 1376 2228 1441 ab

200 1485 427 1528 eorum
466 1462 668 1527 oculis
715 1461 933 1546 aliquo
980 1462 1381 1528 concederes.
1443 1460 1634 1526 Nunc
1679 1465 1745 1526 te
1783 1464 2018 1546 patria,
2065 1485 2228 1548 quae

113 1569 172 1610 1⁶
200 1550 563 1618 communis
610 1554 712 1615 est
744 1571 979 1635 parens
1019 1550 1306 1615 omnium
1341 1553 1658 1633 nostrum,
1705 1550 1844 1626 odit
1883 1572 1958 1616 ac
1995 1552 2231 1615 metuit

202 1644 273 1706 et
318 1641 450 1705 iam
498 1639 609 1704 diu
651 1638 817 1704 nihil
854 1642 921 1704 te
957 1639 1201 1705 iudicat
1234 1639 1366 1703 nisi
1401 1639 1479 1703 de
1515 1637 1862 1723 parricidio
1901 1661 2018 1703 suo
2057 1640 2229 1724 cogi-

200 1734 377 1812 tare3
429 1727 624 1792 huius
675 1731 752 1793 tu
803 1748 1013 1812 neque
1060 1727 1513 1793 auctoritatem
1558 1726 1862 1792 verebere
1906 1748 2024 1792 nec
2068 1727 2229 1791 iudi-

202 1818 374 1884 cium
448 1836 716 1901 sequere
786 1837 905 1881 nec
975 1816 1108 1882 vim
1180 1815 1642 1901 pertimesces?
1753 1815 1932 1890 Quae
1997 1805 2230 1898 tecum]

204 1905 520 1990 Catilina,
582 1904 690 1971 sic'
739 1904 880 1988 agit
942 1908 1011 1970 et
1063 1905 1347 1989 quodam
1402 1904 1594 1969 modo
1652 1905 1856 1970 tacita
1913 1903 2230 1989 loquitur:

116 2014 177 2055 so
204 1994 503 2061 ‘Nullum
548 1994 681 2059 iam
728 1993 979 2078 aliquot
1024 1994 1211 2059 annis
1254 1992 1508 2058 facinus
1545 1993 1797 2058 exstitit
1831 1993 1962 2057 nisi
1997 2014 2113 2077 per
2147 1997 2232 2078 te,

202 2084 461 2150 nullum
514 2082 840 2169 flagitium
896 2082 1034 2147 sine
1091 2086 1184 2165 te3
1238 2082 1366 2147 tibi
1418 2082 1532 2146 uni
1587 2082 1946 2145 multorum
1993 2081 2230 2146 civium

204 2194 415 2256 neces,
459 2171 584 2236 tibi
629 2170 885 2237 vexatio
934 2170 1338 2256 direptioque
1386 2170 1710 2235 sociorum
1757 2169 2057 2253 inpunita
2099 2168 2231 2234 fuit

206 2284 283 2330 ac
354 2261 589 2344 libera3
658 2264 733 2324 tu
794 2281 928 2324 non
992 2260 1203 2324 solum
1271 2259 1353 2323 ad
1415 2257 1854 2344 neglegendas
1920 2258 2099 2343 leges
2164 2262 2232 2323 et

206 2349 650 2435 quaestiones,
712 2369 937 2412 verum
1002 2347 1201 2413 etiam
1256 2347 1340 2411 ad
1396 2346 1774 2411 evertendas
1829 2345 2230 2432 perfringen-

121 2456 179 2498 85
207 2440 450 2524 dasque
504 2436 789 2503 valuisti.
887 2434 1237 2521 Superiora
1299 2435 1442 2520 illa,
1509 2456 1902 2520 quamquam
1964 2434 2232 2500 ferenda

204 2549 340 2594 non
374 2526 657 2609 fuerunt,
691 2529 931 2610 tamen,
966 2531 1043 2590 ut
1081 2524 1288 2609 potui,
1324 2524 1473 2607 tuli3
1509 2545 1680 2589 nunc
1707 2545 1857 2589 vero
1886 2545 1991 2588 me
2017 2527 2231 2589 totam

208 2638 347 2682 esse
405 2615 476 2679 in
529 2618 709 2679 metu
760 2617 1033 2700 propter
1076 2635 1275 2678 unum
1322 2614 1416 2694 te,
1471 2612 1776 2697 quicquid
1821 2611 2233 2697 increpuerit,

207 2704 561 2771 Catilinam
615 2702 861 2787 timeri,
913 2701 1166 2767 nullum
1211 2700 1418 2767 videri
1463 2704 1692 2766 contra
1735 2722 1840 2765 me
1887 2702 2230 2766 consilium

206 2792 361 2858 iniri
424 2812 644 2877 posse,
706 2791 877 2876 quod
942 2813 983 2856 a
1039 2795 1155 2855 tuo
1212 2790 1449 2855 scelere
1506 2789 1884 2873 abhorreat,
1941 2811 2074 2855 non
2132 2793 2232 2855 est

124 2899 182 2941 ³⁰
207 2880 561 2946 ferendum.
663 2877 871 2955 Quam
937 2880 1022 2945 ob
1084 2900 1223 2944 rem
1288 2878 1541 2943 discede
1595 2881 1791 2962 atque
1847 2877 2018 2943 hunc
2072 2878 2231 2942 mihi

2266 421 2330 471 17

2270 1833 2334 1883 18

207 2970 512 3036 timorem
558 2968 764 3053 eripe;
818 2968 877 3032 si
924 2972 1025 3033 est
1069 2988 1288 3051 verus,
1331 2988 1413 3031 ne
1460 2966 1816 3051 opprimar,
1862 2967 1964 3030 sin
2009 2965 2232 3049 falsus,
2271 3012 2312 3078 8

206 3062 284 3123 ut
327 3057 592 3123 tandem
639 3056 987 3140 aliquando
1022 3055 1253 3121 timere
1293 3054 1626 3119 desinam?
1689 3052 1869 3119 Haec
1907 3054 1964 3118 si
2000 3058 2233 3135 tecum,
2274 3091 2340 3140 19

208 3148 305 3231 ita
348 3150 425 3211 ut
468 3144 626 3229 dixi,
680 3144 898 3231 patria
942 3145 1281 3229 loquatur,
1325 3165 1540 3209 nonne
1586 3142 1936 3225 impetrare
1984 3140 2234 3223 debeat,

211 3234 472 3301 etiamsi
524 3233 657 3298 vim
705 3233 1013 3299 adhibere
1056 3254 1191 3298 non
1235 3231 1492 3316 possit?
1583 3227 1775 3313 Quid,
1831 3228 2003 3312 quod
2047 3232 2122 3293 tu
2167 3232 2233 3293 te

126 3340 183 3384 ss
210 3326 351 3409 ipse
405 3323 475 3389 in
531 3321 891 3387 custodiam
947 3321 1210 3403 dedisti,
1269 3319 1442 3405 quod
1487 3317 1792 3384 vitandae
1847 3316 2232 3401 suspicionis

208 3433 405 3478 causa
443 3410 524 3476 ad
569 3409 673 3477 Μ’.
700 3409 1015 3495 Lepidum
1051 3414 1119 3474 te
1155 3408 1456 3473 habitare
1493 3406 1658 3471 velle
1695 3404 1960 3470 dixisti?
2007 3403 2070 3468 A
2106 3426 2232 3488 quo

207 3523 342 3567 non
387 3502 685 3583 receptus
734 3499 934 3564 etiam
980 3497 1063 3563 ad
1108 3519 1213 3563 me
1258 3496 1478 3561 venire
1524 3514 1719 3561 ausus
1766 3513 1835 3557 es
1883 3496 2102 3579 atque,
2161 3496 2236 3557 ut
