2534 3875
783 199 939 256 CAP.
977 205 1188 254 37-39
1227 204 1258 265 5
1297 204 1560 255 99-104.
2052 198 2188 264 495

143 343 458 410 arbitrati
515 346 694 426 sunt,
759 343 1028 409 eandem
1083 362 1206 427 ego
1264 342 1498 408 subibo
1553 363 1628 408 ac
1686 343 2046 426 sustinebo,
2110 347 2185 408 ut

144 432 323 517 apud
379 435 679 515 posteros
735 435 1000 497 nostros
1054 453 1190 496 non
1235 433 1558 496 extinctor
1603 430 2069 496 coniurationis
2119 434 2184 496 et

145 519 434 604 sceleriS,
481 521 592 586 sed
638 523 865 586 auctor
912 524 977 584 et
1023 520 1149 584 dux
1193 518 1398 583 fuisse
1444 519 1711 584 videar?
1783 518 1973 584 Hanc
2009 536 2290 602 vero,102

143 608 523 692 pontifices,
570 608 785 673 labem
831 607 1258 692 turpitudinis
1309 613 1374 672 et
1416 607 1895 672 inconstantiae
1940 607 2183 692 poterit

87 712 116 753 ⁵
144 697 378 781 populi
434 695 715 761 Romani
776 695 1063 782 dignitas
1120 695 1442 760 sustinere
1487 695 1636 760 vivo
1687 699 1943 780 senatu,
1997 695 2182 760 vobis

144 784 554 870 principibus
582 784 828 868 publici
855 783 1135 865 consilii,
1163 787 1237 848 ut
1266 784 1496 849 domus
1525 781 1614 846 M.
1645 782 1822 848 Tulli
1853 781 2183 848 Ciceronis

148 895 299 938 cum
374 873 564 938 domo
632 873 727 938 M.
791 871 979 936 Fulvi
1044 871 1260 938 Flacci
1335 872 1415 937 ad
1492 870 1874 936 memoriam
1938 893 2183 956 poenae

147 961 408 1045 publice
446 961 840 1026 constitutae
878 960 1223 1025 coniuncta
1251 981 1392 1024 esse
1419 959 1760 1026 videatur?
1797 959 1884 1024 M.
1914 959 2184 1025 Flaccus

152 1050 307 1133 quia
382 1071 527 1115 cum
592 1048 659 1114 C.
725 1047 1016 1113 Graccho
1088 1051 1319 1113 contra
1384 1047 1663 1113 salutem
1725 1047 1820 1112 rei
1883 1047 2182 1132 publicae

68 1155 123 1194 10
150 1137 414 1221 fecerat,
452 1159 529 1202 ex
568 1141 832 1202 senatus
861 1136 1184 1202 sententia
1213 1139 1314 1200 est
1338 1135 1750 1219 interfectus;
1787 1135 1924 1202 eius
1955 1137 2184 1202 domus

154 1247 383 1290 eversa
448 1229 515 1289 et
578 1226 912 1310 publicata
978 1229 1107 1307 est3
1168 1225 1239 1288 in
1305 1246 1432 1308 qua
1487 1224 1810 1308 porticum
1864 1228 2017 1307 post
2071 1224 2184 1289 ali-

154 1319 399 1398 quanto
455 1311 527 1388 Q.
571 1311 843 1380 Catulus
901 1313 980 1378 de
1027 1312 1355 1377 manubiis
1404 1309 1745 1378 Cimbricis
1783 1312 1955 1377 fecit.
2046 1311 2186 1378 Ista

154 1405 375 1467 autem
446 1401 558 1466 fax
630 1423 705 1466 ac
775 1401 949 1466 furia
1009 1402 1261 1485 patriae
1326 1422 1472 1466 cum
1536 1400 1762 1465 urbem
1818 1400 2053 1466 Pisone
2118 1405 2185 1465 et

154 1489 436 1555 Gabinio
503 1489 771 1554 ducibus
837 1489 1143 1573 cepisset,
1215 1493 1624 1572 occupasset,
1701 1491 1982 1572 teneret,
2053 1511 2184 1555 uno

74 1596 126 1636 1⁵
156 1579 507 1663 eodemque
544 1583 838 1661 tempore
876 1582 943 1642 et
970 1576 1315 1642 clarissimi
1342 1576 1466 1641 viri
1493 1577 1737 1642 mortui
1764 1581 2186 1643 monumenta

156 1667 417 1732 delebat
453 1672 520 1731 et
555 1688 765 1731 meam
793 1666 1058 1731 domum
1087 1686 1231 1730 cum
1260 1663 1477 1732 Flacci
1507 1664 1699 1730 domo
1730 1665 2186 1751 coniungebat,

154 1759 255 1838 ut,
310 1776 440 1838 qua
492 1776 704 1840 poena
759 1757 1025 1819 senatus
1082 1753 1409 1818 adfecerat
1470 1775 1834 1820 eversorem
1881 1753 2186 1837 civitatiS,

159 1843 379 1908 eadem
417 1843 543 1908 iste
582 1864 895 1928 oppresso
936 1845 1165 1906 senatu
1202 1841 1505 1906 adficeret
1543 1863 1706 1926 eum,
1743 1863 1934 1926 quem
1961 1844 2182 1926 patres

157 1931 509 2016 conscripti
573 1932 907 1998 custodem
970 1930 1219 2015 patriae
1275 1929 1689 1996 iudicassent.
1788 1928 1976 1997 Hanc
2031 1952 2183 1998 vero
2193 1909 2293 2036 gg

76 2038 131 2079 20
158 2022 227 2085 in
272 2019 531 2085 Palatio
586 2025 781 2104 atque
836 2022 905 2086 in
961 2019 1397 2105 pulcherrimo
1444 2019 1626 2084 urbis
1671 2019 1815 2085 loco
1861 2020 2186 2105 porticum

162 2130 301 2173 esse
402 2108 719 2191 atiemini,
772 2108 1011 2174 furoris
1066 2107 1429 2191 tribunicii,
1485 2107 1750 2173 sceleris
1811 2107 2188 2191 consulariS,

163 2194 353 2261 crude
380 2196 562 2260 itatis
610 2198 1111 2278 coniuratorum,
1156 2195 1551 2261 calamitatis
1588 2195 1682 2261 rei
1718 2195 2032 2281 publicae,
2079 2195 2186 2260 do-

164 2283 324 2349 loris
388 2284 517 2347 mei
582 2283 859 2349 defixum
922 2284 1230 2349 indicium
1301 2285 1382 2349 ad
1445 2286 1832 2350 memoriam
1897 2284 2185 2349 omnium

164 2372 455 2458 gentium
530 2373 1033 2457 sempiternam?
1110 2394 1304 2457 quam
1369 2372 1694 2456 porticum
1757 2394 1876 2457 pro
1947 2394 2187 2455 amore,

86 2478 137 2519 25
165 2481 355 2545 quem
412 2459 669 2525 habetis
722 2460 793 2525 in
846 2483 983 2527 rem
1038 2461 1369 2545 publicam
1425 2464 1492 2524 et
1546 2482 1800 2545 semper
1844 2460 2188 2542 habuistis,

164 2571 294 2614 non
332 2550 523 2614 modo
555 2549 909 2630 sententiis,
946 2550 1077 2631 sed,
1117 2549 1173 2613 si
1202 2570 1367 2633 opus
1398 2552 1586 2632 esset,
1623 2549 1922 2614 manibus
1950 2548 2188 2614 vestris

166 2637 531 2703 disturbare
580 2639 928 2721 cuperetis,
986 2637 1111 2701 nisi
1159 2659 1350 2720 quem
1396 2636 1566 2701 forte
1612 2636 1791 2701 illius
1839 2636 2189 2703 castissimi

169 2726 520 2793 sacerdotis
569 2726 1026 2811 superstitiosa
1070 2724 1388 2790 dedicatio
1437 2724 1737 2791 deterret.

298 2814 352 2879 Ο
398 2835 565 2897 rem,
611 2834 806 2897 quam
851 2813 1145 2879 homines
1194 2813 1394 2877 soluti
1439 2812 1648 2879 ridere
1692 2834 1826 2879 non
1870 2814 2298 2897 desinant,104

91 2919 141 2961 ³0
169 2903 492 2969 tristiores
574 2905 793 2967 autem
878 2902 1015 2966 sine
1088 2923 1393 2969 maxumo
1469 2901 1689 2966 dolore
1763 2901 1986 2967 audire
2057 2922 2191 2965 non

170 2990 445 3075 possint!
537 2989 889 3056 Publiusne
937 2988 1222 3075 Clodius,
1269 2988 1379 3073 qui
1426 3010 1503 3053 ex
1548 2989 1874 3072 pontificis
1923 2988 2192 3053 maximi

170 3078 360 3144 domo
406 3079 788 3165 religionem
835 3077 1092 3162 eripuit,
1138 3078 1196 3142 is
1240 3078 1312 3143 in
1348 3099 1562 3142 meam
1598 3076 1866 3141 intulit?
1930 3075 2191 3141 Huncin

172 3188 310 3248 vos,
363 3166 473 3251 qui
530 3167 689 3233 estis
748 3165 1078 3231 antistites
1134 3165 1672 3233 caerimoniarum
1729 3170 1795 3230 et
1842 3185 2191 3248 sacrorum,

171 3258 497 3320 auctorem
559 3254 817 3319 habetis
884 3258 951 3318 et
1010 3253 1399 3339 magistrum
1454 3253 1754 3338 publicae
1809 3252 2191 3338 religionis?

92 3360 143 3402 ³5
172 3342 224 3409 Ο
288 3343 353 3407 di
417 3342 846 3409 immortales!
914 3337 1059 3426 (vos
1121 3341 1292 3406 enim
1356 3342 1516 3407 haec
1579 3340 1800 3407 audire
1858 3338 2074 3427 cupio)
2118 3339 2190 3405 P.

172 3430 433 3497 Clodius
468 3436 688 3497 vestra
727 3452 913 3496 sacra
949 3433 1151 3513 curat,
1194 3433 1487 3495 vestrum
1523 3450 1764 3495 numen
1797 3428 2042 3513 horret,
2086 3450 2192 3495 res

173 3520 378 3587 omnis
424 3520 746 3587 humanas
784 3518 1101 3605 religione
1139 3522 1362 3585 vestra
1398 3518 1714 3585 contineri
1751 3518 1986 3604 putat?
2067 3516 2192 3584 Hic
2236 3566 2242 3571 -
