2534 3875
331 143 462 208 152
856 142 1000 198 PRO
1039 143 1102 197 A.
1146 140 1507 195 cLUENTIO
1540 125 1838 198 omnmo,

327 305 669 352 PERETUR.
759 286 998 353 Utrum
1045 286 1303 352 videtur
1361 286 1430 349 id
1476 289 1740 351 senatus
1786 284 2033 351 factum
2079 285 2368 351 iudicare

331 399 435 460 an,
473 376 530 441 si
574 376 825 441 factum
871 376 977 458 sit,
1026 376 1301 439 moleste
1349 376 1765 459 graviterque
1810 372 2025 437 ferre?
2108 370 2177 437 Si
2221 373 2367 459 ipse

328 462 408 530 A.
456 462 791 529 Cluentius
850 464 1242 528 sententiam
1301 461 1377 527 de
1434 462 1687 526 iudiciis
1743 465 2110 546 rogaretur,
2166 462 2364 526 aliam

253 544 260 551 ’
331 574 465 616 11011
541 552 810 635 diceret,
885 554 1082 635 atque
1155 551 1205 614 ii
1279 549 1605 633 dixerunt,
1678 571 1953 632 quorum
2019 551 2364 615 sententiis

223 657 325 706 137
351 638 724 705 Cluentium
781 639 1280 704 condemnatum
1329 660 1469 703 esse
1517 637 1749 703 dicitis.
1842 635 1968 702 Sed
2022 659 2266 720 quaero
2324 661 2367 703 a
2392 655 2419 697 5

328 729 515 794 vobis
527 778 544 811 ,
595 750 755 793 num
809 728 1009 792 istam
1065 727 1280 811 legem
1333 749 1409 792 ex
1455 726 1585 791 isto
1634 729 1898 790 senatus
1946 727 2246 790 consulto
2289 726 2365 791 L.

327 816 635 881 Lucullus
697 816 947 898 consul,
1015 815 1212 879 homo
1271 815 1817 899 sapientissimus,
1883 814 2138 897 tulerit,
2202 836 2365 879 num

330 926 501 969 anno
558 908 713 989 post
764 904 850 969 M.
908 903 1209 968 Lucullus
1273 907 1339 967 et
1395 902 1463 968 G.
1523 900 1815 985 CassiUS,
1872 901 1943 965 in
2000 924 2161 985 quos
2219 906 2365 967 tum

330 993 625 1057 consules
700 991 1074 1076 designatos
1146 991 1319 1055 idem
1391 990 1556 1054 illud
1630 993 1895 1055 senatus
1970 990 2363 1055 decreverat.

328 1080 480 1145 Non
525 1081 846 1163 tulerunt3
895 1084 961 1143 et
1008 1080 1180 1163 quod
1225 1084 1303 1142 tu
1348 1078 1578 1143 Habiti
1623 1079 1897 1163 pecunia
1932 1077 2180 1143 factum
2220 1100 2362 1143 esse
2390 1096 2447 1135 ιο

329 1168 553 1253 arguis
596 1190 806 1252 neque
849 1168 917 1231 id
963 1168 1102 1232 ulla
1146 1167 1533 1232 tenuissima
1581 1166 1947 1251 suspicione
1994 1166 2364 1250 confirmaS,

326 1255 573 1321 factum
647 1261 747 1320 est
818 1256 1101 1340 primum
1171 1256 1440 1320 illorum
1515 1256 1841 1338 aequitate
1906 1258 1972 1318 et
2036 1256 2365 1338 sapientia

329 1344 685 1428 consulum,
732 1348 806 1408 ut
848 1343 934 1428 id,
983 1344 1155 1428 quod
1203 1348 1467 1408 senatus
1516 1343 1887 1407 decreverat
1934 1343 2016 1407 ad
2061 1343 2225 1406 illud
2270 1344 2365 1407 in-

326 1432 537 1497 vidiae
590 1454 898 1515 praesens
953 1431 1321 1497 incendium
1377 1431 1940 1517 restinguendum,
2007 1430 2075 1494 id
2128 1436 2365 1513 postea

327 1520 736 1585 referendum
771 1521 852 1585 ad
881 1521 1195 1621 populum
1224 1542 1358 1585 non
1387 1519 1880 1584 arbitrarentur.
1943 1517 2093 1603 Ipse
2131 1518 2363 1583 deinde
2393 1536 2445 1576 15

327 1610 606 1693 populus
643 1609 997 1692 RomanuS,
1045 1609 1157 1692 qui
1192 1607 1266 1673 L.
1295 1606 1555 1693 Quincti
1593 1608 1872 1688 [tribuni
1906 1606 2147 1692 plebis]
2186 1608 2362 1673 fictis

330 1697 750 1779 querimoniis
799 1702 989 1777 antea
1036 1696 1397 1761 concitatus
1442 1718 1582 1759 rem
1626 1696 1809 1759 illam
1848 1698 1914 1758 et
1951 1694 2363 1780 rogationem

327 1785 689 1870 flagitarat,
743 1785 916 1849 idem
964 1783 1034 1850 G.
1079 1784 1231 1848 Iuni
1284 1784 1433 1866 filii,
1487 1783 1675 1868 pueri
1730 1782 2015 1868 parvuli,
2070 1784 2361 1847 lacrimis

327 1877 692 1939 commotus
747 1874 1033 1939 maximo
1091 1872 1373 1938 clamore
1430 1877 1496 1937 et
1550 1893 1863 1938 concursu
1908 1875 2121 1935 totam
2169 1894 2362 1956 quae-

221 1979 324 2029 138
348 1963 624 2046 stionem
681 1963 870 2026 illam
917 1966 983 2026 et
1029 1962 1245 2046 legem
1291 1960 1675 2044 repudiavit.
1756 1961 1857 2025 Ex
1894 1983 2022 2045 quo
2060 1960 2363 2045 intellegi
2390 1977 2451 2021 2⁰

327 2051 570 2135 potuit,
615 2050 683 2114 id
730 2050 903 2133 quod
950 2071 1144 2134 saepe
1190 2050 1437 2114 dictum
1483 2053 1610 2126 est,
1656 2052 1730 2113 ut
1776 2070 1975 2149 mare,
2021 2049 2194 2132 quod
2240 2071 2363 2114 sua

323 2145 560 2204 natura
629 2138 1060 2223 tranquillum
1134 2137 1250 2221 sit,
1323 2140 1667 2202 ventorum
1729 2136 1794 2202 vi
1859 2137 2099 2220 agitari
2163 2141 2361 2221 atque

325 2227 607 2310 turbari,
664 2227 756 2291 sic
809 2227 1126 2310 populum
1171 2225 1539 2291 Romanum
1587 2247 1705 2288 sua
1751 2228 1986 2308 sponte
2032 2246 2175 2289 esse
2221 2226 2361 2310 pla-

326 2319 562 2399 catum,
597 2314 934 2379 hominum
975 2314 1433 2378 seditiosorum
1462 2312 1729 2378 vocibus
1759 2316 1833 2376 ut
1861 2312 2359 2378 violentissimis

325 2404 828 2486 tempestatibus
877 2402 1209 2467 concitari.
2390 2419 2448 2460 2⁵

216 2491 306 2556 50
460 2490 585 2555 Est
661 2491 857 2555 etiam
937 2490 1190 2574 reliqua
1275 2510 1634 2574 permagna
1704 2488 2089 2572 auctoritas,
2161 2511 2361 2572 quarn

327 2598 450 2662 ego
498 2577 779 2662 turpiter
834 2599 1039 2662 paene
1092 2577 1429 2662 praeterii3
1484 2599 1630 2641 mea
1690 2577 1866 2640 enim
1914 2598 2055 2659 esse
2104 2577 2358 2642 dicitur.

321 2665 652 2730 Recitavit
697 2687 775 2729 ex
823 2667 1118 2730 oratione
1164 2666 1381 2730 nescio
1431 2687 1559 2748 qua
1606 2665 1861 2749 Accius,
1909 2687 2103 2748 quam
2141 2686 2359 2731 meam

326 2774 467 2817 esse
554 2753 836 2837 dicebat,
919 2753 1439 2819 cohortationem
1514 2752 1842 2836 quandam
1916 2752 2199 2818 iudicum
2252 2752 2359 2828 „ad

322 2841 597 2906 honeste
635 2841 1050 2905 iudicandum
1089 2845 1155 2904 et
1191 2840 1875 2906 commemorationem
1904 2863 2051 2906 cum
2080 2841 2360 2906 aliorum
2388 2859 2449 2901 ao

323 2929 726 3012 iudiciorum,
774 2951 938 3012 quae
980 2930 1262 3013 probata
1298 2951 1434 2994 non
1471 2932 1706 3011 essent,
1751 2932 1895 2993 tum
1930 2928 2167 2994 illius
2146 2929 2357 3013 1psius

324 3017 546 3082 iudicii
589 3016 876 3100 Iuniani3
922 3017 1196 3101 proinde
1245 3017 1433 3100 quasi
1479 3038 1601 3103 ego
1639 3039 1774 3081 non
1813 3018 1896 3081 ab
1934 3017 2123 3081 initio
2160 3017 2357 3082 huius

325 3105 716 3170 defensionis
782 3105 1052 3170 dixerim
1110 3105 1505 3170 invidiosum
1566 3105 1727 3170 illud
1783 3105 2095 3170 iudicium
2152 3106 2357 3178 fuisse

325 3198 458 3277 aut,
504 3217 649 3259 cum
698 3193 774 3258 de
820 3193 1092 3258 infamia
1137 3193 1524 3258 iudiciorum
1571 3193 1991 3277 disputarem,
2027 3193 2363 3278 potuerim

321 3282 514 3383 illud,
577 3282 748 3366 quod
807 3284 947 3346 tam
1011 3283 1327 3366 populare
1386 3284 1583 3365 esset,
1642 3281 1760 3345 illo
1824 3285 2118 3366 tempore
2171 3304 2357 3366 prae·
2386 3299 2447 3342 85

219 3387 319 3434 139
340 3370 553 3435 terire.
626 3370 773 3455 Ego
827 3392 980 3435 vero
1039 3370 1095 3434 si
1150 3370 1306 3455 quid
1361 3370 1495 3434 eius
1551 3369 1730 3433 modi
1784 3368 1945 3451 dixi,
1997 3390 2207 3452 neque
2256 3392 2359 3436 co-

323 3459 580 3566 gnitum
618 3458 1124 3525 commemoravi
1160 3480 1369 3544 neque
1396 3479 1517 3542 pro
1546 3457 1922 3522 testimonio
1953 3456 2103 3541 dixi,
2142 3460 2209 3521 et
2235 3459 2359 3522 illa
