2534 3875
305 142 390 207 34
848 142 989 199 PRO
1027 144 1103 199 Μ.
1141 139 1462 200 FONTEIO
1500 143 1785 200 ORATIO.

303 286 457 387 ipsa
499 307 707 388 nuper
751 288 1088 353 obsidione
1142 287 1434 355 hostium
1488 288 1768 352 liberata
1819 310 1991 354 nunc
2050 288 2335 357 eiusdem

307 374 588 439 miseriis
627 397 702 441 ac
737 375 1042 461 periculis
1069 380 1529 477 commovetur.
1610 374 1924 461 Denique,
1960 381 2035 443 ut
2070 382 2338 462 oportet

305 462 481 528 bello
521 462 794 547 Gallico,
841 468 917 529 ut
951 464 1273 529 maiorum
1309 464 1453 529 iura
1488 485 1827 549 moresque
1862 466 2336 551 praescribunt,

269 572 494 616 nemo
559 555 660 617 est
717 551 876 619 civis
934 552 1296 636 RomanuS,
1361 552 1473 639 qui
1537 552 1666 653 sibi
1726 553 1862 619 11113
1920 554 2333 620 excusatione

303 639 615 705 utendum
647 643 864 725 putet;
902 662 1126 707 omnes
1161 640 1339 705 illius
1376 639 1746 726 provinciae
1772 640 2121 742 publicani,
2158 643 2331 727 agri-
2363 657 2395 698 ⁵

304 728 502 811 colae,
545 728 849 815 pecuarii,
894 730 1094 797 ceteri
1127 728 1575 815 negotiatores
1620 750 1749 793 uno
1788 729 2005 795 animo
2042 728 2129 796 Μ.
2164 729 2218 795 F
2222 752 2331 796 on-

196 814 279 879 21
302 816 507 880 teium
545 820 742 901 atque
789 838 920 882 una
959 838 1117 882 voce
1164 817 1535 884 defendunt.
1622 818 1766 898 [17]
1814 816 2059 894 Quodsi
2103 822 2329 885 tantas

192 1711 262 1760 4⁷

303 902 691 969 auxiliorum
726 908 1104 971 nostrorum
1141 905 1363 990 copias
1407 904 1947 973 Indutiomarus
1927 926 2069 991 ipse
2107 906 2263 991 desp
2268 928 2329 971 0-

301 991 498 1074 xerit,
553 992 682 1057 dux
726 992 1166 1093 Allobrogum
1212 998 1698 1077 ceterorumque
1744 992 2113 1078 Gallorum,
2170 1016 2331 1059 num

301 1078 501 1145 etiam
548 1080 626 1144 de
672 1079 903 1145 matris
957 1081 1130 1146 hunc
1175 1083 1546 1167 complexu,
1602 1080 1995 1147 lectissimae
2050 1081 2331 1147 miserri-
2362 1098 2422 1139 ιο

303 1189 576 1251 maeque
634 1167 941 1253 femmae,
1003 1169 1190 1234 vobis
1251 1170 1771 1253 inspectantibus
1832 1170 2072 1235 avellet
2130 1174 2329 1255 atque

304 1254 688 1321 abstrahet?
751 1257 1138 1341 praesertim
1191 1280 1338 1324 cum
1394 1256 1580 1344 virgo
1634 1257 1927 1323 Vestalis
1982 1280 2060 1322 ex
2116 1258 2332 1326 altera

301 1347 485 1427 parte
526 1364 908 1428 germanum
943 1346 1217 1411 fratrem
1254 1347 1592 1431 complexa
1635 1350 1860 1412 teneat
1894 1350 2328 1431 vestramque,

301 1429 569 1515 iudices,
625 1454 703 1500 ac
754 1455 884 1518 pop
887 1434 984 1499 1111
1039 1434 1321 1499 Romani
1373 1434 1567 1501 fidem
1621 1434 1935 1519 inploret3
1996 1456 2159 1519 quae
2205 1458 2327 1521 pro

301 1520 486 1585 vobis
531 1482 886 1607 liberisque
921 1522 1156 1589 vestris
1202 1526 1307 1587 tot
1344 1544 1547 1589 annos
1592 1524 1662 1587 in
1698 1522 1795 1587 dis
1841 1521 2327 1589 immortalibus
2360 1540 2419 1581 1⁵

300 1607 636 1691 placandis
698 1614 1014 1695 occupata
1073 1614 1199 1694 est,
1257 1614 1334 1675 ut
1393 1632 1468 1676 ea
1527 1632 1699 1676 nunc
1756 1632 1875 1694 pro
1938 1612 2148 1677 salute
2208 1634 2330 1678 sua

300 1696 655 1797 fratrisque
691 1698 795 1763 sui
830 1698 1083 1764 animos
1121 1702 1373 1764 vestros
1419 1700 1679 1783 placare
1723 1699 1951 1784 possit.
2031 1701 2154 1781 [37]
2205 1699 2331 1765 Cui

301 1784 574 1851 miserae
617 1786 790 1870 quod
825 1787 1240 1870 praesidium,
1287 1788 1457 1871 quod
1494 1786 1811 1873 solacium
1844 1787 2180 1878 reliquum
2226 1792 2331 1853 est

298 1870 426 1944 1100
471 1872 756 1941 amisso?
828 1872 1003 1940 Nam
1048 1879 1297 1942 ceterae
1343 1874 1620 1944 feminae
1658 1875 1927 1962 gignere
1972 1876 2153 1960 ipsae
2198 1876 2329 1944 sibi

299 1963 626 2044 praesidia
671 1966 738 2028 et
782 1963 1023 2028 habere
1071 1962 1247 2029 domi
1292 1963 1702 2030 fortunarum
1743 1964 2031 2032 omnium
2078 1965 2327 2030 socium
2356 1982 2420 2022 20

298 2049 812 2135 participemque
846 2055 1148 2136 possunt3
1185 2051 1337 2117 huic
1372 2074 1527 2118 vero
1554 2052 1794 2137 virgini
1826 2052 1981 2138 quid
2008 2055 2111 2120 est
2144 2075 2329 2136 prae·

299 2140 402 2202 ter
435 2136 710 2204 fratrem
747 2139 919 2223 quod
953 2144 1069 2204 aut
1101 2139 1449 2206 iucundum
1488 2145 1603 2205 aut
1630 2163 1853 2206 carum
1890 2162 2031 2205 esse
2070 2141 2327 2224 possit?

299 2223 524 2294 Nolite
559 2227 719 2313 pati,
765 2227 1026 2311 iudices,
1071 2250 1218 2294 aras
1256 2228 1525 2294 deorum
1559 2229 2031 2294 immortalium
2057 2228 2327 2296 Vestae·

299 2335 425 2397 que
469 2315 698 2381 matris
753 2315 1098 2382 cotidianis
1142 2315 1417 2401 virginis
1463 2317 2041 2384 lamentationibus
2095 2318 2173 2382 de
2219 2339 2327 2382 ve-

296 2405 439 2467 stro
475 2403 713 2469 iudicio
750 2404 1173 2488 commoneri3
1219 2405 1593 2490 prospicite,
1631 2427 1715 2470 ne
1751 2405 1921 2470 ille
1901 2405 2076 2490 1gnis
2115 2409 2322 2472 aeter·
2356 2422 2419 2464 2⁵

297 2511 420 2554 nus
481 2492 816 2557 nocturnis
879 2491 1190 2558 Fonteiae
1257 2493 1594 2558 laboribus
1667 2492 2042 2578 vigiliisque
2106 2514 2325 2559 serva·

299 2581 407 2643 tus
453 2578 808 2646 sacerdotis
853 2583 1110 2648 vestrae
1159 2580 1447 2646 lacrimis
1498 2580 1821 2647 extinctus
1866 2603 2006 2646 esse
2058 2581 2328 2649 dicatur.

189 2681 261 2731 48
302 2666 427 2749 [38]
447 2664 683 2732 Tendit
701 2668 784 2735 ad
801 2689 920 2734 vos
939 2669 1128 2754 virgo
1139 2668 1429 2734 Vestalis
1451 2691 1683 2735 manus
1699 2669 2027 2754 supplices
2046 2669 2328 2754 easdem,

301 2774 464 2837 quas
525 2777 647 2840 pro
702 2756 891 2821 vobis
946 2757 1046 2822 dis
1104 2756 1589 2822 immortalibus
1647 2758 1912 2822 tendere
1973 2759 2327 2825 consuevit.

300 2840 556 2925 Cavete,
600 2864 684 2910 ne
727 2844 1162 2929 periculosum
1208 2846 1687 2930 superbumque
1733 2845 1822 2910 sit
1868 2845 2004 2910 eius
2050 2867 2168 2912 vos
2214 2847 2325 2912 ob·
2356 2864 2418 2906 30

300 2930 728 2998 secrationem
773 2932 1140 3017 repudiare,
1191 2933 1372 2998 cuius
1417 2955 1641 3018 preces
1688 2933 1747 2998 si
1793 2933 1859 2998 di
1905 2942 2324 3018 aspernaren-

297 3023 430 3102 tur,
485 3019 645 3084 haec
699 3020 883 3086 salva
940 3041 1080 3086 esse
1131 3042 1266 3086 non
1320 3024 1606 3106 possent.
1695 3020 2034 3087 Videtisne
2088 3022 2327 3106 subite,

297 3107 570 3192 iudices,
615 3107 824 3172 virum
870 3107 1331 3190 fortissimum,
1375 3107 1462 3174 M.
1507 3107 1876 3193 Fonteium,
1920 3110 2211 3194 parentis
2258 3115 2329 3176 et

301 3195 543 3260 sororis
615 3196 1230 3263 commemoratione
1304 3196 1609 3264 lacrimas
1680 3196 2090 3283 profudisse?
2200 3196 2327 3276 Qui

297 3305 652 3368 numquam
707 3285 777 3350 in
821 3285 958 3351 acie
1007 3284 1443 3369 pertimuerit,
1501 3285 1611 3369 qui
1666 3307 1736 3352 30
1782 3289 2072 3352 armatus
2128 3308 2323 3370 saepe
2349 3305 2411 3350 35

297 3371 368 3436 111
422 3371 712 3438 hostium
767 3395 1034 3440 manum
1089 3373 1697 3459 multitudinemque
1750 3373 2124 3458 immiserit,
2178 3396 2326 3441 cum

297 3459 368 3524 in
422 3459 560 3525 eius
626 3461 803 3527 modi
863 3461 1169 3548 periculis
1226 3463 1450 3528 eadem
1506 3484 1576 3527 se
1638 3462 1881 3527 solacia
1936 3461 2069 3527 suis
2127 3462 2327 3528 relin-
