<?xml version="1.0" encoding="UTF-8"?>
<!DOCTYPE html PUBLIC "-//W3C//DTD XHTML 1.0 Transitional//EN"
    "http://www.w3.org/TR/xhtml1/DTD/xhtml1-transitional.dtd">
<html xmlns="http://www.w3.org/1999/xhtml" xml:lang="en" lang="en">
 <head>
  <title>
</title>
<meta http-equiv="Content-Type" content="text/html;charset=utf-8" />
  <meta name='ocr-system' content='tesseract 3.04.00' />
  <meta name='ocr-capabilities' content='ocr_page ocr_carea ocr_par ocr_line ocrx_word'/>
</head>
<body>
  <div class='ocr_page' id='page_1' title='image "./scriptaquaemans03mlgoog_0424.png"; bbox 0 0 2534 3875; ppageno 0'>
   <div class='ocr_carea' id='block_1_1' title="bbox 319 148 2120 218">
    <p class='ocr_par' dir='ltr' id='par_1_1' title="bbox 319 148 2120 218">
     <span class='ocr_line' id='line_1_1' title="bbox 319 148 2120 218; baseline -0.002 -10"><span class='ocrx_word' id='word_1_1' title='bbox 319 153 451 218; x_wconf 82' lang='lat'><strong>286</strong></span> <span class='ocrx_word' id='word_1_2' title='bbox 540 151 621 206; x_wconf 84' lang='lat' dir='ltr'><strong>IN</strong></span> <span class='ocrx_word' id='word_1_3' title='bbox 654 152 715 206; x_wconf 89' lang='lat' dir='ltr'><strong>L.</strong></span> <span class='ocrx_word' id='word_1_4' title='bbox 746 149 1151 206; x_wconf 84' lang='lat' dir='ltr'>CATILINAM</span> <span class='ocrx_word' id='word_1_5' title='bbox 1186 148 1458 205; x_wconf 83' lang='lat' dir='ltr'>ORATIO</span> <span class='ocrx_word' id='word_1_6' title='bbox 1495 148 1590 204; x_wconf 89' lang='lat'>111.</span> <span class='ocrx_word' id='word_1_7' title='bbox 1665 149 1819 206; x_wconf 89' lang='lat' dir='ltr'>CAP.</span> <span class='ocrx_word' id='word_1_8' title='bbox 1861 155 1928 204; x_wconf 79' lang='lat'><strong>12</strong></span> <span class='ocrx_word' id='word_1_9' title='bbox 1965 156 1996 217; x_wconf 70' lang='lat'><strong>5</strong></span> <span class='ocrx_word' id='word_1_10' title='bbox 2035 157 2120 205; x_wconf 77' lang='lat'><strong>29.</strong></span> 
     </span>
    </p>
   </div>
   <div class='ocr_carea' id='block_1_2' title="bbox 214 291 2436 1438">
    <p class='ocr_par' dir='ltr' id='par_1_2' title="bbox 214 291 2436 1438">
     <span class='ocr_line' id='line_1_2' title="bbox 214 291 2352 379; baseline -0.001 -17"><span class='ocrx_word' id='word_1_11' title='bbox 214 315 281 364; x_wconf 84' lang='lat'><strong>29</strong></span> <span class='ocrx_word' id='word_1_12' title='bbox 318 297 480 362; x_wconf 85' lang='lat' dir='ltr'><strong>mihi</strong></span> <span class='ocrx_word' id='word_1_13' title='bbox 524 297 749 362; x_wconf 72' lang='lat' dir='ltr'><strong>lubeat</strong></span> <span class='ocrx_word' id='word_1_14' title='bbox 796 295 1183 361; x_wconf 80' lang='lat' dir='ltr'><strong>ascendere?</strong></span> <span class='ocrx_word' id='word_1_15' title='bbox 1244 293 1420 360; x_wconf 86' lang='lat' dir='ltr'>Illud</span> <span class='ocrx_word' id='word_1_16' title='bbox 1464 293 1792 379; x_wconf 83' lang='lat' dir='ltr'><strong>perficiam</strong></span> <span class='ocrx_word' id='word_1_17' title='bbox 1834 294 2147 379; x_wconf 74' lang='lat' dir='ltr'><strong>profecte,</strong></span> <span class='ocrx_word' id='word_1_18' title='bbox 2195 291 2352 370; x_wconf 85' lang='lat' dir='ltr'><strong>Qui-</strong></span> 
     </span>
     <span class='ocr_line' id='line_1_3' title="bbox 317 383 2351 485; baseline -0.001 -35"><span class='ocrx_word' id='word_1_19' title='bbox 317 387 503 466; x_wconf 76' lang='lat' dir='ltr'><strong>rites,</strong></span> <span class='ocrx_word' id='word_1_20' title='bbox 556 389 631 449; x_wconf 75' lang='lat' dir='ltr'><strong>ut</strong></span> <span class='ocrx_word' id='word_1_21' title='bbox 689 405 792 467; x_wconf 76' lang='lat' dir='ltr'><strong>ea,</strong></span> <span class='ocrx_word' id='word_1_22' title='bbox 848 405 1013 468; x_wconf 83' lang='lat' dir='ltr'><strong>quae</strong></span> <span class='ocrx_word' id='word_1_23' title='bbox 1026 384 1229 485; x_wconf 83' lang='lat' dir='ltr'>gessi</span> <span class='ocrx_word' id='word_1_24' title='bbox 1273 383 1345 446; x_wconf 90' lang='lat' dir='ltr'><strong>in</strong></span> <span class='ocrx_word' id='word_1_25' title='bbox 1389 383 1758 466; x_wconf 70' lang='lat' dir='ltr'><strong>consulatu,</strong></span> <span class='ocrx_word' id='word_1_26' title='bbox 1813 383 2108 467; x_wconf 73' lang='lat' dir='ltr'><strong>privatus</strong></span> <span class='ocrx_word' id='word_1_27' title='bbox 2156 386 2351 448; x_wconf 71' lang='lat' dir='ltr'><strong>tuear</strong></span> 
     </span>
     <span class='ocr_line' id='line_1_4' title="bbox 317 470 2350 557; baseline -0.001 -19"><span class='ocrx_word' id='word_1_28' title='bbox 317 479 514 557; x_wconf 79' lang='lat' dir='ltr'><strong>atque</strong></span> <span class='ocrx_word' id='word_1_29' title='bbox 559 494 804 555; x_wconf 89' lang='lat' dir='ltr'><strong>ornem,</strong></span> <span class='ocrx_word' id='word_1_30' title='bbox 850 476 941 555; x_wconf 77' lang='lat' dir='ltr'><strong>ut,</strong></span> <span class='ocrx_word' id='word_1_31' title='bbox 986 472 1043 538; x_wconf 91' lang='lat' dir='ltr'><strong>si</strong></span> <span class='ocrx_word' id='word_1_32' title='bbox 1088 493 1217 555; x_wconf 83' lang='lat' dir='ltr'><strong>qua</strong></span> <span class='ocrx_word' id='word_1_33' title='bbox 1262 475 1367 536; x_wconf 74' lang='lat' dir='ltr'><strong>est</strong></span> <span class='ocrx_word' id='word_1_34' title='bbox 1408 470 1706 535; x_wconf 79' lang='lat' dir='ltr'><strong>invidia</strong></span> <span class='ocrx_word' id='word_1_35' title='bbox 1688 493 1759 536; x_wconf 87' lang='lat' dir='ltr'><strong>m</strong></span> <span class='ocrx_word' id='word_1_36' title='bbox 1793 471 2238 536; x_wconf 79' lang='lat' dir='ltr'><strong>conservanda</strong></span> <span class='ocrx_word' id='word_1_37' title='bbox 2273 494 2350 536; x_wconf 88' lang='lat' dir='ltr'><strong>re</strong></span> 
     </span>
     <span class='ocr_line' id='line_1_5' title="bbox 316 522 2348 660; baseline -0.001 -34"><span class='ocrx_word' id='word_1_38' title='bbox 316 561 581 645; x_wconf 84' lang='lat' dir='ltr'><strong>publiea.</strong></span> <span class='ocrx_word' id='word_1_39' title='bbox 608 522 941 645; x_wconf 58' lang='lat' dir='ltr'><strong>susee&#39;pta,</strong></span> <span class='ocrx_word' id='word_1_40' title='bbox 954 559 1173 624; x_wconf 78' lang='lat' dir='ltr'><strong>laedat</strong></span> <span class='ocrx_word' id='word_1_41' title='bbox 1196 558 1472 640; x_wconf 82' lang='lat' dir='ltr'><strong>invidos,</strong></span> <span class='ocrx_word' id='word_1_42' title='bbox 1500 558 1662 624; x_wconf 90' lang='lat' dir='ltr'><strong>mihi</strong></span> <span class='ocrx_word' id='word_1_43' title='bbox 1689 559 1907 624; x_wconf 76' lang='lat' dir='ltr'><strong>valeat</strong></span> <span class='ocrx_word' id='word_1_44' title='bbox 1933 559 2016 624; x_wconf 84' lang='lat' dir='ltr'><strong>ad</strong></span> <span class='ocrx_word' id='word_1_45' title='bbox 2043 558 2348 660; x_wconf 84' lang='lat' dir='ltr'>gloriam.</span> 
     </span>
     <span class='ocr_line' id='line_1_6' title="bbox 318 647 2406 732; baseline -0.001 -18"><span class='ocrx_word' id='word_1_46' title='bbox 318 649 610 732; x_wconf 81' lang='lat' dir='ltr'>Demque</span> <span class='ocrx_word' id='word_1_47' title='bbox 656 648 753 714; x_wconf 76' lang='lat' dir='ltr'><strong>ita</strong></span> <span class='ocrx_word' id='word_1_48' title='bbox 799 670 903 712; x_wconf 89' lang='lat' dir='ltr'><strong>me</strong></span> <span class='ocrx_word' id='word_1_49' title='bbox 946 647 1018 711; x_wconf 89' lang='lat' dir='ltr'><strong>in</strong></span> <span class='ocrx_word' id='word_1_50' title='bbox 1060 669 1131 712; x_wconf 90' lang='lat' dir='ltr'><strong>re</strong></span> <span class='ocrx_word' id='word_1_51' title='bbox 1166 647 1432 732; x_wconf 81' lang='lat' dir='ltr'><strong>publiea.</strong></span> <span class='ocrx_word' id='word_1_52' title='bbox 1465 647 1786 730; x_wconf 74' lang='lat' dir='ltr'><strong>tractabo,</strong></span> <span class='ocrx_word' id='word_1_53' title='bbox 1823 651 1896 712; x_wconf 68' lang='lat' dir='ltr'><strong>ut</strong></span> <span class='ocrx_word' id='word_1_54' title='bbox 1935 647 2348 712; x_wconf 81' lang='lat' dir='ltr'><strong>meminerim</strong></span> <span class='ocrx_word' id='word_1_55' title='bbox 2377 665 2406 705; x_wconf 87' lang='lat'>⁵</span> 
     </span>
     <span class='ocr_line' id='line_1_7' title="bbox 319 735 2352 822; baseline 0 -20"><span class='ocrx_word' id='word_1_56' title='bbox 319 759 592 822; x_wconf 77' lang='lat' dir='ltr'><strong>semper,</strong></span> <span class='ocrx_word' id='word_1_57' title='bbox 638 758 803 821; x_wconf 85' lang='lat' dir='ltr'><strong>quae</strong></span> <span class='ocrx_word' id='word_1_58' title='bbox 851 735 1190 822; x_wconf 83' lang='lat' dir='ltr'><strong>gesserim,</strong></span> <span class='ocrx_word' id='word_1_59' title='bbox 1237 756 1608 819; x_wconf 78' lang='lat' dir='ltr'><strong>curemque,</strong></span> <span class='ocrx_word' id='word_1_60' title='bbox 1655 739 1729 799; x_wconf 78' lang='lat' dir='ltr'><strong>ut</strong></span> <span class='ocrx_word' id='word_1_61' title='bbox 1773 756 1852 800; x_wconf 83' lang='lat' dir='ltr'><strong>ea.</strong></span> <span class='ocrx_word' id='word_1_62' title='bbox 1895 735 2166 819; x_wconf 66' lang='lat' dir='ltr'><strong>virtube,</strong></span> <span class='ocrx_word' id='word_1_63' title='bbox 2209 757 2352 802; x_wconf 83' lang='lat' dir='ltr'><strong>non</strong></span> 
     </span>
     <span class='ocr_line' id='line_1_8' title="bbox 318 820 2352 909; baseline -0.001 -19"><span class='ocrx_word' id='word_1_64' title='bbox 318 846 473 890; x_wconf 80' lang='lat' dir='ltr'><strong>casu</strong></span> <span class='ocrx_word' id='word_1_65' title='bbox 510 828 699 909; x_wconf 77' lang='lat' dir='ltr'><strong>gesta</strong></span> <span class='ocrx_word' id='word_1_66' title='bbox 736 845 879 889; x_wconf 90' lang='lat' dir='ltr'><strong>esse</strong></span> <span class='ocrx_word' id='word_1_67' title='bbox 915 823 1269 888; x_wconf 78' lang='lat' dir='ltr'><strong>videantur.</strong></span> <span class='ocrx_word' id='word_1_68' title='bbox 1325 821 1484 906; x_wconf 91' lang='lat' dir='ltr'><strong>Vos,</strong></span> <span class='ocrx_word' id='word_1_69' title='bbox 1530 820 1836 905; x_wconf 75' lang='lat' dir='ltr'><strong>Quirites,</strong></span> <span class='ocrx_word' id='word_1_70' title='bbox 1873 824 2180 909; x_wconf 86' lang='lat' dir='ltr'><strong>quoniam</strong></span> <span class='ocrx_word' id='word_1_71' title='bbox 2211 824 2352 889; x_wconf 81' lang='lat' dir='ltr'><strong>iam</strong></span> 
     </span>
     <span class='ocr_line' id='line_1_9' title="bbox 320 909 2351 995; baseline 0.001 -19"><span class='ocrx_word' id='word_1_72' title='bbox 320 917 421 978; x_wconf 79' lang='lat' dir='ltr'><strong>est</strong></span> <span class='ocrx_word' id='word_1_73' title='bbox 465 934 621 995; x_wconf 86' lang='lat' dir='ltr'><strong>nox,</strong></span> <span class='ocrx_word' id='word_1_74' title='bbox 676 911 963 976; x_wconf 79' lang='lat' dir='ltr'><strong>venerati</strong></span> <span class='ocrx_word' id='word_1_75' title='bbox 1006 910 1227 976; x_wconf 81' lang='lat' dir='ltr'><strong>Iovem</strong></span> <span class='ocrx_word' id='word_1_76' title='bbox 1281 909 1498 994; x_wconf 77' lang='lat' dir='ltr'><strong>illum,</strong></span> <span class='ocrx_word' id='word_1_77' title='bbox 1544 912 1882 976; x_wconf 76' lang='lat' dir='ltr'><strong>custodem</strong></span> <span class='ocrx_word' id='word_1_78' title='bbox 1924 912 2116 976; x_wconf 86' lang='lat' dir='ltr'><strong>huius</strong></span> <span class='ocrx_word' id='word_1_79' title='bbox 2161 913 2351 978; x_wconf 89' lang='lat' dir='ltr'><strong>urbis</strong></span> 
     </span>
     <span class='ocr_line' id='line_1_10' title="bbox 320 998 2350 1085; baseline 0.001 -19"><span class='ocrx_word' id='word_1_80' title='bbox 320 1023 396 1066; x_wconf 85' lang='lat' dir='ltr'><strong>ae</strong></span> <span class='ocrx_word' id='word_1_81' title='bbox 431 1005 740 1083; x_wconf 73' lang='lat' dir='ltr'><strong>vestrum,</strong></span> <span class='ocrx_word' id='word_1_82' title='bbox 785 1000 855 1064; x_wconf 89' lang='lat' dir='ltr'><strong>in</strong></span> <span class='ocrx_word' id='word_1_83' title='bbox 890 1003 1111 1064; x_wconf 74' lang='lat' dir='ltr'><strong>vestra</strong></span> <span class='ocrx_word' id='word_1_84' title='bbox 1144 1001 1325 1064; x_wconf 72' lang='lat' dir='ltr'><strong>tecta</strong></span> <span class='ocrx_word' id='word_1_85' title='bbox 1362 998 1671 1064; x_wconf 73' lang='lat' dir='ltr'><strong>discedite</strong></span> <span class='ocrx_word' id='word_1_86' title='bbox 1709 1004 1774 1065; x_wconf 75' lang='lat' dir='ltr'><strong>et</strong></span> <span class='ocrx_word' id='word_1_87' title='bbox 1811 1023 1904 1084; x_wconf 82' lang='lat' dir='ltr'><strong>ea,</strong></span> <span class='ocrx_word' id='word_1_88' title='bbox 1943 1022 2350 1085; x_wconf 77' lang='lat' dir='ltr'><strong>quamquam</strong></span> 
     </span>
     <span class='ocr_line' id='line_1_11' title="bbox 318 1087 2436 1174; baseline 0.001 -22"><span class='ocrx_word' id='word_1_89' title='bbox 318 1090 451 1154; x_wconf 77' lang='lat' dir='ltr'><strong>iam</strong></span> <span class='ocrx_word' id='word_1_90' title='bbox 508 1092 609 1152; x_wconf 79' lang='lat' dir='ltr'><strong>est</strong></span> <span class='ocrx_word' id='word_1_91' title='bbox 659 1087 1017 1172; x_wconf 87' lang='lat' dir='ltr'><strong>perieulum</strong></span> <span class='ocrx_word' id='word_1_92' title='bbox 1065 1087 1435 1172; x_wconf 87' lang='lat' dir='ltr'><strong>depulsum,</strong></span> <span class='ocrx_word' id='word_1_93' title='bbox 1487 1090 1712 1152; x_wconf 82' lang='lat' dir='ltr'><strong>tamen</strong></span> <span class='ocrx_word' id='word_1_94' title='bbox 1757 1109 1955 1172; x_wconf 82' lang='lat' dir='ltr'><strong>aeque</strong></span> <span class='ocrx_word' id='word_1_95' title='bbox 2003 1111 2077 1154; x_wconf 81' lang='lat' dir='ltr'><strong>ae</strong></span> <span class='ocrx_word' id='word_1_96' title='bbox 2124 1089 2350 1174; x_wconf 89' lang='lat' dir='ltr'><strong>priore</strong></span> <span class='ocrx_word' id='word_1_97' title='bbox 2383 1108 2436 1146; x_wconf 76' lang='grc' dir='ltr'><strong>ιο</strong></span> 
     </span>
     <span class='ocr_line' id='line_1_12' title="bbox 319 1174 2352 1260; baseline 0 -19"><span class='ocrx_word' id='word_1_98' title='bbox 319 1180 508 1241; x_wconf 79' lang='lat' dir='ltr'><strong>noete</strong></span> <span class='ocrx_word' id='word_1_99' title='bbox 554 1175 865 1241; x_wconf 73' lang='lat' dir='ltr'><strong>custodiis</strong></span> <span class='ocrx_word' id='word_1_100' title='bbox 907 1175 1279 1260; x_wconf 80' lang='lat' dir='ltr'><strong>vigiliisque</strong></span> <span class='ocrx_word' id='word_1_101' title='bbox 1323 1174 1663 1240; x_wconf 67' lang='lat' dir='ltr'><strong>defendiize.</strong></span> <span class='ocrx_word' id='word_1_102' title='bbox 1733 1175 1807 1241; x_wconf 89' lang='lat' dir='ltr'><strong>Id</strong></span> <span class='ocrx_word' id='word_1_103' title='bbox 1845 1199 1927 1242; x_wconf 88' lang='lat' dir='ltr'><strong>ne</strong></span> <span class='ocrx_word' id='word_1_104' title='bbox 1972 1177 2160 1241; x_wconf 85' lang='lat' dir='ltr'><strong>vobis</strong></span> <span class='ocrx_word' id='word_1_105' title='bbox 2207 1178 2352 1242; x_wconf 90' lang='lat' dir='ltr'><strong>diu-</strong></span> 
     </span>
     <span class='ocr_line' id='line_1_13' title="bbox 320 1262 2357 1350; baseline 0.002 -22"><span class='ocrx_word' id='word_1_106' title='bbox 320 1265 454 1328; x_wconf 78' lang='lat' dir='ltr'><strong>tius</strong></span> <span class='ocrx_word' id='word_1_107' title='bbox 514 1262 885 1330; x_wconf 74' lang='lat' dir='ltr'><strong>faciundum</strong></span> <span class='ocrx_word' id='word_1_108' title='bbox 948 1263 1064 1347; x_wconf 75' lang='lat' dir='ltr'><strong>sit,</strong></span> <span class='ocrx_word' id='word_1_109' title='bbox 1126 1269 1324 1348; x_wconf 81' lang='lat' dir='ltr'><strong>atque</strong></span> <span class='ocrx_word' id='word_1_110' title='bbox 1377 1267 1453 1329; x_wconf 76' lang='lat' dir='ltr'><strong>ut</strong></span> <span class='ocrx_word' id='word_1_111' title='bbox 1503 1263 1574 1328; x_wconf 86' lang='lat' dir='ltr'><strong>in</strong></span> <span class='ocrx_word' id='word_1_112' title='bbox 1625 1269 1940 1348; x_wconf 76' lang='lat' dir='ltr'><strong>perpetua</strong></span> <span class='ocrx_word' id='word_1_113' title='bbox 1992 1287 2149 1350; x_wconf 79' lang='lat' dir='ltr'><strong>paee</strong></span> <span class='ocrx_word' id='word_1_114' title='bbox 2205 1288 2357 1332; x_wconf 79' lang='lat' dir='ltr'><strong>esse</strong></span> 
     </span>
     <span class='ocr_line' id='line_1_14' title="bbox 320 1351 1308 1438; baseline 0 -22"><span class='ocrx_word' id='word_1_115' title='bbox 320 1352 615 1436; x_wconf 78' lang='lat' dir='ltr'><strong>possitis,</strong></span> <span class='ocrx_word' id='word_1_116' title='bbox 660 1351 1031 1438; x_wconf 76' lang='lat' dir='ltr'><strong>providebo,</strong></span> <span class='ocrx_word' id='word_1_117' title='bbox 1294 1370 1308 1384; x_wconf 69' lang='lat'>¹</span> 
     </span>
    </p>
   </div>
  </div>
 </body>
</html>
