2534 3875
340 172 468 235 170
859 170 1001 224 PRO
1044 172 1108 225 A.
1149 169 1513 225 CLUENTlO
1553 168 1841 225 ORATIO.

337 315 618 381 stionem
663 315 1005 380 habuisses
1051 313 1317 396 Romae,
1362 336 1507 379 cum
1554 314 1632 378 de
1678 314 1749 379 T.
1796 312 1991 397 Anni,
2036 313 2107 379 L.
2146 314 2373 399 Rutili,

333 404 404 469 P.
463 403 706 487 Saturi,
771 408 1132 468 ceterorum
1199 402 1806 467 honestissimorum
1872 403 2161 467 virorum
2228 425 2371 468 sen-

334 492 545 557 tentia
580 492 1009 557 constitutum
1048 496 1219 555 esset
1257 491 1421 555 satis
1465 491 1830 575 quaesitum
1870 490 2095 572 videri,
2142 492 2371 558 eadem

337 582 414 645 de
459 602 529 645 re
567 580 847 645 triennio
886 582 1036 662 post
1072 579 1279 643 isdem
1320 578 1397 643 de
1434 578 1808 643 hominibus
1845 579 2029 642 nullo
2070 578 2367 643 adhibito

335 690 467 733 non
514 668 724 733 dicam
761 668 921 751 vire,
967 688 1050 731 ne
1087 668 1389 731 colonum
1427 666 1600 731 forte
1639 666 1921 731 adfuisse
1960 666 2214 751 dicatis,
2253 667 2369 731 sed
2422 686 2449 725 5

336 758 510 821 'bono
570 757 736 839 viro,
796 756 867 819 in
919 756 1040 819 filii
1098 759 1297 840 caput
1353 755 1797 839 quaestionem
1843 755 2085 819 habere
2131 760 2370 820 conata

234 858 332 909 183
355 845 466 909 es?
558 845 666 910 An
727 844 852 909 hoc
917 842 1130 907 dicitis
1197 842 1388 927 (mihi
1452 843 1623 907 enim
1688 842 1869 908 venit
1929 843 1998 907 in
2064 848 2368 927 mentem,

338 933 494 1018 quid
554 932 679 997 dici
724 932 963 1016 possit,
1019 931 1285 995 tametsi
1334 931 1541 997 adhuc
1584 952 1719 996 non
1765 952 1906 996 esse
1950 930 2076 997 hoc
2120 932 2369 996 dictum

337 1020 791 1105 mementote),
851 1041 996 1083 cum
1052 1019 1406 1083 haberetur
1453 1018 1530 1083 de
1575 1019 1755 1083 furto
1801 1019 2097 1103 quaestio
2108 1068 2125 1101 ,
2185 1016 2368 1083 Stra-

335 1114 557 1173 tonem
615 1108 862 1192 aliquid
919 1108 996 1171 de
1051 1129 1297 1172 veneno
1360 1128 1500 1172 esse
1546 1106 1957 1171 confessum?
2046 1107 2193 1171 Hoc
2236 1129 2367 1172 uno
2396 1127 2450 1166 10

335 1197 527 1261 modo
538 1247 556 1280 ,
609 1196 881 1279 iudices,
937 1217 1130 1279 saepe
1190 1196 1546 1259 multorum
1591 1195 2013 1281 improbitate
2060 1196 2370 1280 depressa

335 1285 577 1350 veritas
633 1285 911 1368 emergit
956 1289 1022 1348 et
1065 1284 1475 1349 innocentiae
1522 1282 1811 1348 defensio
1864 1284 2221 1348 interclusa·
2274 1304 2369 1347 re-

330 1373 570 1457 spirat,
616 1372 790 1457 quod
825 1376 949 1455 ,aut
993 1372 1068 1455 ii,
1117 1373 1229 1456 qui
1277 1372 1359 1437 ad
1404 1363 1699 1436 fraudem
1744 1372 1965 1437 callidi
2011 1376 2187 1455 sunt,
2232 1393 2370 1437 non

334 1465 590 1525 tantum
646 1461 910 1544 audent,
964 1464 1279 1544 quantum
1342 1460 1743 1546 excogitant,
1799 1462 1913 1525 aut
1956 1460 2032 1543 ii,
2090 1482 2367 1544 quorum

334 1549 577 1614 eminet
623 1549 892 1614 audacia
937 1555 1128 1632 atque
1175 1548 1467 1632 proiecta
1502 1551 1621 1630 est,
1670 1570 1710 1612 a
1747 1548 2032 1612 consiliis
2070 1548 2367 1613 malitiae
2398 1567 2451 1607 15

333 1638 735 1705 deseruntur.
827 1636 1071 1713 Quodsi
1127 1640 1242 1700 aut
1300 1636 1627 1701 confidens
1674 1635 1921 1701 astutia
1968 1640 2081 1700 aut
2126 1636 2371 1701 callida

333 1730 508 1790 esset
543 1725 830 1809 audacia,
866 1726 976 1790 vix
1014 1724 1151 1788 ullo
1186 1725 1271 1788 iis
1310 1724 1546 1789 obsisti
1582 1724 1777 1788 modo
1816 1728 2059 1808 posset.
2123 1722 2369 1789 Utrum

331 1814 581 1878 furtum
625 1813 874 1879 factum
910 1834 1044 1877 non
1081 1812 1225 1876 est?
1291 1812 1384 1876 At
1420 1812 1586 1876 nihil
1622 1812 1860 1877 clarius
1898 1812 2125 1877 Larini
2164 1812 2367 1893 [suitJ.

332 1900 442 1967 An
495 1902 575 1967 ad
625 1900 998 1967 Stratonem
1053 1900 1336 1986 suspicio
1392 1922 1527 1965 non
1580 1899 1943 1984 pertinuit?
2036 1900 2130 1965 At
2183 1900 2242 1966 is
2300 1905 2369 1965 et

333 2013 412 2056 ex
473 1991 722 2056 serrula
783 1990 1200 2054 insimulatus
1257 1994 1325 2054 et
1381 2012 1421 2054 a
1474 2011 1674 2072 puero
1733 1989 1991 2054 conscio
2049 1993 2150 2054 est
2202 1989 2367 2053 indi·
2398 2009 2452 2048 20

332 2082 535 2143 catus,
627 2079 735 2143 An
795 2077 864 2141 id
925 2082 1141 2142 actum
1199 2099 1334 2142 non
1394 2081 1495 2142 est
1546 2077 1619 2141 in
1675 2077 2084 2160 quaerendo?
2184 2074 2368 2150 Quae

332 2167 459 2231 fuit
502 2166 708 2250 igitur
755 2166 886 2230 alia
931 2186 1128 2230 causa
1175 2165 1568 2250 quaerendi?
1659 2165 1798 2247 An,
1842 2165 1909 2229 id
1956 2165 2127 2249 quod
2173 2165 2367 2230 vobis

333 2255 672 2320 dicendum
717 2257 845 2337 est,
901 2257 966 2317 et
1013 2253 1186 2337 quod
1231 2258 1373 2318 tum
1421 2251 1641 2318 Sassia
1678 2253 2034 2318 dictitavit:
2091 2274 2236 2317 cum
2288 2253 2368 2318 de

330 2343 509 2408 furto
558 2345 993 2427 quaereretur,
1041 2345 1185 2406 tum
1234 2340 1605 2406 Stratonem
1654 2342 1860 2406 isdem
1898 2341 1967 2406 in
2013 2341 2367 2405 tormentis

231 2447 331 2497 184
352 2430 590 2494 dixisse
638 2431 716 2494 de
763 2430 1061 2494 veneno?
1114 2429 1221 2493 En
1264 2429 1389 2494 hoc
1434 2429 1595 2493 illud
1634 2433 1751 2513 est,
1797 2428 1971 2513 quod
2009 2433 2160 2493 ante
2199 2429 2366 2493 dixi:
2396 2449 2453 2490 25

334 2518 571 2582 mulier
626 2518 916 2583 abundat
963 2517 1260 2598 audacia,
1321 2517 1595 2581 consilio
1643 2521 1710 2580 et
1752 2516 2007 2581 ratione
2054 2517 2368 2581 deficitur.

333 2605 508 2670 Nam
580 2606 864 2669 tabellae
930 2604 1333 2689 quaestionis
1396 2604 1616 2688 plures
1680 2604 2126 2688 proferuntur,
2201 2626 2369 2688 quae

334 2692 648 2758 recitatae
692 2694 1006 2776 vobisque
1055 2693 1267 2756 editae
1316 2696 1491 2775 sunt,
1549 2692 1702 2756 illae
1749 2693 1959 2777 ipsae,
2016 2715 2178 2776 quas
2223 2699 2369 2758 tum

335 2781 719 2864 obsignatas
758 2801 898 2844 esse
937 2780 1126 2862 dixit3
1174 2781 1242 2844 in
1281 2779 1515 2864 quibus
1552 2780 1815 2844 tabellis
1854 2781 1933 2845 de
1967 2781 2143 2846 furto
2179 2781 2368 2846 nulla

335 2869 560 2933 littera
604 2868 951 2932 invenitur.
1021 2866 1174 2932 Non
1220 2868 1403 2931 venit
1446 2867 1513 2930 in
1560 2871 1845 2932 mentem
1892 2870 2177 2953 primum
2225 2891 2365 2934 ora·
2398 2892 2455 2932 so

333 2959 580 3021 tionem
627 2953 956 3020 Stratonis
1021 2955 1425 3020 conscribere
1489 2954 1567 3019 de
1621 2956 1825 3039 furto,
1888 2959 2041 3040 post
2100 2956 2370 3040 aliquod

335 3044 578 3108 dictum
625 3043 975 3128 adiungere
1020 3043 1100 3107 de
1145 3065 1420 3126 veneno,
1478 3043 1649 3127 quod
1694 3066 1827 3109 non
1870 3047 2369 3128 percontatione

335 3132 730 3216 quaesitum,
807 3132 918 3196 sed
992 3153 1109 3214 per
1182 3131 1471 3196 dolorem
1546 3152 1919 3215 expressum
1993 3132 2367 3198 videretur?

335 3220 642 3295 Quaestio
699 3220 777 3284 de
832 3221 1011 3284 furto
1059 3222 1183 3298 est,
1239 3220 1473 3283 veneni
1519 3219 1654 3284 iam
1700 3220 1983 3304 suspicio
2030 3221 2367 3302 superiore

335 3310 716 3392 quaestione
781 3309 1067 3390 sublata3
1132 3306 1307 3391 quod
1368 3307 1582 3391 ipsum
1636 3308 1799 3372 haec
1854 3307 2079 3372 eadem
2134 3309 2370 3373 mulier
2398 3325 2454 3366 3⁵

333 3397 668 3478 iudicarat,
715 3417 880 3480 quae
925 3399 1002 3459 ut
1038 3394 1285 3460 Romae
1332 3394 1410 3458 de
1458 3396 1813 3460 amicorum
1860 3396 2189 3460 sententia
2237 3402 2367 3461 sta-

332 3487 550 3548 tuerat
623 3487 786 3549 satis
861 3505 1002 3548 esse
1069 3484 1463 3568 quaesitum,
1535 3487 1769 3568 postea
1829 3503 1948 3567 per
2010 3484 2371 3550 triennium
