2534 3875
916 148 1067 204 CAP.
1107 156 1173 204 21
1212 156 1243 215 ς
1282 156 1509 205 46—49.
2145 151 2232 215 35

208 316 394 377 quere
457 294 916 375 arbitraretur,
981 315 1146 378 quae
1203 316 1357 359 suus
1418 297 1606 379 pater
1660 293 1788 358 sibi
1847 295 2232 379 reliquisset,

205 382 368 447 idem
405 403 582 446 nunc
612 382 1001 447 conturbato
1040 382 1256 447 animo
1294 382 1715 467 pertimescit,
1751 404 1832 447 ne
1868 404 2001 448 non
2038 384 2229 448 modo

205 474 585 535 ornamento
634 473 700 534 et
746 469 1118 535 adiumento
1163 492 1297 535 non
1343 470 1431 535 sit
1478 470 1630 551 suis,
1678 470 1788 535 sed
1836 470 2037 537 etiam
2084 493 2230 536 cum

204 559 622 623 acerbissimo
661 557 840 623 luctu
871 557 1142 623 dedecus
1170 562 1505 623 vaeternum
1534 558 1791 623 miseris
1820 562 2016 642 atque
2051 559 2231 644 igno-

157 662 178 700 ⁵
202 647 472 711 miniam
526 645 867 730 relinquat.
962 647 1086 727 [39]
1139 645 1194 711 Ο
1248 645 1577 711 fortunam
1632 646 1828 732 longe
1884 646 2229 731 disparem,

200 733 280 799 M.
327 734 594 817 Fontei,
648 734 706 797 si
753 732 1035 817 deligere
1091 734 1443 817 potuisseS,
1501 738 1575 799 ut
1618 735 1840 819 potius
1894 735 2045 798 telis
2104 736 2228 799 tibi

201 821 542 888 Gallorum
614 844 808 907 quam
873 822 1174 906 periuriis
1242 822 1698 887 intereundum
1767 824 1965 887 esset!
2062 822 2228 888 Tum

200 910 369 975 enim
427 910 605 975 vitae
653 910 830 975 socia
875 910 1112 995 virtus,
1159 911 1390 975 mortis
1436 932 1651 975 eomes
1709 910 1923 996 gloria
1966 909 2228 994 fuisset3

197 1020 366 1064 nunc
424 1019 580 1062 vero
635 999 746 1082 qui
804 1001 906 1063 est
963 998 1149 1063 dolor
1221 998 1531 1063 victoriae
1592 1002 1660 1063 te
1725 1004 1920 1083 atque
1973 999 2229 1083 imperii

137 1104 176 1141 1⁰
199 1108 446 1189 poenas
491 1086 576 1151 ad
621 1107 846 1151 eorum
891 1086 1236 1153 arbitrium
1276 1086 1560 1170 sufferre,
1607 1088 1719 1171 qui
1764 1092 1905 1152 aut
1928 1087 2085 1153 victi
2132 1109 2229 1152 ar·

199 1176 320 1239 mis
371 1178 531 1239 sunt
577 1178 690 1240 aut
743 1174 1116 1239 invitissimi
1169 1177 1551 1258 paruerunt!
1634 1176 1694 1239 A
1753 1196 1879 1259 quo
1940 1176 2227 1259 periculo

198 1262 555 1347 defendite,
617 1261 885 1347 iudices,
953 1263 1160 1327 civem
1223 1262 1461 1328 fortem
1528 1267 1724 1347 atque
1793 1264 2228 1347 innocentem3

197 1355 452 1434 curate,
497 1356 574 1415 ut
616 1352 863 1415 nostris
908 1351 1186 1415 testibus
1232 1351 1380 1435 plus
1429 1373 1626 1434 quam
1672 1352 2051 1437 alienigenis
2098 1373 2228 1417 cre-

197 1440 443 1504 didisse
497 1438 874 1521 videamini,
928 1439 1078 1522 plus
1135 1440 1335 1504 saluti
1390 1440 1629 1504 civium
1685 1461 1880 1524 quam
1936 1440 2228 1504 hostium

129 1546 171 1584 1⁵
196 1527 479 1593 lubidini
534 1526 958 1611 consuluisse,
1013 1528 1380 1613 graviorem
1434 1527 1695 1592 duxisse
1746 1529 1884 1591 eius
1931 1529 2226 1593 obsecra·

197 1617 477 1699 tionem,
531 1636 694 1699 quae
740 1614 976 1679 vestris
1024 1616 1224 1680 sacris
1272 1616 1543 1700 praesit,
1600 1637 1796 1699 quam
1848 1637 2069 1680 eorum
2116 1637 2226 1680 au-

199 1704 473 1787 daciam,
513 1704 622 1787 qui
660 1724 807 1769 cum
845 1704 1133 1768 omnium
1173 1704 1375 1771 sacris
1414 1703 1831 1788 delubrisque
1872 1703 2049 1768 bella
2086 1724 2226 1789 ges-

200 1798 443 1857 serunt.
507 1791 850 1855 Postremo
887 1792 1261 1877 prospicite,
1294 1792 1555 1874 iudiceS,
1593 1791 1660 1856 id
1697 1791 1870 1875 quod
1907 1791 1989 1855 ad
2016 1791 2227 1877 digni-

198 1884 410 1948 tatem
455 1880 682 1966 populi
727 1880 1004 1945 Romani
1049 1880 1330 1945 maxime
1376 1880 1685 1965 pertinet,
1736 1884 1810 1945 ut
1854 1879 2003 1966 plus
2057 1878 2227 1965 apud

128 1987 176 2026 2⁰
198 1991 318 2036 vos
380 1990 602 2054 preces
667 1969 938 2054 virginis
1001 1967 1289 2036 Vestalis
1350 1991 1541 2054 quam
1608 1969 1821 2034 minae
1884 1967 2225 2035 Gallorum

199 2058 487 2124 valuisse
534 2056 890 2122 videantur.

2266 647 2333 697 49
