2534 3875
766 169 919 226 CAP.
960 178 1052 241 19,
1091 177 1159 226 20
1197 177 1227 236 ς
1263 177 1495 226 44—48.
2022 171 2158 237 407

92 316 288 382 Cum
327 316 544 382 verbis
583 337 653 380 se
691 315 1082 401 locupletem
1107 314 1371 398 faceret,
1406 314 1679 380 haberet
1705 315 1869 380 nihil
1895 322 2161 402 praeter

90 406 308 470 illam
365 404 865 488 impudentiam,
921 425 1116 488 quam
1163 403 1427 486 videtis,
1480 404 1828 488 pecuniam
1875 406 2159 490 sumpsit

91 498 419 558 mutuam
475 515 514 558 a
569 490 710 557 Sex.
747 489 1006 576 Stloga,
1074 491 1285 556 iudice
1342 491 1470 556 hoc
1522 494 1780 576 nostro,
1841 493 2156 576 primario

91 582 280 666 viro,
333 581 443 666 qui
483 584 549 646 et
584 603 722 645 rem
761 579 1061 666 agnoscit
1095 600 1304 663 neque
1341 579 1673 644 hominem
1709 581 2001 666 ignorat3
2048 583 2158 665 qui

47 675 348 734 stamen
410 669 681 735 eredidit
745 668 816 733 P.
861 667 1054 733 Fulvi
1114 664 1376 752 Nerati,
1454 667 1793 734 lectissimi
1853 668 2158 753 hominis,

91 759 264 824 fide.
357 757 442 822 Ei
486 780 631 822 cum
679 756 990 839 solveret,
1047 755 1330 839 sumpsit
1374 777 1413 820 a
1461 753 1531 820 O.
1576 755 1663 821 M.
1708 753 1935 840 Fufiis,
1985 758 2159 841 equi-

93 847 302 911 tibus
348 845 689 929 Romanis,
742 843 1074 929 primariis
1130 844 1309 908 viris.
1400 843 1527 910 Hic
1578 843 1836 910 hercule
1892 844 2157 912 ‘cornici

96 933 429 1019 oculum',
479 937 556 998 ut
592 933 845 998 dicitur.
916 931 1090 998 Nam
1127 932 1300 997 hunc
1335 931 1789 1018 Hermippum,
1824 932 2161 999 hominem

97 1023 477 1106 eruditum,
535 1023 743 1087 civem
799 1043 1018 1103 suum,
1073 1021 1176 1085 cui
1234 1021 1515 1085 debebat
1570 1041 1711 1085 esse
1756 1022 2158 1107 notissimus,

47 1133 66 1170 )
95 1111 464 1194 percussit.
554 1109 716 1175 Eius
765 1109 937 1175 enim
982 1109 1110 1174 fide
1155 1109 1439 1192 sumpsit
1486 1131 1525 1172 a
1569 1106 1790 1174 Fufiis.
1882 1107 2157 1177 Securus

94 1198 522 1284 Hermippus
543 1198 863 1284 Temnum
889 1196 1343 1283 proficiscitur,
1371 1219 1518 1262 cum
1548 1198 1671 1261 iste
1700 1219 1768 1262 se
1796 1199 2159 1284 pecuniam,

99 1309 322 1372 quam
377 1287 572 1352 huius
627 1287 754 1350 fide
813 1290 1206 1369 sumpserat,
1262 1307 1304 1350 a
1348 1285 1683 1370 discipulis
1731 1287 1867 1351 suis
1915 1286 2159 1352 diceret

97 1376 326 1440 Fufiis
369 1374 874 1459 persoluturum.
947 1373 1254 1438 Habebat
1301 1373 1473 1439 enim
1518 1373 1744 1438 rhetor
1788 1374 1914 1440 iste
1962 1376 2113 1440 adu·
2131 1371 2263 1463 (4⁷)

100 1466 424 1529 lescentis
491 1463 806 1548 quosdam
871 1461 1241 1546 locupletis,
1306 1483 1470 1546 quos
1534 1461 1801 1526 dimidio
1856 1463 2155 1528 redderet

47 1572 70 1613 ⁵
103 1552 479 1635 stultiores,
526 1573 721 1635 quam
769 1553 1128 1634 acceperat3
1173 1551 1499 1614 neminem
1536 1553 1761 1615 tamen
1796 1550 1957 1615 adeo
1994 1551 2159 1616 infa-

101 1646 310 1705 tuare
363 1640 606 1724 potuit,
659 1642 734 1704 ut
789 1639 850 1704 ei
893 1660 1230 1702 nummum
1276 1639 1481 1702 ullum
1530 1637 1834 1702 crederet.
1926 1638 2157 1722 Itaque

104 1751 270 1795 cum
327 1727 538 1793 Roma
607 1727 777 1792 clam
843 1730 1018 1791 esset
1069 1726 1402 1810 profectus
1458 1725 1830 1810 multosque
1884 1727 2157 1792 minutis

107 1815 646 1882 mutuationibus
684 1815 1136 1896 fraudavisset,
1180 1815 1250 1878 in
1287 1813 1518 1879 Asiam
1554 1815 1734 1878 venit
1769 1812 2156 1899 Hermippo-

109 1925 249 1991 que
288 1904 700 1989 percontanti
739 1904 816 1969 de
842 1903 1105 1969 nomine
1131 1901 1405 1968 Fufiano
1434 1902 1771 1986 respondit
1799 1923 1868 1968 se
1898 1924 2156 1968 omnem

47 2016 76 2053 o
109 1993 471 2079 pecuniam
506 1991 710 2057 Fufiis
754 1991 1167 2077 persolvisse.
1237 1990 1533 2075 Interim,
1576 2012 1785 2075 neque
1823 1992 1920 2055 ita
1955 1992 2156 2077 longo

110 2081 498 2165 intervallo,
538 2081 812 2146 libertus
851 2103 891 2144 a
917 2080 1120 2145 Fufiis
1159 2102 1307 2144 cum
1343 2079 1583 2144 litteris
1614 2079 1697 2143 ad
1723 2078 2157 2164 Hermippum

109 2170 335 2254 venit3
390 2170 666 2255 pecunia
722 2168 971 2253 petitur
1027 2168 1109 2231 ab
1155 2168 1536 2253 Hermippo·
1627 2166 2023 2252 Hermippus
2072 2169 2156 2232 ab

110 2258 472 2324 Heraclida
526 2258 720 2341 petit3
774 2257 912 2341 ipse
967 2259 1194 2320 tamen
1238 2256 1439 2320 Fufiis
1496 2256 1657 2321 satis
1712 2255 1872 2320 facit
1928 2256 2158 2320 absen-

111 2347 303 2411 tibus
341 2349 409 2409 et
442 2345 637 2410 fidem
676 2366 864 2410 suam
899 2344 1161 2427 liberat3
1198 2344 1374 2410 hunc
1410 2346 1815 2408 aestuantem
1852 2346 1921 2407 et
1955 2343 2159 2428 tergi-

48 2456 82 2497 ιτ»
113 2437 494 2501 versantem
540 2431 778 2499 iudicio
824 2432 939 2497 ille
983 2432 1411 2516 persequitur.
1484 2431 1546 2495 A
1592 2432 2157 2516 recuperatoribus

115 2544 325 2589 causa
387 2522 820 2607 cognoscitur.
920 2519 1144 2585 Nolite
1209 2519 1627 2603 existumare,
1691 2520 1961 2604 iudiceS,
2024 2542 2158 2585 non

115 2632 328 2677 unam
381 2613 448 2674 et
503 2609 774 2674 eandem
829 2608 1130 2674 omnibus
1184 2608 1253 2672 in
1308 2607 1471 2673 locis
1520 2628 1660 2673 esse
1706 2608 2159 2673 fraudatorum

118 2703 192 2764 et
228 2698 663 2763 infitiatorum
702 2697 1164 2783 inpudentiam.
1225 2693 1411 2761 Fecit
1448 2696 1673 2759 eadem
1713 2696 1947 2781 omnia,
1994 2718 2158 2780 quae

117 2786 342 2853 nostri
385 2786 713 2851 debitores
751 2785 992 2868 solent3
1036 2784 1307 2869 negavit
1344 2805 1484 2849 sese
1520 2782 1784 2849 omnino
1820 2806 2158 2849 versuram

47 2898 90 2935 ao
121 2875 337 2943 ullam
396 2873 630 2939 fecisse
683 2872 958 2957 Romae3
1019 2870 1355 2937 Fufiorum
1420 2892 1491 2936 se
1555 2872 1923 2937 adfirmavit
1975 2894 2159 2937 num-

124 2984 329 3048 quam
367 2963 630 3028 omnino
668 2982 905 3026 nomen
941 2960 1227 3045 audisse3
1261 2960 1693 3045 Hermippum
1731 2981 1885 3026 vero
1922 2960 2157 3044 ipsum,

121 3050 674 3137 pudentissimum
712 3053 908 3133 atque
944 3049 1263 3135 optimum
1292 3049 1525 3132 virum,
1559 3051 1847 3113 veterem
1878 3048 2158 3112 amicum

125 3144 326 3224 atque
378 3138 706 3223 hospitem
763 3158 1007 3221 meum,
1065 3135 1666 3219 splendidissimum
1720 3140 1915 3219 atque
1971 3157 2159 3200 orna-

123 3228 460 3293 tissimum
497 3224 784 3292 civitatis
821 3246 993 3310 suae,
1027 3224 1287 3308 probris
1324 3223 1625 3289 omnibus
1663 3222 2158 3307 maledictisque

47 3334 95 3375 ιε
127 3318 344 3381 vexat.
415 3312 560 3399 Sed,
604 3336 748 3381 cum
794 3333 865 3378 se
910 3313 1108 3378 homo
1153 3311 1462 3392 volubilis
1500 3310 1780 3395 quadam
1817 3311 2161 3395 praecipiti

129 3404 464 3471 celeritate
529 3402 784 3467 dicendi
846 3402 918 3465 in
979 3401 1098 3466 illa
1161 3399 1457 3465 oratione
1520 3400 1819 3481 iactaret,
1891 3402 2157 3483 repente

126 3491 526 3558 testimoniis
599 3490 932 3555 Fufiorum
1012 3488 1510 3573 nominibusque
1592 3486 1885 3551 recitatis
1959 3488 2159 3553 homo

2194 1565 2265 1615 4¹1

2194 2534 2269 2585 48
