2534 3875
657 139 812 194 CAP.
853 145 952 207 65,
991 146 1058 195 66
1098 145 1129 206 ς
1171 145 1467 195 ise-188.
1956 142 2079 205 171

74 283 331 348 maxime
369 305 445 348 ex
493 283 794 348 omnibus
845 283 1048 348 servis
1088 281 1464 350 Stratonem
1510 284 1699 349 illum
1746 285 2083 368 dilexerat,

69 372 130 435 in
191 372 434 436 honore
507 372 852 454 habuerat,
936 371 1292 437 commodis
1368 374 1667 438 omnibus
1743 374 2080 438 adfecerat.

70 458 215 523 Cum
268 460 472 544 igitur
527 460 606 524 de
665 459 847 525 furto
895 464 1337 543 quaereretur,
1394 465 1459 525 et
1504 483 1580 526 eo
1627 461 1833 545 furt0,
1890 463 2060 546 quod
2085 477 2184 527 185

69 547 170 611 ille
223 548 358 612 sine
417 549 858 614 controversia
912 549 1180 632 fecerat,
1244 551 1386 613 tum
1440 549 1553 614 ille
1609 549 1686 614 de
1745 571 1848 633 e0,
1909 550 2081 632 quod

29 636 508 719 ⁵quaerebatur,
555 637 826 701 verbum
870 636 1125 700 nullum
1171 636 1371 701 fecit?
1428 637 1506 701 de
1552 659 1796 703 veneno
1854 637 2079 702 statim

68 722 241 806 dixit,
287 723 363 787 de
407 724 584 788 furto
633 724 690 788 si
734 746 868 788 non
915 746 989 787 eo
1038 724 1217 807 loco,
1265 747 1392 809 quo
1441 725 1689 809 debuit,
1734 747 1816 790 ne
1863 724 1934 788 in
1979 747 2080 790 ex-

66 817 262 874 trema
325 811 584 894 quidem
651 816 763 876 aut
827 812 1042 876 media
1105 816 1220 876 aut
1283 813 1505 897 aliqua
1563 813 1837 897 denique
1893 815 2080 895 parte

68 898 449 981 quaestionis
504 900 772 964 verbum
838 899 994 964 fecit
1052 900 1310 964 ullum?
1411 900 1554 966 Iam
1607 901 1844 966 videtis
1898 901 2079 964 illam
2101 901 2186 966 66

65 987 366 1052 nefariam
403 989 758 1071 mulierem,
802 987 1060 1070 iudices,
1099 988 1325 1052 eadem
1364 1011 1576 1073 manu,
1614 1012 1761 1074 qua,
1798 989 1856 1054 si
1893 990 2081 1053 detur

29 1078 375 1158 opotestas,
429 1075 792 1140 interficere
845 1075 1054 1139 filium
1111 1075 1357 1160 cupiat,
1412 1077 1578 1142 hanc
1622 1078 1844 1143 fictam
1891 1099 2081 1161 quae-

68 1163 332 1227 stionem
363 1163 844 1264 conscripsisse.
912 1163 1130 1247 Atque
1158 1164 1404 1228 istam
1385 1187 1601 1248 ipsam
1615 1165 2079 1266 'quaestionem

69 1250 243 1315 dicite
303 1252 417 1334 qui
461 1251 831 1336 obsignarit
875 1273 1073 1315 unum
1122 1252 1407 1335 aliquem
1452 1253 1861 1317 nominatim.
1950 1253 2081 1319 Ne-

66 1339 287 1404 minem
331 1339 687 1423 reperietiS,
729 1339 859 1404 nisi
893 1339 1065 1404 forte
1102 1339 1239 1404 eius
1278 1340 1456 1405 modi
1490 1340 1841 1442 hominem,
1890 1363 2080 1424 quem

67 1447 175 1509 ego
227 1426 505 1510 proferri
558 1428 782 1491 malim
840 1449 1034 1511 quam
1087 1428 1415 1492 neminem
1458 1429 1801 1493 nominari.
1895 1427 2061 1504 Quid
2086 1445 2188 1495 186

29 1515 179 1595 5ais,
222 1514 292 1579 Τ.
340 1513 544 1579 Acci‘?
589 1519 665 1579 tu
708 1516 1084 1599 periculum.
1115 1516 1365 1600 capitiS,
1411 1519 1487 1580 tu
1531 1516 1840 1581 indicium
1889 1519 2081 1581 scele-

64 1603 162 1683 ris,
197 1607 268 1668 tu
302 1603 606 1668 fortunas
644 1603 914 1667 alterius
951 1603 1195 1668 litteris
1235 1605 1636 1689 conscriptas
1674 1605 1746 1668 in
1771 1604 2081 1670 iudicium

66 1691 306 1756 adferas
360 1712 571 1774 neque
627 1713 849 1756 earum
909 1695 1239 1756 auctorem
1295 1692 1671 1757 litterarum
1713 1715 1923 1777 neque
1971 1693 2082 1758 ob-

67 1780 455 1864 signatorem
511 1800 719 1862 neque
777 1783 1012 1844 testem
1049 1781 1252 1844 ullum
1298 1780 1714 1845 nominabis?
1771 1786 1838 1844 et
1884 1803 2079 1864 quam

64 1870 127 1930 tu
160 1871 408 1969 pestem
444 1867 974 1932 innocentissimo
1010 1868 1147 1932 filio
1185 1868 1264 1932 de
1301 1869 1533 1932 matris
1564 1868 1709 1933 sinu
1738 1868 2080 1971 depromp-
2155 1893 2162 1899 ·

29 1958 229 2035 ’seria
273 1957 444 2021 hanc
490 1955 562 2020 hi
605 1957 775 2020 tales
821 1955 946 2020 viri
992 1957 1558 2039 comprobabunt?
1639 1956 1824 2039 Esto,
1870 1958 1939 2020 in
1985 1962 2081 2021 ta-

63 2044 240 2109 bellis
284 2045 452 2109 nihil
500 2047 601 2109 est
646 2045 1087 2127 auctoritatis;
1135 2045 1334 2127 quid?
1380 2046 1525 2129 ipsa
1571 2008 1869 2129 quaestio
1917 2044 2079 2110 iudi-

63 2132 230 2197 cibus
242 2183 261 2217 ,
334 2132 536 2217 quid‘?
610 2133 836 2197 amicis
909 2132 1407 2215 hospitibusque
1473 2132 1844 2234 Oppianici,
1918 2155 2080 2217 quos

66 2221 438 2285 adhibuerat
484 2224 696 2303 antea,
742 2220 939 2305 quid‘?
985 2220 1135 2285 huic
1181 2221 1503 2284 tandem
1484 2223 1611 2303 1psi
1648 2222 1930 2303 tempori
1968 2243 2082 2285 cur

62 2330 183 2372 non
236 2313 500 2373 servata
553 2310 697 2373 est?
799 2307 966 2384 Quid
1021 2308 1168 2373 istis
1228 2308 1604 2373 hominibus
1657 2309 1907 2374 factum
1964 2313 2081 2392 est,

29 2394 357 2462 ⁵Stratone
413 2400 478 2461 et
532 2395 952 2461 Nicostrato?
1035 2395 1290 2472 Quaero
1357 2397 1473 2460 abs
1537 2400 1631 2477 te,
1688 2395 2064 2480 Oppianice,
2087 2412 2187 2462 187

63 2506 236 2550 servo
281 2489 399 2549 tuo
435 2483 816 2549 Nicostrato
856 2484 1011 2568 quid
1047 2486 1295 2549 factum
1334 2506 1473 2547 esse
1511 2484 1707 2566 dicas,
1754 2506 1943 2569 quem
1992 2490 2082 2568 tn,

63 2594 199 2636 cum
251 2573 425 2637 hunc
483 2573 666 2637 brevi
725 2576 1021 2656 tempore
1081 2576 1499 2637 accusaturus
1548 2594 1749 2655 esseS,
1802 2573 2082 2637 Romam

63 2660 380 2746 deducere,
417 2660 570 2725 dare
597 2664 994 2745 potestatem
1023 2660 1369 2743 indicandi,
1391 2659 1786 2725 incolumem
1808 2659 2086 2744 denique

63 2770 311 2813 servare
358 2749 742 2832 quaestioni,
788 2771 1046 2815 servare
1092 2748 1198 2812 his
1242 2748 1580 2830 iudicibuS,
1625 2769 1885 2812 servare
1931 2748 2083 2812 huic

29 2837 335 2922 >tempori
381 2837 683 2902 debuisti.
743 2836 917 2901 Nam
963 2835 1337 2902 Stratonem
1384 2835 1662 2920 quidem,
1706 2836 1968 2918 iudices»,
2012 2836 2082 2898 in

63 2946 306 2989 crucem
353 2946 491 2989 esse
539 2930 756 2990 actum
802 2928 1061 2990 exsecta
1107 2926 1338 2989 scitote
1374 2925 1622 3008 lingua3
1671 2923 1843 3006 quod
1886 2944 2081 2987 nemo

62 3011 460 3077 Larinatium
507 3017 608 3077 est
652 3013 764 3097 qui
804 3013 1074 3077 nesciat.
1130 3011 1377 3075 Timuit
1411 3011 1643 3075 mulier
1690 3033 1911 3075 amens
1946 3032 2082 3075 non

64 3122 237 3164 suam
275 3101 758 3183 conscientiam,
792 3122 927 3164 non
963 3100 1182 3165 odium
1221 3100 1639 3182 municipum,
1674 3120 1808 3162 non
1837 3097 2083 3161 famam

65 3189 372 3270 omnium,
436 3189 575 3272 sed,
641 3189 826 3271 quasi
889 3210 1022 3253 non
1082 3210 1306 3253 omnes
1362 3186 1499 3251 eius
1558 3185 1819 3251 sceleris
1876 3188 2081 3248 testes

29 3280 275 3341 ⁵essent
332 3276 562 3361 futuri,
617 3276 712 3341 sic
765 3276 1026 3359 metuit,
1079 3297 1160 3340 ne
1207 3275 1747 3340 condemnaretur
1792 3276 2083 3337 extrema

65 3364 301 3436 servuli
349 3386 504 3430 voce
549 3364 906 3429 morientis.

188 3451 374 3528 Quod
406 3453 532 3518 hoc
569 3456 965 3538 portentum,
1012 3451 1077 3514 di
1112 3449 1545 3516 immortales!
1596 3447 1768 3533 quod
1805 3448 2063 3510 tantum
2086 3461 2187 3511 188
