2534 3875
301 187 435 252 330
859 185 1001 240 PRO
1039 185 1099 239 L.
1138 183 1451 240 MURENA
1489 183 1774 240 ORATIO

296 335 580 418 possunt
625 293 823 416 atque
866 330 1027 396 haec
1073 351 1113 394 a
1157 330 1350 395 nobis
1395 333 1629 415 petunt
1675 329 1908 395 omnia
1937 349 2149 411 neque
2193 328 2338 393 ulla

301 443 373 486 re
434 421 593 506 alia,
664 441 829 504 quae
892 441 933 483 a
994 418 1185 484 nobis
1250 421 1703 502 consecuntur,
1772 417 1904 481 nisi
1957 437 2158 501 opera
2213 437 2336 482 sua

303 509 708 592 compensari
750 509 989 592 putant
1034 528 1245 591 posse.
1316 505 1548 590 Itaque
1585 509 1652 570 et
1685 506 1821 591 legi
1858 505 2116 589 Fabiae,
2165 527 2336 589 quae

304 600 405 662 est
450 597 528 662 de
574 617 845 661 numero
892 598 1317 679 sectatorum,
1363 598 1430 659 et
1477 599 1740 659 senatus
1786 595 2084 658 consulto
2091 644 2110 678 ,
2157 593 2337 678 quod

304 688 405 750 est
449 684 521 750 L.
568 683 841 750 Caesare
886 683 1152 749 consule
1197 683 1464 765 factum,
1509 683 1907 747 restiterunt.
1981 681 2187 748 Nulla
2231 685 2340 746 est
2365 701 2394 743 ⁵

303 773 472 838 enim
525 795 763 857 poena,
823 793 989 856 quae
1044 771 1257 860 possit
1303 771 1785 837 observantiam
1830 771 2203 835 tenuiorum
2251 771 2340 835 ab

200 879 265 928 72
302 863 429 928 hoc
472 863 691 926 vetere
737 860 1043 925 instituto
1090 856 1454 925 officiorum
1500 859 1854 924 excludere.
1945 860 2036 923 At
2081 862 2341 944 specta-

303 951 451 1016 cula
497 952 652 1015 sunt
694 948 995 1013 tributim
1044 947 1199 1012 data
1242 953 1312 1013 et
1356 948 1439 1012 ad
1481 947 1825 1032 prandium
1859 947 2062 1033 vulgo
2099 949 2342 1012 vocati.

300 1039 450 1104 Etsi
503 1037 629 1102 hoc
672 1036 919 1102 factum
966 1058 1007 1100 a
1049 1035 1322 1101 Murena
1367 1036 1660 1121 omnino,
1713 1036 1984 1118 iudices,
2035 1056 2168 1100 non
2215 1040 2341 1121 est,

304 1126 386 1191 ab
428 1126 564 1190 eius
605 1125 830 1190 amicis
870 1128 1089 1189 autem
1127 1146 1307 1190 more
1345 1129 1412 1189 et
1448 1125 1642 1189 modo
1678 1124 1927 1202 factum
1955 1127 2074 1208 est,
2110 1127 2342 1188 tamen
2367 1143 2422 1184 ιο

304 1214 674 1278 admonitus
708 1235 779 1278 re
806 1214 953 1296 ipsa
980 1212 1300 1296 recordor,
1339 1216 1654 1297 quantum
1681 1213 1805 1277 hae
1834 1212 2341 1297 conquestiones

304 1303 374 1366 in
420 1306 651 1366 senatu
684 1300 952 1366 habitae
987 1305 1380 1386 punctorum
1414 1301 1624 1386 nobis,
1669 1299 1872 1385 Servi,
1917 1301 2340 1366 detraxerint.

305 1388 493 1465 Quod
539 1390 713 1454 enim
751 1394 1008 1474 tempus
1046 1389 1175 1453 fuit
1212 1392 1326 1455 aut
1361 1394 1590 1454 nostra
1626 1393 1741 1453 aut
1775 1393 2039 1474 patrum
2073 1392 2343 1454 nostro-

303 1501 449 1542 rum
495 1477 827 1562 memoria,
874 1500 1000 1563 quo
1046 1477 1224 1562 haec,
1271 1479 1408 1543 sive
1453 1477 1728 1543 ambitio
1775 1480 1878 1542 est
1923 1477 2057 1542 sive
2092 1477 2344 1543 libera-

305 1567 479 1647 litas,
524 1587 656 1632 non
700 1565 918 1648 fuerit,
962 1569 1039 1630 ut
1084 1567 1263 1631 locus
1311 1569 1378 1630 et
1423 1566 1492 1631 in
1537 1566 1706 1631 circo
1745 1569 1812 1630 et
1855 1565 1926 1631 in
1969 1566 2113 1630 foro
2151 1565 2342 1630 dare·
2371 1583 2422 1625 ιε»

303 1658 414 1718 tur
460 1655 687 1720 amicis
734 1660 801 1719 et
845 1653 1249 1720 tribulibus?
1314 1653 1502 1724 Haec·
1529 1654 1824 1719 homines
1861 1655 2186 1719 tenuiores
2215 1652 2343 1696 *²¹⁵*

307 1766 346 1807 a
392 1743 527 1808 suis
574 1742 926 1807 tribulibus
973 1745 1190 1807 vetere
1235 1742 1541 1807 instituto
1591 1742 2112 1827 adsequebantur
2122 1739 2246 1783 *²⁸²*

1006 1883 1221 1965 [Deest
1260 1903 1389 1949 non
1431 1883 1635 1965 nihil]

200 1987 288 2052 35
440 2004 563 2047 *³¹³*
609 2007 1010 2092 praefectum
1081 2007 1343 2072 fabrum
1417 2008 1618 2073 semel
1691 2008 1908 2073 locum
1979 2007 2340 2075 tribulibus

200 2064 268 2115 '13
307 2096 443 2160 suis
493 2096 773 2180 dedisse,
818 2096 972 2181 quid
1018 2099 1314 2161 statuent
1357 2095 1427 2159 in
1471 2095 1649 2160 viros
1693 2096 2060 2180 primarios,
2105 2098 2218 2181 qui
2263 2098 2340 2161 in
2368 2118 2424 2157 ευ

305 2185 475 2249 circo
551 2187 727 2248 totas
790 2183 1098 2249 tabernas
1162 2184 1505 2248 tribulium
1571 2204 1766 2248 causa
1827 2186 2340 2269 compararunt?

305 2272 487 2338 Haec
542 2272 766 2337 omnia
818 2275 1242 2353 sectatorum,
1307 2272 1852 2356 spectaculorum,
1913 2271 2342 2357 prandiorum

308 2361 521 2442 [item]
570 2360 843 2426 crimina
887 2360 1304 2426 multitudine
1349 2359 1554 2424 invita
1587 2364 1706 2424 tua
1738 2360 1942 2425 nimia
1976 2360 2343 2447 diligentia,

307 2448 518 2533 Servi,
573 2448 864 2514 conlecta
919 2452 1099 2533 sunt3
1153 2448 1225 2512 in
1280 2448 1513 2532 quibus
1561 2451 1784 2513 tamen
1835 2448 2108 2513 Murena
2153 2472 2340 2515 sena-

306 2541 412 2601 tus
464 2537 854 2601 auctoritate
909 2535 1291 2601 defenditur.
1383 2533 1551 2610 Quid
1597 2537 1812 2602 enim?
1867 2541 2132 2602 senatus
2177 2560 2340 2602 num
2368 2556 2422 2597 25

308 2625 571 2689 obviam
642 2624 900 2710 prodire
970 2624 1213 2689 crimen
1278 2624 1514 2708 putat?
1605 2623 1784 2710 Non,
1849 2625 1963 2690 sed
2026 2627 2339 2691 mercede.

308 2711 649 2777 Convince.
731 2710 909 2776 Num
957 2713 1190 2777 sectari
1239 2712 1528 2777 multos?
1592 2711 1760 2797 Non,
1807 2713 1918 2778 sed
1963 2714 2341 2781 conductos.

304 2799 502 2865 Doce.
572 2797 748 2863 Num
793 2800 1012 2865 locum
1060 2799 1143 2864 ad
1188 2800 1612 2885 spectandum
1657 2802 1811 2866 dare
1859 2805 1972 2867 aut
2018 2802 2098 2865 ad
2143 2823 2340 2887 pran-

308 2888 487 2952 dium
532 2886 855 2952 invitare?
936 2887 1225 2973 Minime,
1273 2888 1385 2953 sed
1429 2889 1645 2974 volgo.
1728 2888 1897 2965 Quid
1942 2893 2046 2954 est
2089 2891 2339 2975 volgo?

308 2975 686 3041 Universos.
784 2974 937 3041 Non
1006 2976 1235 3061 igitur,
1309 2977 1367 3042 si
1438 2977 1510 3042 L.
1564 2974 1799 3062 Natta,
1873 3000 2126 3043 summo
2190 2980 2338 3045 loco
2367 3000 2424 3038 ³0

307 3062 718 3147 adulescens,
773 3063 885 3148 qui
941 3066 1008 3128 et
1062 3085 1193 3148 quo
1254 3066 1473 3130 animo
1529 3066 1661 3129 iam
1717 3068 1808 3131 sit
1862 3071 1930 3131 et
1975 3066 2190 3151 qualis
2235 3069 2342 3133 vir

306 3152 565 3217 futurus
612 3152 728 3238 sit,
770 3152 1083 3237 videmus,
1128 3154 1197 3216 in
1245 3154 1538 3236 equitum
1583 3153 1894 3219 centuriis
1939 3155 2151 3220 voluit
2195 3176 2341 3221 esse

308 3245 374 3305 et
421 3240 504 3305 ad
547 3240 673 3305 hoc
718 3240 1001 3306 officium
1046 3240 1544 3306 necessitudinis
1591 3246 1658 3307 et
1705 3242 1785 3306 ad
1821 3243 2152 3346 reliquum·
2175 3246 2340 3309 tem·

306 3349 429 3413 pus
477 3329 837 3430 gratiosus,
892 3330 958 3393 id
1006 3329 1133 3393 erit
1178 3331 1318 3394 eius
1364 3330 1596 3397 vitrico
1643 3330 1858 3396 fraudi
1905 3334 2020 3396 aut
2064 3331 2340 3417 crimini,

306 3437 455 3499 nec,
502 3417 560 3481 si
605 3417 791 3503 virgo
838 3416 1147 3497 Vestalis,
1191 3417 1384 3483 huius
1429 3420 1797 3503 propinqua
1843 3422 1910 3484 et
1953 3420 2423 3504 necessaria,³⁵

306 3503 523 3569 locum
578 3526 768 3570 suum
823 3504 1290 3591 gladiatorium
1336 3506 1656 3573 concessit
1701 3506 1878 3592 huic,
1930 3528 2065 3572 non
2109 3511 2176 3571 et
2219 3507 2345 3573 illa
