2534 3875
346 231 484 295 424
912 231 1056 286 PRO
1095 231 1156 285 L.
1195 228 1477 286 FLACCO
1518 229 1813 285 ORATIO.

347 377 622 461 iudices,
677 376 1029 441 sustinetis,
1109 374 1394 458 Videtis,
1449 397 1578 459 quo
1632 375 1705 439 in
1757 378 1942 439 motu
1998 379 2407 460 temporum,

352 471 600 550 quanta
653 464 724 529 in
777 465 1198 530 conversione
1251 486 1470 527 rerum
1519 486 1592 528 ac
1638 464 2131 547 perturbatione
2175 485 2402 528 verse-

243 556 332 622 38
355 577 518 619 mur.
620 552 786 618 Cum
852 552 980 617 alia
1036 552 1248 617 multa
1304 552 1465 615 certi
1519 552 1845 636 homineS,
1908 557 2051 616 tum
2104 552 2233 617 hoc
2288 554 2401 616 vel

353 643 637 707 maxime
683 641 1071 723 moliuntur,
1117 644 1194 704 ut
1237 644 1495 704 vestrae
1541 661 1795 723 quoque
1842 644 2120 723 menteS,
2165 647 2402 705 vestra

354 731 610 815 iudicia,
654 734 912 795 vestrae
957 728 1319 793 sententiae
1366 728 1617 813 optimo
1655 728 1884 811 cuique
1920 729 2398 793 infestissimae
2426 745 2455 784 ⁵

355 824 552 904 atque
616 818 1103 883 inimicissimae
1158 816 1582 902 reperiantur.
1682 816 1925 881 Gravia
1976 816 2219 881 iudicia
2274 839 2399 901 pro

354 908 452 972 rei
504 907 806 991 publicae
865 906 1188 991 dignitate
1235 905 1447 970 multa
1493 905 1571 969 de
1618 905 2101 970 coniuratorum
2150 906 2401 971 scelere

354 996 625 1061 fecistis.
725 993 881 1059 Non
961 998 1199 1077 putant
1271 993 1434 1059 satis
1512 1015 1889 1059 conversam
1962 1014 2104 1058 rem
2175 994 2399 1079 publi-

359 1106 534 1168 cam,
579 1082 708 1147 nisi
752 1084 823 1147 in
870 1083 1139 1147 eandem
1185 1082 1538 1166 impiorum
1584 1104 1861 1165 poenam
1908 1082 2157 1166 optime
2206 1083 2399 1146 meri-

249 1191 321 1241 95
357 1178 462 1238 tos
538 1171 708 1237 cives
782 1171 1196 1235 detruserint.
1307 1170 1673 1255 Oppressus
1746 1173 1848 1234 est
1920 1168 1989 1235 O.
2045 1170 2474 1235 AntoniuS.1⁰

356 1260 551 1343 Est03
625 1260 858 1323 habuit
921 1259 1246 1344 quandam
1310 1259 1422 1323 ille
1485 1258 1830 1323 infamiam
1897 1279 2110 1341 suam3
2182 1281 2399 1343 neque

359 1354 584 1413 tamen
637 1348 748 1412 ille
801 1348 942 1432 ipse
999 1347 1147 1432 (pro
1202 1369 1349 1412 meo
1408 1347 1548 1411 iure
1604 1346 1775 1429 dico)
1829 1346 2017 1411 vobis
2072 1347 2398 1411 iudicibus

361 1438 710 1501 damnatus
760 1442 951 1519 esset,
998 1436 1179 1501 cuius
1228 1436 1647 1500 damnatione
1692 1437 2062 1520 sepulcrum
2103 1434 2176 1499 L.
2226 1434 2400 1500 Cati-

362 1526 536 1590 linae
600 1525 872 1589 floribus
930 1528 1234 1590 ornatum
1291 1524 1631 1589 hominum
1686 1524 2270 1588 audacissimorum
2327 1546 2399 1588 ac

365 1614 870 1678 domesticorum
915 1613 1210 1677 hostium
1256 1616 1581 1677 conventu
1622 1612 1959 1697 epulisque
1997 1612 2399 1677 celebratum
2424 1628 2470 1668 1⁵

363 1706 483 1767 est.
555 1701 743 1766 Iusta·
778 1700 1097 1766 Catilinae
1143 1702 1321 1765 facta
1357 1705 1538 1784 sunt3
1572 1722 1745 1764 nunc
1783 1723 1823 1765 a
1858 1699 2093 1765 Flacco
2132 1700 2400 1765 Lentuli

363 1812 614 1875 poenae
652 1812 769 1875 per
805 1812 922 1854 vos
961 1793 1373 1874 expetuntur.
1439 1789 1649 1863 Quam
1684 1789 1964 1871 potestis
2000 1788 2071 1852 P.
2101 1789 2401 1871 Lentulo,

367 1880 481 1964 qui
517 1900 632 1944 vos
670 1878 740 1943 in
769 1878 1110 1963 complexu
1137 1877 1497 1942 liberorum
1528 1877 2001 1964 coniugumque
2030 1881 2403 1943 vestrarum

365 1968 729 2033 trucidatos
775 1967 1070 2032 incendio
1117 1966 1371 2052 patriae
1418 1966 1691 2069 sepelire
1737 1970 2008 2031 conatus
2055 1971 2183 2050 est,
2230 1989 2402 2032 mac-

366 2061 510 2121 tare
557 2055 893 2121 victimam
943 2055 1318 2141 gratiorem,
1364 2078 1562 2140 quam
1608 2056 1665 2119 si
1709 2054 1781 2119 L.
1817 2052 2033 2119 Flacci
2082 2056 2403 2140 sanguine
2428 2072 2475 2112 20

368 2146 552 2209 illius
621 2144 943 2208 nefarium
1011 2143 1081 2207 in
1151 2165 1275 2208 nos
1337 2165 1561 2208 omnes
1623 2142 1844 2207 odium
1904 2145 2403 2208 saturaveritis‘?

259 2253 331 2302 96
368 2233 664 2298 Liternus
711 2232 915 2316 igitur
957 2231 1265 2332 Lentulo,
1311 2238 1735 2332 parentemus
1777 2228 2096 2316 Cethego,
2142 2254 2405 2298 revoce-

368 2343 513 2386 mus
545 2323 812 2404 eiectos;
839 2320 1080 2384 nimiae
1109 2319 1377 2403 pietatis
1407 2323 1474 2384 et
1502 2319 1741 2384 summi
1770 2320 2010 2384 amoris
2030 2319 2101 2383 in
2118 2323 2404 2403 patriam

367 2410 658 2475 vicissim
711 2431 836 2473 nos
889 2430 1160 2492 poenas,
1217 2409 1276 2472 si
1327 2408 1425 2472 ita
1469 2409 1713 2494 placet,
1768 2409 2169 2473 sufferamus
2267 2409 2404 2474 Nos

369 2499 503 2562 iam
542 2499 625 2562 ab
661 2497 985 2562 indicibus
1023 2496 1458 2580 nominamur,
1494 2496 1565 2560 in
1600 2517 1721 2560 nos
1750 2497 2023 2561 erimina
2047 2497 2404 2582 finguntur,
2429 2515 2473 2554 2⁵

367 2586 558 2650 nobis
597 2585 885 2670 pericula
922 2589 1399 2669 comparantur.
1466 2585 1645 2662 Quae
1684 2583 1742 2649 si
1777 2607 1892 2669 per
1921 2585 2085 2649 alios
2115 2592 2405 2670 agerent,

371 2674 430 2738 si
502 2673 778 2756 denique
849 2695 968 2758 per
1038 2673 1269 2757 populi
1338 2695 1577 2737 nomen
1648 2673 1888 2738 civium
1950 2673 2404 2756 imperitorum

372 2762 864 2826 multitudinem
904 2761 1358 2840 concitassent,
1396 2761 1699 2845 aequiore
1736 2762 1953 2826 animo
1988 2761 2161 2826 ferre
2189 2785 2405 2846 posse-

372 2873 547 2934 mus3
602 2849 770 2914 illud
813 2871 970 2914 vero
1015 2849 1177 2914 ferri
1219 2872 1352 2914 non
1397 2853 1645 2933 potest,
1689 2850 1863 2934 quod
1908 2872 2025 2950 per
2070 2854 2404 2917 senatores

373 2943 441 3003 et
494 2960 610 3023 per
665 2938 914 3022 equites
961 2937 1327 3021 Romanos,
1385 2937 1498 3021 qui
1550 2938 1711 3002 haec
1758 2938 1981 3002 omnia
2024 2960 2146 3024 pro
2194 2939 2404 3004 salute
2428 2957 2473 2996 ³⁰

376 3029 668 3093 omnium
743 3027 1070 3091 communi
1142 3026 1446 3105 consilio,
1520 3048 1652 3090 una
1723 3031 1942 3090 mente
2017 3048 2091 3090 ac
2162 3027 2405 3093 virtute

373 3118 746 3202 gesserunt,
819 3115 1053 3179 harum
1117 3136 1335 3178 rerum
1400 3118 1724 3197 auctores,
1798 3114 2018 3197 duces,
2079 3115 2404 3201 principes

375 3203 650 3288 spoliari
697 3203 998 3268 omnibus
1045 3202 1333 3266 fortunis
1380 3206 1578 3286 atque
1625 3203 1891 3268 civitate
1937 3204 2172 3287 expelli
2217 3225 2406 3288 posse

373 3291 792 3357 arbitrantur.
883 3290 1148 3356 Etenim
1204 3293 1431 3374 populi
1478 3291 1757 3355 Romani
1812 3291 2215 3375 perspiciunt
2259 3315 2403 3357 ean-

375 3379 522 3443 dem
579 3384 863 3444 mentem
920 3381 986 3442 et
1038 3379 1473 3462 voluntatem3
1532 3379 1835 3444 omnibus
1892 3380 2087 3444 rebus
2098 3430 2115 3462 ,
2171 3381 2400 3464 quibus
2426 3397 2471 3439 ³⁵

373 3469 613 3549 potest,
648 3467 929 3551 populus
976 3465 1310 3530 Romanus
1351 3466 1694 3551 significat,
1732 3467 1881 3552 quid
1924 3469 2189 3550 sentiat3
2227 3470 2402 3534 nulla

379 3553 663 3618 varietas
711 3559 812 3618 est
854 3553 1028 3617 inter
1073 3553 1374 3618 homines
1422 3555 1768 3639 opinionis,
1812 3556 1995 3621 nulla
2029 3556 2398 3642 voluntatiS,
