2534 3875
785 188 940 243 CAP.
983 195 1191 245 17—19
1230 196 1260 256 s
1300 194 1527 243 51—57.
2088 192 2178 254 93

110 330 192 396 ad
256 334 588 397 nostram
653 333 1035 397 memoriam
1103 333 1451 435 disciplina
1511 332 1769 399 navalis
1834 338 1902 399 et
1966 334 2182 420 gloria

116 419 484 505 remansit,
553 442 718 505 quae
784 421 1043 506 civitas,
1107 422 1405 506 inquam,
1480 425 1675 486 antea
1736 426 1877 486 tam
1948 422 2181 505 tenuis,

115 528 274 588 quae
321 512 484 573 tam
529 531 736 593 parva
781 510 997 574 insula
1040 509 1197 595 fuit,
1245 532 1431 612 quae
1457 530 1589 575 non
1636 515 1866 595 portus
1914 531 2067 575 suos
2114 513 2183 575 et

123 617 322 680 agros
383 600 463 661 et
519 596 806 680 aliquam
866 601 1124 683 partem
1181 597 1469 683 regionis
1532 602 1728 682 atque
1784 620 1937 663 orae
1984 598 2181 663 mari·

68 704 88 743 ⁵
127 686 334 749 timae
405 707 532 770 per
595 706 666 750 se
733 684 880 771 ipsa
943 685 1361 751 defenderet?
1462 685 1557 751 At
1614 685 1877 751 hercule
1934 686 2187 771 aliquot

129 793 339 837 annos
412 773 762 838 continuos
835 777 986 839 ante
1051 775 1264 859 legem
1322 772 1672 839 Gabiniam
1726 774 1841 839 ille
1900 774 2183 859 populus

127 859 507 946 Romanus,
562 861 744 927 cuius
790 884 994 948 usque
1043 863 1125 927 ad
1170 866 1470 927 nostram
1515 862 1900 928 memoriam
1945 884 2187 928 nomen

127 948 458 1015 invictum
506 950 576 1015 in
620 950 968 1015 navalibus
1014 951 1254 1037 pugnis
1301 952 1764 1035 permanserit,
1821 972 2062 1036 magna
2109 972 2185 1016 ac

133 1038 348 1103 multo
412 1038 702 1103 maxima
757 1044 945 1140 parte
1000 1060 1134 1103 non
1179 1040 1373 1104 modo
1419 1039 1755 1123 utilitatis,
1816 1040 1929 1105 sed
1977 1039 2183 1125 digni·

71 1148 112 1188 ιο
133 1125 292 1190 tatis
345 1130 550 1211 atque
597 1126 860 1211 imperii
905 1127 1142 1210 caruit3
1196 1148 1347 1210 nos,
1405 1149 1680 1211 quorum
1727 1128 2008 1193 maiores
2054 1130 2185 1191 An·
2223 1141 2287 1192 55

137 1214 436 1280 tiochum
482 1234 704 1297 regem
752 1215 961 1281 classe
1001 1216 1391 1299 Persemque
1429 1220 1819 1301 superarunt
1857 1216 2186 1281 omnibus·

137 1324 258 1385 que
335 1303 686 1367 navalibus
760 1303 999 1389 pugnis
1077 1301 1639 1389 Carthaginiensis
1648 1354 1666 1387 ,
1747 1304 2043 1369 homines
2116 1304 2187 1369 in

139 1389 496 1455 maritimis
589 1391 785 1455 rebus
878 1391 1480 1457 exercitatissumos
1563 1392 2186 1477 paratissumosque,

138 1480 469 1563 vicerunt,
513 1478 564 1543 ii
606 1480 791 1544 nullo
837 1479 906 1544 in
951 1481 1096 1546 loco
1144 1480 1279 1545 iam
1324 1479 1759 1563 praedonibus
1806 1502 1995 1565 pares
2042 1502 2186 1546 esse

81 1592 120 1633 ιε»
141 1572 559 1650 poteramus3
614 1589 763 1650 nOS,
819 1567 931 1653 qui
987 1571 1182 1632 antea
1235 1590 1373 1633 non
1419 1567 1612 1633 modo
1659 1568 1924 1633 Italiam
1969 1571 2185 1633 tutam

142 1656 573 1739 habebamuS,
619 1656 732 1721 sed
779 1678 1006 1721 omnes
1055 1658 1266 1722 socios
1313 1656 1382 1720 in
1428 1654 1680 1721 ultimis
1728 1656 1861 1721 oris
1908 1656 2186 1721 auctori-

143 1748 282 1809 tate
339 1744 553 1810 nostri
606 1744 865 1828 imperii
922 1744 1142 1810 salvos
1179 1748 1515 1828 praestare
1561 1746 1968 1828 poteramus,
2023 1752 2185 1826 tum,

145 1855 293 1897 cum
338 1832 557 1897 insula
600 1830 804 1896 Delos
851 1836 990 1897 tam
1027 1834 1255 1917 procul
1304 1854 1345 1897 a
1381 1831 1569 1898 nobis
1606 1834 1677 1896 in
1715 1834 1979 1918 Aegaeo
2018 1832 2187 1896 mari

152 1919 385 2006 posita,
435 1942 562 2005 quo
609 1943 831 1986 omnes
871 1920 1155 2005 undique
1193 1944 1340 1988 cum
1379 1920 1705 1987 mercibus
1742 1926 1938 2005 atque
1976 1920 2181 1986 oneri·

86 2037 131 2076 20
153 2011 274 2075 bus
332 2009 817 2092 commeabant,
873 2009 1116 2075 referta
1177 2009 1452 2094 divitiis,
1511 2031 1743 2110 parva,
1801 2010 1939 2074 sine
1994 2030 2182 2074 muro

151 2098 314 2163 nihil
372 2097 678 2180 timebat,
738 2098 909 2162 idem
965 2120 1099 2162 non
1154 2098 1349 2164 modo
1404 2097 1760 2184 provinciis
1806 2101 2001 2182 atque
2050 2097 2184 2162 oris

151 2186 380 2252 ltaliae
417 2185 766 2251 maritimis
805 2208 880 2252 ac
916 2185 1238 2288 portubus
1275 2186 1541 2267 nostris,
1576 2186 1691 2251 sed
1728 2185 1927 2251 etiam
1967 2183 2187 2270 Appia

153 2275 282 2340 iam
349 2274 456 2340 via
518 2275 926 2359 carebamus3
990 2278 1056 2338 et
1109 2275 1190 2339 iis
1246 2274 1655 2360 temporibus
1710 2296 1844 2340 non
1896 2273 2188 2358 pudebat

157 2363 580 2447 magistratus
653 2363 882 2447 populi
945 2362 1224 2427 Romani
1297 2363 1369 2427 in
1439 2363 1614 2427 hunc
1687 2361 1903 2448 ipsum
1968 2362 2187 2428 locum

87 2479 132 2519 ²5
157 2451 508 2533 escendere,
544 2472 690 2516 cum
739 2473 886 2516 eum
932 2451 1124 2516 nobis
1170 2451 1450 2516 maiores
1495 2451 1709 2515 nostri
1747 2449 1995 2515 exuviis
2032 2473 2188 2516 nau·
2210 2497 2293 2561 19

157 2539 298 2604 ticis
354 2542 422 2603 et
477 2539 785 2604 classium
841 2539 1071 2624 spoliis
1118 2543 1425 2604 ornatum
1468 2537 1917 2622 reliquissent!
2000 2539 2186 2605 Bono
2225 2573 2293 2624 56

159 2633 224 2693 te
267 2627 481 2692 animo
527 2631 690 2711 tum,
737 2626 810 2703 Q.
839 2628 1171 2711 Hortensi,
1215 2629 1498 2712 populus
1544 2627 1879 2692 Romanus
1918 2630 1985 2692 et
2021 2631 2186 2692 cete-

162 2737 292 2800 ros,
338 2715 449 2801 qui
494 2721 684 2781 erant
729 2717 798 2780 in
843 2715 1070 2781 eadem
1120 2715 1471 2800 sententia,
1523 2715 1740 2780 dicere
1786 2715 2189 2782 existimavit

31 2862 41 2878 Α,
163 2826 260 2888 ea,
315 2825 478 2888 quae
534 2803 955 2888 sentiebatis3
1022 2805 1133 2869 sed
1187 2808 1412 2869 tamen
1464 2803 1536 2868 in
1590 2804 1800 2869 salute
1857 2805 2187 2869 communi

93 2922 141 2962 30
164 2891 324 2956 idem
377 2893 658 2977 populus
705 2891 1038 2958 Romanus
1095 2892 1308 2957 dolori
1354 2913 1471 2957 suo
1509 2891 1746 2956 maluit
1792 2914 1991 2977 quam
2037 2915 2185 2958 auc-

165 2979 414 3044 toritati
472 2984 729 3046 vestrae
785 2984 1253 3065 optemperare.
1342 2979 1575 3064 Itaque
1632 3002 1763 3045 una
1821 2981 1953 3064 lex,
2017 3001 2185 3045 unus

162 3069 283 3150 vir,
335 3090 500 3133 unus
548 3089 756 3133 annus
799 3089 931 3134 non
979 3068 1170 3134 modo
1216 3090 1337 3133 nos
1384 3069 1504 3133 illa
1550 3067 1814 3132 miseria
1858 3090 1935 3132 ac
1979 3068 2185 3153 turpi-

165 3156 378 3221 tudine
423 3156 757 3238 liberavit,
814 3157 925 3221 sed
974 3157 1174 3222 etiam
1219 3157 1460 3238 effecit,
1514 3160 1591 3220 ut
1636 3155 1986 3240 aliquando
2035 3177 2185 3219 vere

165 3244 520 3309 videremur
575 3244 876 3310 omnibus
927 3245 1232 3330 gentibus
1282 3267 1356 3310 ac
1399 3243 1779 3309 nationibus
1825 3248 2004 3308 terra
2050 3265 2184 3306 maa

96 3365 142 3406 ³⁵
166 3332 338 3417 rique
400 3333 740 3418 imperare.
841 3330 981 3407 Quo
1048 3333 1211 3398 mihi
1276 3333 1477 3398 etiam
1540 3330 1871 3416 indignius
1928 3330 2183 3394 videtur
2222 3347 2289 3398 57

171 3421 590 3486 obtrectatum
637 3441 778 3486 esse
826 3421 1054 3503 adhuc,
1103 3421 1384 3486 Gabinio
1432 3420 1640 3485 dicam
1680 3439 1847 3482 anne
1874 3417 2187 3502 Pompeio

171 3531 248 3572 an
287 3509 562 3594 utrique,
606 3507 676 3574 id
722 3508 896 3594 quod
942 3513 1045 3574 est
1088 3508 1323 3593 verius,
1366 3529 1449 3572 ne
1496 3509 1825 3592 legaretur
1872 3503 1949 3569 A.
1991 3504 2185 3570 Gabi·
