2534 3875
838 172 991 228 CAP.
1031 178 1242 227 27—29
1282 178 1313 239 ξ
1352 178 1593 260 65-71..
2095 176 2231 242 415

172 338 260 381 ac
300 315 624 382 maledica
660 314 927 380 civitate
963 316 1180 381 locum
1219 317 1505 382 sermoni
1543 318 2058 387 obtrectatorum
2094 344 2229 387 non

172 403 474 488 reliquit.
547 402 701 468 Non
749 403 921 468 enim
967 405 1157 469 credo
1203 405 1591 491 religionem
1630 410 1697 471 et
1733 405 2123 475 Iudaeorum
2161 415 2227 476 et

173 492 482 559 hostium
528 491 993 576 impedimento
1039 494 1610 577 praestantissimo
1656 494 2067 581 imperatori,
2114 500 2226 567 sed

174 580 504 665 pudorem
531 579 753 645 fuisse.
807 579 942 645 Ubi
969 580 1175 666 igitur
1203 582 1450 647 crimen
1480 586 1599 665 est,
1628 583 1935 668 quoniam
1965 585 2225 669 quidem

115 684 144 724 5
176 668 436 734 furtum
493 690 816 752 nusquam
874 669 1322 753 reprehendis,
1388 671 1668 735 edictum
1730 672 1972 755 probas
1983 723 2002 758 ,
2067 673 2227 740 iudi·

176 762 408 823 catum
443 756 691 839 fateris,
730 757 1099 841 quaesitum
1136 764 1203 822 et
1236 759 1572 841 prolatum
1600 760 1817 842 palam
1844 782 1979 826 non
2004 783 2226 847 negas,

178 849 407 910 actum
474 866 616 910 esse
679 866 799 930 per
859 846 1034 910 viros
1098 847 1446 930 primarios
1510 868 1615 911 res
1679 846 1827 933 ipsa
1891 849 2223 916 declarat?

176 935 522 1018 Apameae
576 932 925 997 manifesto
983 934 1521 1019 comprehensum
1577 939 1730 1000 ante
1784 937 1982 1021 pedes
2042 960 2225 1023 prae·

179 1022 354 1086 toris
411 1022 481 1086 in
523 1021 670 1086 foro
718 1042 1071 1105 expensum
1119 1026 1220 1087 est
1266 1024 1409 1088 auri
1453 1024 1672 1109 pondo
1721 1029 1982 1091 centum
2027 1027 2223 1111 paulo

93 1127 152 1166 10
179 1110 404 1174 minus
460 1131 577 1191 per
632 1106 774 1174 Sex,
822 1108 1152 1194 Caesium,
1207 1112 1490 1196 equitem
1545 1111 1943 1198 Romanum,
2000 1116 2225 1181 castis-

181 1198 428 1264 simum
463 1196 795 1262 hominem
829 1201 1022 1281 atque
1049 1198 1563 1284 integerrimum,
1598 1199 1958 1268 Laodiceae
1985 1203 2224 1289 viginti

179 1286 404 1371 pondo
450 1285 648 1369 paulo
697 1286 979 1368 amplius
1026 1308 1141 1369 per
1174 1287 1349 1352 hunc
1386 1288 1657 1372 [ipsum]
1695 1286 1771 1355 L.
1798 1289 2224 1375 Peducaeum,

179 1374 467 1439 iudicem
528 1377 854 1457 nostrum,
919 1373 1260 1458 Adramyti
1316 1372 1438 1413 *³¹²*
1493 1397 1611 1460 per
1678 1374 1791 1443 Cn.
1858 1377 2223 1445 Domitium

180 1462 509 1548 legatum,
562 1460 868 1546 Pergami
922 1484 1054 1527 non
1108 1464 1404 1528 multum.
1498 1463 1664 1528 Auri
1715 1465 1886 1531 ratio
1946 1472 2223 1553 constat,
2260 1484 2329 1533 69

101 1566 155 1607 1⁵
185 1572 422 1616 aurum
481 1550 550 1613 in
596 1550 847 1614 aerario
896 1553 1023 1632 est3
1079 1549 1331 1616 furtum
1374 1572 1509 1615 non
1554 1552 2075 1639 reprehenditur,
2127 1556 2220 1621 in-

181 1638 364 1704 vidia
419 1637 778 1722 quaeritur3
834 1660 873 1702 a
925 1638 1245 1703 iudicibus
1304 1640 1516 1704 oratio
1573 1640 1918 1726 avertitur,
1972 1664 2101 1708 vox
2154 1644 2223 1707 in

185 1748 498 1793 coronam
562 1727 951 1809 turbamque
1016 1726 1383 1791 effunditur.
1484 1724 1617 1791 Sua
1684 1727 1911 1813 cuique
1970 1730 2224 1796 civitati

183 1814 442 1901 religio,
467 1812 670 1897 Laeli,
699 1817 817 1898 est,
842 1817 1072 1880 nostra
1098 1814 1308 1881 nobie.
1374 1812 1715 1880 Stantibus
1744 1815 2222 1901 Hierosolymis

186 1902 566 1990 pacatisque
621 1902 876 1969 Iudaeis
924 1907 1146 1969 tamen
1192 1904 1477 1969 istorum
1521 1903 1754 1990 religio
1803 1927 2137 1972 sacrorum
2184 1930 2224 1973 a

103 2008 158 2048 2⁰
185 1992 534 2078 splendore
608 1991 798 2056 huius
871 1991 1156 2076 imperii,
1230 1993 1559 2078 gravitate
1630 1993 1914 2059 nominis
1987 1997 2222 2079 nostri,

189 2081 512 2146 maiorum
557 2079 879 2144 institutis
929 2080 1355 2165 abhorrebat3
1399 2102 1572 2146 nunc
1616 2103 1771 2147 vero
1816 2082 1943 2148 hoc
1990 2084 2222 2168 magis,

189 2169 364 2253 quod
409 2168 527 2233 illa
564 2189 742 2254 genS,
789 2167 941 2252 quid
979 2170 1056 2233 de
1092 2172 1322 2235 nostro
1358 2169 1632 2253 imperio
1672 2170 1962 2255 sentiret,
2008 2175 2223 2236 osten-

190 2258 286 2322 dit
331 2256 558 2340 armis3
614 2279 810 2342 quam
857 2278 1008 2320 cara
1053 2257 1152 2321 dis
1197 2257 1685 2322 immortalibus
1734 2262 1935 2343 esset,
1983 2259 2221 2344 docuit,

191 2346 362 2430 quod
410 2348 513 2409 est
556 2345 759 2426 victa,
806 2345 978 2428 quod
1025 2345 1305 2428 elocata,
1353 2345 1524 2430 quod
1572 2367 1777 2412 serva.

111 2449 165 2491 25
322 2431 532 2508 Quam
579 2433 662 2498 ob
707 2455 847 2498 rem
894 2432 1218 2519 quoniam,
1265 2433 1440 2517 quod
1477 2433 1722 2499 crimen
1759 2456 1898 2500 esse
1936 2437 2221 2521 voluisti,
2241 2414 2328 2541 2790

190 2522 255 2586 id
310 2525 529 2587 totum
582 2521 762 2586 vides
807 2521 879 2585 in
922 2521 1181 2585 laudem
1228 2541 1368 2586 esse
1415 2543 1826 2606 conversum,
1883 2525 2219 2591 veniamus

191 2612 322 2676 iam
378 2609 461 2674 ad
515 2609 752 2674 civium
799 2609 1243 2675 Romanorum
1300 2609 1650 2694 querellas3
1708 2633 1786 2676 ex
1843 2613 2078 2696 quibus
2134 2615 2224 2678 sit

195 2720 346 2764 sane
392 2697 606 2781 prima
651 2696 938 2764 Deciani.
1029 2695 1196 2773 Quid
1241 2697 1369 2762 tibi
1412 2699 1705 2782 tandem,
1760 2699 2071 2784 Deciane‚
2128 2702 2221 2766 in-

195 2787 396 2852 iuriae
477 2785 724 2851 factum
797 2784 941 2851 est?
1057 2785 1122 2850 N
1126 2785 1439 2870 egotiaris
1514 2787 1584 2852 in
1654 2787 1864 2854 libera
1937 2789 2222 2856 civitate.

117 2892 171 2932 ³⁰
195 2874 481 2940 Primum
535 2878 759 2959 patere
804 2895 909 2939 me
956 2895 1096 2938 esse
1143 2873 1487 2939 curiosum.
1579 2874 1720 2951 Quo
1768 2898 1973 2960 usque
2019 2898 2222 2963 nego·

197 2963 467 3047 tiabere,
521 2983 668 3028 cum
722 2963 1110 3048 praesertim
1158 2963 1247 3027 sis
1292 2961 1423 3028 isto
1470 2964 1612 3028 loco
1657 2966 1899 3029 natus?
1990 2964 2219 3030 Annos

197 3052 323 3116 iam
359 3051 640 3135 triginta
675 3049 744 3114 in
779 3050 922 3117 foro
959 3049 1256 3134 versariS,
1293 3049 1406 3114 sed
1444 3053 1665 3116 tamen
1701 3052 1771 3115 in
1796 3051 2218 3137 Pergameno.

197 3138 422 3223 Longo
477 3139 857 3223 intervallo,
912 3139 970 3202 si
1015 3137 1271 3222 quando
1318 3137 1445 3202 tibi
1474 3139 1893 3224 ,peregrinari
1940 3161 2219 3204 commo-

201 3227 347 3292 dum
394 3229 522 3310 est,
566 3226 845 3291 Romam
892 3227 1102 3310 venis,
1149 3226 1342 3290 affers
1387 3224 1621 3290 faciem
1666 3249 1936 3310 novam,
1980 3248 2219 3292 nomen

126 3331 178 3373 3⁵
202 3320 410 3398 vetus,
462 3336 821 3400 purpuram
876 3312 1168 3398 Tyriam,
1222 3313 1294 3377 in
1348 3335 1477 3397 qua
1523 3313 1648 3379 tibi
1703 3314 1989 3398 invideo,
2046 3315 2219 3400 quod

202 3405 339 3468 unis
375 3402 782 3467 vestimentis
821 3405 959 3466 tam
998 3401 1107 3465 diu
1143 3400 1364 3466 lautus
1404 3422 1492 3466 es,
1536 3400 1784 3466 Verum
1822 3406 1981 3486 esto,
2016 3424 2218 3488 nego·
2257 3420 2323 3469 ‘11

203 3491 347 3556 tiari
393 3490 585 3575 libet3
630 3512 745 3556 cur
789 3511 920 3554 non
960 3489 1281 3574 Pergami,
1329 3487 1661 3576 Smyrnae,
1707 3489 2058 3576 Trallibu8,
2104 3491 2219 3556 ubi
