2534 3875
201 634 268 759 ἐξ

203 1462 268 1511 18

201 2695 266 2744 19

309 157 440 221 184
777 156 877 210 DE
914 155 1105 211 LEGE
1149 155 1479 211 AGRARIA
1517 154 1789 210 ORATIO
1831 156 1870 209 Ι.

307 301 456 366 culo
511 301 834 366 coloniam
881 300 1327 383 constituatiS,
1381 322 1463 365 ne
1510 301 1738 366 urbem
1783 300 1954 365 hanc
2000 300 2161 365 urbe
2209 301 2344 365 alia

305 410 599 474 premere
638 394 834 472 atque
872 409 1101 473 urgere
1137 388 1453 473 possitis?
1514 388 1690 453 ‘Non
1724 386 2079 472 faciemus',
2106 388 2343 474 inquit.

305 477 600 541 Primum
644 477 890 561 nesci0,
938 477 1165 541 deinde
1210 476 1433 560 timec,
1483 481 1819 562 postremo
1865 499 2000 542 non
2046 478 2338 541 commit-

305 569 472 650 tam,
526 568 600 630 ut
643 569 861 631 vestro
917 564 1231 630 beneficio
1279 566 1499 648 potius
1546 587 1743 649 quam
1786 568 2015 630 nostro
2062 566 2339 631 consilio

308 653 477 718 salvi
523 675 664 719 esse
708 653 1054 739 possimus.
1126 653 1314 728 Quod
1350 675 1503 718 vero
1550 657 1761 717 totam
1798 652 2062 718 Italiam
2097 654 2339 718 vestris
2366 672 2398 713 5

309 741 583 806 coloniis
631 741 955 826 complere
991 741 1314 825 voluistiS,
1360 741 1428 806 id
1464 741 1645 806 cuius
1684 742 1862 805 modi
1898 745 2089 819 esset,
2131 741 2340 805 nemi-

305 852 537 895 nemne
581 833 882 894 nostrum
925 829 1413 895 intellecturum
1462 829 1928 895 existimastis?
2004 828 2339 914 Scriptum

307 922 408 982 est
453 917 652 981 enim:
699 916 918 992 ‘QUAE
967 935 1043 981 m
1089 934 1461 982 MUNICIPIA
1506 934 1827 995 QUASQUE
1873 935 1949 981 m
1988 934 2338 983 conomAs

305 1023 701 1070 DECEMVIRI
729 1023 1010 1088 VELINT,
1047 1023 1429 1071 DEDUCANT
1458 1022 1799 1089 COLONOS,
1836 1022 2017 1083 QUOS
2046 1022 2339 1088 VELINT,

305 1112 398 1158 ΕΤ
456 1110 547 1158 118
601 1110 829 1159 AGROS
888 1110 1307 1175 A881GNENT,
1362 1110 1611 1171 QUIBUS
1668 1112 1743 1157 ΙΝ
1790 1110 1991 1160 Locls
2038 1093 2339 1177 VELINT',
2368 1114 2426 1153 10

306 1185 398 1265 ut,
445 1203 592 1246 cum
628 1186 840 1247 totam
875 1181 1141 1247 Italiam
1177 1181 1498 1248 militibus
1536 1182 1671 1246 suis
1709 1182 2109 1267 occuparint,
2145 1182 2337 1247 nobis

305 1291 437 1334 non
510 1270 702 1333 modo
777 1269 1114 1353 dignitatis
1188 1269 1593 1354 retinendae,
1666 1270 1780 1335 sed
1850 1292 1931 1335 ne
2005 1270 2338 1335 libertatis

307 1357 568 1442 quidem
614 1357 1089 1441 recuperandae
1136 1380 1286 1443 spes
1333 1358 1756 1442 relinquatur.
1831 1360 2047 1442 Atque
2093 1358 2257 1423 haec
2296 1381 2336 1422 a

307 1468 412 1510 me
485 1446 961 1531 suspicionibus
1035 1450 1102 1511 et
1175 1445 1546 1511 coniectura
1620 1451 2080 1531 coarguuntur.
2189 1445 2335 1511 Iam

306 1534 518 1599 omnis
584 1534 873 1600 omnium
928 1536 1198 1599 tolletur
1253 1556 1462 1617 error,
1528 1535 1658 1599 iam
1714 1538 1937 1619 aperte
1993 1535 2339 1599 ostendent
2368 1554 2421 1596 15

307 1622 433 1687 sibi
495 1644 736 1688 nomen
795 1623 988 1687 huius
1055 1622 1152 1687 rei
1213 1622 1540 1707 publicae,
1605 1623 1820 1688 sedem
1886 1623 2068 1688 urbis
2136 1626 2337 1706 atque

303 1711 591 1797 imperii,
643 1712 916 1795 denique
978 1712 1103 1776 hoc
1157 1711 1477 1794 templum
1521 1710 1697 1775 Iovis
1751 1711 2006 1795 optumi
2051 1712 2340 1777 maxumi

307 1804 503 1883 atque
540 1799 709 1864 hanc
738 1820 953 1865 arcem
984 1799 1274 1864 omnium
1302 1799 1593 1883 gentium
1624 1798 1980 1882 displicere.
2042 1796 2336 1900 Capuam
2422 1842 2429 1847 ·

307 1886 533 1954 deduci
580 1888 847 1953 colonos
894 1888 1152 1971 volunt,
1209 1887 1397 1952 illam
1443 1888 1670 1953 urbem
1717 1887 1867 1953 huic
1913 1885 2062 1953 urbi
2106 1909 2335 1954 rursus

307 1997 660 2061 opponere,
720 1976 880 2041 illuc
935 1997 1092 2061 opes
1148 1998 1300 2040 suas
1358 1976 1603 2041 deferre
1659 1979 1726 2041 et
1779 1977 2043 2061 imperii
2096 1998 2339 2043 nomen
2366 1999 2420 2038 eo

303 2064 658 2129 transferre
746 2065 1053 2150 cogitant.
1172 2063 1298 2139 Qui
1368 2064 1550 2130 locus
1623 2069 1894 2150 propter
1966 2064 2338 2130 ubertatem

305 2173 613 2237 agrorum
677 2152 1266 2236 abundantiamque
1328 2174 1546 2217 rerum
1612 2154 1901 2218 omnium
1960 2153 2337 2237 superbiam

306 2247 372 2304 et
417 2240 869 2305 crudelitatem
916 2241 1215 2325 genuisse
1264 2241 1531 2324 dicitur,
1576 2241 1670 2306 ibi
1713 2241 1923 2306 nostri
1968 2241 2182 2306 coloni
2230 2241 2338 2306 de·

305 2329 459 2393 lecti
506 2328 588 2393 ad
634 2350 824 2394 omne
868 2328 1121 2394 facinus
1167 2351 1208 2393 a
1253 2329 1636 2394 decemviris
1684 2330 2205 2408 collocabuntur,
2253 2333 2338 2414 et,

307 2416 495 2480 credo
507 2466 525 2499 ,
587 2439 715 2500 qua
769 2417 836 2480 in
896 2418 1057 2481 urbe
1110 2417 1411 2482 homines
1458 2417 1525 2480 in
1571 2422 1789 2482 vetere
1836 2417 2155 2503 dignitate
2201 2417 2334 2484 for·
2365 2431 2419 2472 2⁵

304 2507 592 2588 tunaque
637 2505 777 2568 nati
815 2505 1069 2589 copiam
1115 2527 1334 2569 rerum
1380 2505 1712 2570 moderate
1756 2504 1927 2570 ferre
1972 2527 2105 2570 non
2148 2509 2337 2588 potu-

305 2594 522 2673 erunt,
566 2591 634 2655 in
679 2613 757 2655 ea
799 2592 916 2656 isti
959 2592 1169 2657 vestri
1213 2592 1532 2657 satellites
1579 2593 1869 2658 modeste
1917 2593 2337 2659 insolentiam

307 2701 492 2743 suam
538 2679 978 2744 continebunt.
1050 2679 1347 2744 Maiores
1378 2681 1590 2745 nostri
1628 2679 1852 2766 Capua
1889 2681 2338 2766 magistratus,

307 2771 624 2849 senatum,
670 2768 1016 2832 consilium
1062 2789 1421 2853 commune,
1468 2770 1686 2834 omnia
1732 2770 2004 2853 denique
2050 2769 2337 2856 insignia

303 2854 400 2919 rei
462 2817 762 2938 publicae
826 2857 1256 2939 sustulerunt,
1320 2879 1530 2940 neque
1591 2857 1767 2921 aliud
1828 2857 2173 2941 quicquam
2236 2858 2337 2938 [in
2362 2873 2419 2914 ⁸⁰

303 2942 489 3022 urbe]
535 2940 664 3006 nisi
707 2943 900 3007 inane
954 2966 1193 3009 nomen
1238 2942 1501 3028 Capuae
1555 2945 1957 3030 reliquerunt
2013 2967 2147 3010 non
2193 2968 2337 3011 cru-

305 3029 573 3095 delitate
633 3030 817 3114 (quid
881 3032 1052 3096 enim
1115 3031 1252 3096 illis
1308 3033 1432 3097 fuit
1489 3033 1900 3117 clementius,
1964 3033 2077 3118 qui
2131 3035 2335 3100 etiam

304 3119 590 3183 externis
642 3118 946 3184 hostibus
991 3120 1180 3185 victis
1236 3143 1355 3184 sua
1400 3121 1777 3206 saepissime
1823 3121 2335 3223 reddiderunt‘P),

305 3208 418 3272 sed
489 3207 790 3290 consilio,
864 3208 1034 3293 quod
1107 3208 1444 3292 videbant,
1518 3209 1575 3274 si
1638 3211 1811 3294 quod
1875 3208 1970 3274 rei
2031 3210 2381 3295 publicae

301 3296 651 3380 vestigium
724 3296 858 3361 illis
914 3296 1252 3362 moenibus
1310 3297 1772 3380 contineretur,
1836 3299 2062 3362 urbem
2117 3298 2333 3400 ipsam
2362 3315 2420 3356 ⁸⁶

302 3383 624 3468 imperio
642 3384 1043 3449 domicilium
1106 3385 1419 3469 praebere
1481 3407 1705 3468 posse3
1769 3407 1887 3450 vos
1951 3385 2139 3470 haec,
2201 3387 2334 3451 nisi

304 3474 590 3536 evertere
629 3494 768 3537 rem
804 3474 1135 3556 publicam
1174 3473 1493 3557 cuperetis
1532 3495 1607 3538 ac
1645 3473 1831 3538 vobis
1859 3494 2097 3538 novam
2128 3473 2333 3540 domi-
