2534 3875
162 858 227 908 37

165 1778 234 1827 38

170 2884 237 2933 39

265 171 399 233 202
732 167 828 221 ΒΕ
865 164 1054 221 LEGE
1090 164 1423 221 AGRARIA
1460 162 1738 220 ORATIO
1774 163 1845 219 11.

264 315 425 379 urbe
483 310 729 397 partim
782 310 1054 395 periculi
1112 309 1415 394 perfugia
1468 330 1609 374 esse
1667 307 2031 373 voluerunt.
2120 306 2304 372 Haec

264 403 413 487 lege
466 399 822 464 tribunicia
879 398 1226 464 decemviri
1280 397 1578 462 vendent.
1670 394 1951 462 Accedet
1986 416 2063 461 eo
2109 418 2302 461 mons

267 488 551 571 Gaul-ue,
623 486 929 553 accedent
997 486 1230 551 salicta
1296 485 1379 550 ad
1444 484 1843 567 Minturnae,
1910 484 2304 569 adiungetur

271 578 470 643 etiam
525 577 642 641 illa
695 574 806 641 via
858 574 1205 640 vendibilis
1261 573 1670 639 Herculanea
1724 573 2080 638 multarum
2142 572 2303 637 deli-

267 667 514 731 ciarum
588 668 656 729 et
729 684 1008 747 magnae
1080 662 1418 747 pecuniae,
1499 662 1828 747 permulta
1900 661 2057 744 alia,
2130 682 2301 747 quae
2330 673 2359 717 5

269 758 532 819 senatus
602 756 870 837 propter
933 750 1274 835 angustias
1342 750 1577 815 aerarii
1641 749 1975 815 vendenda
2028 749 2303 833 censuit,

268 842 566 908 0011611166
630 844 901 925 propter
953 839 1263 904 invidiam
1318 861 1451 904 non
1505 838 1953 903 vendiderunt.
2052 836 2305 903 Verum

266 931 431 995 haec
474 929 758 994 fortasse
795 931 1064 1013 propter
1100 927 1415 1011 pudorem
1451 927 1523 991 in
1555 927 1699 1012 lege
1735 926 2107 992 reticentur.
2174 924 2305 991 Sed

267 1018 433 1083 illud
489 1018 702 1102 magis
763 1021 863 1080 est
909 1016 1294 1081 credendum
1341 1020 1407 1080 et
1451 1015 2065 1100 pertimescendum,
2127 1014 2304 1098 quod

269 1105 576 1171 audaciae
606 1104 1022 1170 decemvirali
1049 1106 1669 1189 corrumpendarum
1697 1104 2069 1169 tabularum
2086 1101 2303 1189 publi·
2333 1118 2389 1159 10

269 1216 492 1260 carum
527 1193 1105 1278 fingendorumque
1134 1197 1401 1258 senatus
1430 1193 1895 1275 consultorum,
1932 1214 2099 1275 quae
2126 1192 2306 1256 facta

267 1304 622 1365 numquam
670 1281 820 1365 sint,
866 1304 1012 1347 cum
1058 1303 1137 1346 ex
1183 1303 1259 1346 eo
1305 1302 1596 1364 numero,
1642 1280 1755 1365 qui
1789 1302 1907 1365 per
1944 1302 2055 1345 eos
2093 1301 2304 1345 annos

270 1371 568 1436 consules
627 1370 914 1453 fuerunt,
969 1369 1160 1434 multi
1216 1369 1460 1435 mortui
1506 1368 1664 1452 sint,
1720 1389 1961 1453 magna
2004 1371 2303 1451 potestas

268 1458 687 1543 permittitur.
752 1457 899 1523 Nisi
935 1457 1106 1523 forte
1142 1457 1309 1521 nihil
1347 1461 1449 1522 est
1486 1478 1764 1541 aequum
1799 1478 1921 1522 1106
1958 1456 2037 1521 116
2075 1477 2303 1522 60111111

271 1547 541 1613 audacia
587 1546 925 1631 suspicari,
970 1568 1246 1630 quorum
1293 1544 1637 1631 cupiditati
1670 1545 1945 1611 nimium
1982 1548 2303 1630 angustus
2335 1560 2389 1602 15

273 1636 452 1702 orbis
496 1641 821 1700 terrarum
867 1656 1008 1699 esse
1054 1634 1370 1699 videatur.

405 1723 686 1788 Habetis
749 1745 952 1788 unum
1006 1722 1398 1787 venditionis
1466 1742 1698 1807 genuS,
1762 1723 1934 1807 quod
1989 1742 2303 1806 magnum

271 1812 476 1878 videri
538 1811 725 1877 vobis
793 1811 1133 1895 intelleg03
1201 1811 1317 1876 sed
1376 1811 1692 1875 attendite
1752 1811 2005 1876 animos
2064 1810 2147 1875 ad
2206 1832 2303 1892 ea,

272 1922 436 1986 quae
483 1904 938 1984 consecuntur-3
985 1900 1157 1964 hunc
1203 1900 1392 1984 quasi
1428 1900 1704 1986 gradum
1743 1899 2065 1984 quendam
2104 1902 2304 1984 atque

271 1990 522 2055 aditum
567 1989 650 2054 ad
687 1993 904 2054 cetera
937 1989 1188 2053 factum
1221 1989 1639 2074 intellegetis,
1702 1987 1856 2064 ‘QUI
1892 2005 2081 2072 AGRI,
2116 2005 2303 2066 QUAE
2334 2005 2391 2045 20

271 2094 486 2160 LOCA,
553 2076 961 2142 AEDIFICIA'.
1065 2075 1232 2151 Quid
1305 2081 1407 2142 est
1474 2078 1853 2160 praeterea?
1956 2076 2171 2142 Multa
2234 2077 2305 2141 in

271 2165 626 2251 mancipii8‚
672 2167 743 2230 in
778 2187 1030 2251 pecore,
1065 2187 1244 2248 aur0,
1282 2169 1573 2250 argento,
1611 2166 1822 2248 ebore,
1855 2169 2057 2250 veste,
2094 2165 2305 2250 supel-

273 2255 496 2334 lectili,
542 2254 774 2319 ceteris
813 2255 1025 2318 rebus,
1090 2251 1258 2328 Quid
1297 2253 1551 2318 dicam?
1596 2253 1989 2319 invidiosum
2034 2257 2304 2338 putasse

273 2343 398 2409 hoc
442 2343 600 2426 fore,
646 2343 701 2407 si
748 2342 968 2407 omnia
1002 2341 1447 2407 nominasset?
1512 2339 1664 2406 Non
1700 2343 1936 2407 metuit
1970 2341 2304 2407 invidiam.

274 2430 442 2505 Quid
516 2450 672 2514 ergo
692 2431 727 2495 ⁴?
827 2431 1127 2516 Longum
1199 2429 1461 2514 putavit
1533 2433 1599 2494 et
1669 2429 1919 2514 timuit,
1992 2452 2073 2495 ne
2147 2430 2305 2515 quid
2334 2445 2389 2486 2⁵

273 2518 689 2603 praeteriret3
755 2517 1056 2602 ascripsit
1119 2516 1458 2583 ‘ALIUDVE
1517 2517 1730 2602 QUID’,
1794 2541 1923 2602 qua
1980 2518 2305 2584 brevitate

274 2627 412 2670 rem
474 2605 727 2669 nullam
787 2627 930 2670 esse
986 2608 1324 2690 exceptam
1375 2604 1629 2671 videtis.
1727 2606 2045 2692 Quicquid
2096 2606 2307 2693 igitur

277 2694 366 2758 sit
401 2696 585 2758 extra
618 2691 900 2778 Italiam,
938 2693 1110 2777 quod
1136 2693 1469 2778 publicum
1497 2695 1724 2778 populi
1750 2693 2031 2760 Romani
2054 2694 2308 2760 factum

278 2781 366 2846 sit
423 2779 496 2846 L.
557 2779 740 2847 Sulla
798 2780 871 2857 Q.
934 2781 1244 2865 Pompeio
1307 2783 1679 2847 consulibus
1747 2787 1861 2847 aut
1920 2788 2177 2868 postea,
2238 2784 2307 2848 id

278 2869 675 2934 decemviros
721 2869 904 2934 iubet
939 2870 1232 2935 vendere.
1295 2869 1440 2935 Hoc
1474 2872 1706 2956 capite,
1750 2869 2055 2956 Quirites,
2091 2873 2306 2937 omnis
2337 2889 2396 2930 ³0

277 2958 510 3042 gentiS,
555 2957 873 3039 1161101166,
917 2958 1306 3042 provincias,
1341 2979 1543 3042 regna
1580 2959 2013 3025 decemvirum
2050 2960 2308 3045 dicioni,

277 3046 514 3110 iudicio
569 3046 1012 3131 potestatique
1064 3047 1403 3129 permissa.
1439 3051 1505 3111 et
1550 3048 1914 3113 condonata
1959 3071 2100 3113 esse
2145 3049 2310 3117 dico.

276 3135 571 3200 Primum
617 3134 743 3200 hoc
790 3156 1058 3218 quaero,
1113 3134 1300 3218 ecqui
1344 3136 1608 3201 tandem
1652 3137 1835 3202 locus
1880 3159 2154 3221 usquam
2203 3139 2310 3222 sit,

278 3245 471 3306 quem
527 3245 662 3288 non
716 3222 974 3307 possint
1034 3223 1381 3288 decemviri
1438 3223 1647 3289 dicere
1702 3225 2034 3309 publicum
2080 3227 2311 3310 populi

275 3311 558 3376 Romani
603 3333 746 3376 esse
789 3311 1058 3378 factum.
1127 3309 1302 3375 Nam
1340 3334 1485 3376 cum
1531 3312 1705 3378 idem
1749 3314 1961 3396 possit
2004 3313 2313 3399 iudicare,
2336 3333 2394 3374 35

278 3399 391 3480 qui
447 3399 713 3483 dixerit,
767 3399 923 3485 quid
983 3403 1113 3482 est,
1167 3399 1340 3484 quod
1393 3420 1526 3465 non
1569 3401 1766 3466 liceat
1810 3402 1869 3466 ei
1916 3401 2149 3485 dicere,
2204 3404 2313 3469 cui

273 3485 468 3551 liceat
534 3487 746 3552 eidem
800 3486 1134 3553 iudicare?
1237 3487 1665 3553 Commodum
1720 3489 1845 3554 erit
1895 3488 2313 3576 Pergamum,
