2534 3875
261 962 332 1012 26

367 182 500 246 384
847 180 992 238 PRO
1032 180 1309 237 ARCHIA
1345 180 1587 237 POETA
1625 180 1919 237 ORATIO.

365 325 802 409 repudiasset3
867 348 1058 411 quem
1117 348 1240 391 nos
1292 326 1363 391 in
1416 326 1718 391 contione
1773 326 2083 408 vidimus,
2143 348 2290 391 cum
2350 326 2413 390 ei

367 414 666 480 libellum
711 415 925 480 malus
971 419 1169 499 poeta
1216 415 1293 479 de
1332 415 1576 499 populo
1616 414 2020 498 subiecisset,
2066 414 2239 499 quod
2278 413 2411 497 epi-

367 525 667 589 gramma
701 502 772 567 in
809 526 957 568 eum
993 501 1256 568 fecisset
1293 507 1552 568 tantum
1581 502 1776 568 modo
1806 502 2079 568 alternis
2107 502 2411 568 versibus

369 592 825 677 longiusculis,
873 591 1102 657 statim
1150 614 1227 656 ex
1274 591 1356 655 iis
1401 593 1618 672 rebuS,
1665 612 1829 676 quas
1874 595 2018 656 tum
2063 591 2413 671 vendebat,

366 681 590 747 iubere
635 680 697 745 ei
741 681 1103 765 praemium
1149 680 1371 765 tribui,
1418 680 1531 744 sed
1577 702 1655 744 ea
1690 679 2084 765 condicione,
2128 702 2213 745 ne
2250 679 2413 763 quid
2440 702 2465 742 5
2497 694 2498 745 ἲ

367 773 602 855 postea
647 770 975 835 scriberet.
1042 767 1166 844 Qui
1215 768 1625 833 sedulitatem
1672 768 1834 833 mali
1877 772 2114 869 poetae
2151 768 2413 833 duxerit
2497 806 2498 827 2

370 859 593 942 aliquo
666 862 890 923 tamen
952 857 1242 942 praemio
1310 856 1607 958 dignam,
1678 856 1871 922 huius
1936 856 2279 942 ingenium
2348 860 2415 920 et

368 948 684 1013 virtutem
721 947 792 1009 in
820 946 1162 1011 scribendo
1193 949 1261 1010 et
1287 946 1543 1034 copiam
1569 966 1705 1009 non
1732 946 2131 1030 expetisset?
2194 943 2414 1020 Quid?

371 1059 412 1101 a
471 1034 546 1110 Q.
601 1034 872 1099 Metello
937 1033 1084 1119 Pio,
1157 1033 1673 1099 familiarissimo
1740 1056 1887 1117 sue,
1961 1033 2074 1118 qui
2138 1034 2414 1098 civitate

369 1124 614 1189 multos
662 1122 947 1200 donavit,
990 1142 1196 1206 neque
1240 1144 1359 1207 per
1406 1144 1474 1186 se
1519 1143 1728 1206 neque
1772 1144 1890 1207 per
1935 1122 2245 1188 Lucullos
2293 1123 2414 1186 im·
2444 1144 2491 1183 10

368 1210 810 1297 petravisset?
877 1210 1002 1295 qui
1042 1210 1433 1295 praesertim
1488 1232 1693 1295 usque
1750 1232 1826 1275 eo
1885 1209 1962 1275 de
2022 1210 2159 1275 suis
2213 1211 2412 1275 rebus

371 1300 570 1369 scribi
616 1302 899 1398 cuperet,
941 1302 1018 1363 ut
1065 1299 1263 1363 etiam
1302 1297 1643 1383 Cordubae
1688 1299 1864 1363 natis
1909 1299 2125 1383 poetis
2161 1299 2414 1384 pingue

373 1387 681 1473 quiddam
719 1385 1130 1453 sonantibus
1195 1378 1407 1471 atque
1458 1386 1875 1473 peregrinum
1938 1390 2165 1451 tamen
2220 1407 2413 1453 aures

270 1477 348 1541 11
373 1498 524 1542 suas
591 1476 870 1541 dederet.
978 1474 1204 1566 Neque
1269 1475 1445 1540 enim
1486 1480 1602 1541 est
1663 1475 1788 1540 hoc
1850 1475 2413 1557 dissimulandum,

268 2109 336 2160 2⁷

271 2904 340 2954 28

373 1566 546 1649 quod
593 1565 929 1630 obscurari
971 1586 1108 1630 non
1160 1567 1396 1649 potest,
1443 1564 1557 1629 sed
1600 1585 1758 1649 prae
1802 1564 1994 1629 nobis
2039 1563 2485 1629 ferendum215

373 1653 723 1719 Trahimur
785 1674 1010 1717 omnes
1076 1652 1293 1717 studio
1359 1652 1600 1736 laudis,
1666 1656 1731 1719 et
1788 1652 2075 1736 optimus
2132 1653 2412 1737 quisque

374 1742 656 1808 maxime
710 1742 922 1826 gloria
969 1740 1242 1808 ducitur.
1333 1740 1475 1825 Ipsi
1519 1741 1619 1804 illi
1663 1740 2044 1825 philosophi
2090 1742 2301 1807 etiam
2346 1741 2414 1804 in

373 1832 454 1896 iis
529 1830 800 1907 libellis,
873 1851 1037 1913 quos
1112 1829 1190 1893 de
1262 1828 1736 1895 contemnenda
1808 1830 2021 1914 gloria
2095 1828 2413 1905 scribunt,

373 1941 615 1985 nomen
677 1918 867 1984 suum
921 1918 1313 2000 inscribunt3
1366 1918 1437 1984 in
1490 1941 1567 1984 eo
1623 1940 1768 2002 ipso
1778 1968 1797 2002 ,
1850 1918 1920 1982 in
1976 1940 2103 2002 quo
2159 1918 2413 2003 praedi-

375 2009 700 2074 cationem
755 2007 1297 2117 nobilitatemque
1352 2007 1743 2091 despiciunt,
1795 2006 2160 2089 praedicari
2214 2007 2299 2072 de
2348 2028 2411 2071 se
2438 2027 2482 2066 ευ

377 2119 452 2163 ac
487 2095 816 2161 nominari
850 2095 1097 2160 volunt.
1163 2095 1469 2160 Decimus
1510 2095 1773 2178 quidem
1799 2093 2066 2172 Brutus,
2114 2117 2409 2160 summus

377 2185 478 2250 vir
541 2188 608 2248 et
670 2184 1053 2267 imperator,
1117 2182 1303 2267 Acci,
1368 2183 1747 2248 amicissimi
1811 2183 1941 2266 sui,
2006 2183 2408 2249 carminibus

375 2275 772 2358 templorum
812 2295 886 2338 ac
922 2272 1475 2337 monimentorum
1514 2271 1729 2336 aditus
1758 2272 2095 2337 exornavit
2122 2293 2410 2338 snorum.

374 2361 519 2426 Iam
564 2383 718 2427 vero
764 2360 896 2445 ille,
943 2360 1056 2444 qui
1100 2383 1247 2426 cum
1286 2359 1542 2425 Aetolis
1578 2359 1793 2425 Ennio
1840 2360 2077 2425 comite
2114 2360 2410 2444 bellavit,

375 2449 644 2514 Fulvius
698 2470 833 2514 non
887 2449 1212 2514 dubitavit
1254 2448 1489 2514 Martis
1544 2449 1886 2514 manubias
1932 2448 2139 2514 Musis
2188 2471 2407 2516 conse·
2435 2467 2478 2506 2⁵

378 2558 578 2604 crare.
670 2536 911 2621 Quare,
956 2538 1026 2602 in
1064 2558 1194 2621 qua
1237 2538 1398 2602 urbe
1443 2537 1873 2621 imperatores
1919 2559 2123 2622 prope
2172 2537 2410 2602 armati

376 2629 717 2710 poetarum
765 2647 1002 2692 nomen
1041 2630 1108 2690 et
1142 2625 1479 2691 Musarum
1516 2625 1787 2690 delubra
1823 2625 2181 2704 coluerunt,
2226 2627 2301 2691 in
2338 2648 2410 2690 ea

376 2736 510 2778 non
575 2713 812 2778 debent
873 2715 1089 2800 togati
1151 2713 1395 2779 iudices
1460 2737 1501 2778 a
1551 2712 1886 2778 Musarum
1942 2713 2192 2779 honore
2250 2719 2320 2779 et
2374 2735 2409 2778 a

376 2805 722 2886 poetarum
770 2803 978 2868 salute
1025 2802 1395 2867 abhorrere.

512 2889 732 2974 Atque
788 2895 863 2957 ut
905 2890 972 2954 id
1018 2891 1330 2956 libentius
1375 2890 1663 2974 faciatis,
1717 2890 1848 2954 iam
1894 2911 1999 2956 me
2045 2891 2266 2975 vobis,
2318 2892 2407 2955 iu·
2434 2893 2498 2952 ³0}

379 2979 571 3063 dices,
607 2979 909 3045 indicabo
948 2983 1014 3044 et
1050 2979 1127 3044 de
1165 3001 1311 3044 mco
1351 2979 1630 3063 quodam
1668 3001 1887 3044 amore
1927 2979 2179 3064 gloriae
2214 2978 2407 3044 nimis
2497 3009 2498 3012 ¹

380 3068 514 3133 acri
566 3067 875 3152 fortasse,
929 3089 1156 3134 verum
1210 3071 1436 3132 tamen
1478 3068 1755 3132 honesto
1803 3069 1989 3133 vobis
2036 3067 2407 3132 confitebor.

375 3155 570 3238 Nam,
609 3179 772 3240 quas
809 3177 912 3222 res
949 3177 1070 3221 nos
1107 3156 1178 3222 in
1213 3157 1562 3221 consulatu
1588 3159 1817 3220 nostro
1846 3155 2183 3222 vobiscum
2213 3155 2405 3220 simul

259 3293 266 3302 x
377 3252 496 3328 pro
537 3245 748 3310 salute
787 3245 979 3310 huius
1014 3245 1189 3310 urbis
1227 3248 1423 3328 atque
1460 3244 1719 3329 imperii
1756 3247 1822 3308 et
1857 3265 1977 3329 pro
2004 3243 2143 3308 vita
2172 3243 2407 3310 civium

378 3352 625 3416 proque
670 3333 976 3399 universa
1021 3355 1091 3398 re
1137 3333 1401 3417 publica
1446 3332 1798 3417 gessimus,
1844 3332 2071 3418 attigit
2115 3331 2225 3398 hie
2270 3354 2403 3397 ver·
2430 3346 2478 3387 ³⁵

379 3419 562 3485 sibus
637 3424 834 3506 atque
896 3421 1247 3486 inchoavit.
1359 3419 1606 3498 Quibus
1672 3421 1938 3506 auditis,
2013 3420 2187 3505 quod
2250 3420 2407 3484 mihi

379 3529 623 3594 magna
667 3531 770 3573 res
819 3514 886 3574 et
929 3509 1209 3574 iucunda
1254 3509 1395 3573 visa
1442 3514 1561 3593 est,
1605 3510 1776 3574 hunc
1822 3509 1904 3576 ad
1949 3507 2403 3596 perficiendum
