2534 3875
767 141 921 197 CAP.
960 148 1172 198 27—29
1209 149 1242 209 ξ
1282 149 1506 198 74-80.
1994 143 2125 208 367

99 287 361 370 iudices,
423 309 502 352 ex
564 285 698 369 his,
763 286 876 371 qui
935 308 1082 351 cum
1145 286 1272 351 hoc
1334 287 1566 351 vivunt
1629 291 1743 353 aut
1811 289 2127 370 vixerunt,

62 381 64 384 ’
97 375 702 441 honestissimorum
761 374 1100 440 hominum
1147 374 1459 460 gregibus
1506 374 1819 458 reicietis,
1877 398 1955 440 ex
2002 378 2126 442 hoc

97 465 450 528 amicorum
513 484 812 547 numero,
877 485 956 527 ex
1023 462 1146 526 hac
1199 462 1623 527 familiarium
1680 464 2001 546 dignitate
2054 465 2123 529 in

62 553 442 637 >impiorum
489 555 746 636 partem
792 554 988 634 atque
1033 551 1103 614 in
1146 551 1617 634 parricidarum
1664 552 1883 616 sedem
1930 556 2126 636 atque

62 651 431 706 'numerum
486 638 941 704 transferetis‘?
1039 637 1174 704 Ubi
1230 640 1357 704 erit
1412 639 1621 725 igitur
1673 640 1837 704 illud
1891 639 2124 705 firmis-

62 730 332 794 'simum
394 727 792 813 praesidium
855 726 1149 812 pudoris,
1215 749 1345 812 quo
1416 729 1484 791 in
1538 729 1682 793 loco
1737 727 1930 792 nobis
1987 729 2125 793 vita

92 821 250 883 ante
315 820 458 881 acta
519 815 838 900 proderit,
912 816 1083 900 quod
1149 815 1230 880 ad
1298 820 1555 900 tempus
1622 817 2125 882 existimationis

62 909 324 991 partae
375 904 625 969 fructus
671 903 1140 987 reservabitur,
1197 903 1252 967 si
1298 903 1369 968 in
1414 907 1704 969 extremo
1753 905 2125 970 discrimine

87 1017 170 1058 ac
211 993 620 1058 dimicatione
664 993 966 1058 fortunae
1005 992 1275 1075 deseret,
1322 993 1380 1056 si
1416 1013 1550 1056 non
1586 993 1816 1077 aderit,
1864 993 1921 1057 si
1954 993 2123 1058 nihil

62 1081 475 1160 adiuvabit?
1268 1110 1284 1120 -

62 1187 64 1192 ’
230 1169 650 1244 Quaestiones
696 1168 886 1233 nobis
934 1189 1269 1234 servorum
1309 1172 1649 1235 accusator
1694 1175 1762 1234 et
1796 1174 2124 1236 tormenta

62 1258 450 1326 'minitatun
531 1257 611 1322 In
665 1257 899 1340 quibus
947 1277 1339 1340 quamquam
1385 1257 1549 1322 nihil
1596 1259 1868 1343 periculi
1914 1259 2119 1342 suspi-

62 1367 338 1430 camur,
372 1350 591 1410 tamen
626 1345 747 1409 illa
781 1348 1114 1409 tormenta
1151 1344 1477 1429 gubernat
1504 1346 1711 1430 dolor,
1746 1348 2124 1412 moderatur

62 1438 332 1501 natura
375 1434 686 1517 cuiusque
732 1455 878 1498 cum
919 1433 1136 1515 animi,
1182 1436 1325 1496 tum
1363 1435 1676 1519 corporis,
1720 1435 1896 1520 regit
1932 1457 2123 1518 quae·

79 1525 278 1606 sitor,
322 1521 528 1587 flectit
561 1521 785 1604 libido,
831 1521 1192 1604 corrumpit
1229 1542 1395 1605 speS,
1441 1522 1737 1587 infirmat
1772 1527 2005 1607 metus,
2051 1527 2125 1588 ut

78 1615 160 1678 in
217 1614 323 1676 tot
374 1632 590 1674 rerum
638 1609 958 1695 angustiis
1003 1609 1175 1672 nihil
1219 1610 1485 1674 veritati
1530 1611 1657 1675 loci
1702 1610 2124 1694 relinquatur.

75 1701 252 1766 Vita
287 1697 359 1763 P.
392 1696 607 1763 Sullae
651 1701 1052 1782 torqueatur,
1097 1718 1176 1762 ex
1223 1719 1301 1762 ea
1347 1702 1716 1782 quaeratur,
1763 1721 1922 1762 num
1960 1720 2124 1783 quae

62 1788 454 1856 occultetur
500 1786 721 1870 libido,
766 1809 923 1850 num
970 1785 1142 1869 quod
1188 1786 1397 1851 lateat
1438 1787 1711 1870 facinus,
1756 1809 1915 1851 num
1961 1809 2127 1872 quae

62 1876 472 1961 crudelitas,
526 1896 685 1940 num
743 1896 908 1959 quae
963 1873 1250 1940 audacia.
1342 1873 1528 1939 Nihil
1585 1875 1823 1941 erroris
1878 1875 2006 1940 erit
2058 1875 2128 1940 in

73 1988 294 2035 causa
344 1986 462 2029 nec
510 1964 959 2047 obscuritatiS,
1013 1963 1285 2047 iudices,
1340 1964 1400 2028 si
1448 1986 1489 2029 a
1532 1964 1719 2029 vobis
1768 1965 1943 2028 vitae
1988 1985 2126 2049 per

67 2059 330 2141 petuae
385 2076 538 2135 vox,
603 2074 680 2116 ea
737 2073 900 2135 quae
955 2051 1299 2116 verissima
1362 2054 1429 2117 et
1490 2052 1879 2136 gravissima
1934 2052 2129 2117 debet

70 2165 250 2225 esse,
300 2141 616 2207 audietur.
680 2138 953 2204 Nullum
996 2139 1066 2203 in
1111 2139 1236 2204 hac
1282 2161 1480 2205 causa
1524 2144 1763 2204 testem
1798 2142 2126 2223 timemus,

66 2194 254 2297 nihil
298 2250 690 2316 quemquam
727 2230 909 2311 scire,
953 2228 1120 2293 nihil
1160 2227 1419 2313 vidisse,
1455 2228 1623 2292 nihil
1663 2229 1917 2293 audisse
1956 2228 2124 2293 arbi-

2163 1187 2230 1237 ‘18

2166 2158 2230 2206 79

65 2325 364 2385 tramur.
447 2316 574 2382 Sed
626 2321 878 2399 tamen,
933 2317 988 2380 si
1040 2315 1206 2379 nihil
1261 2337 1375 2381 vos
1431 2315 1501 2381 P.
1550 2314 1770 2381 Sullae
1824 2316 2088 2381 fortuna
2108 2314 2232 2403 (79)

62 2412 335 2489 movet,
378 2406 642 2488 iudices,
691 2410 908 2469 vestra
951 2409 1230 2470 moveat.
1294 2402 1535 2469 Vestra
1582 2405 1771 2482 enim,
1822 2404 1931 2488 qui
1978 2427 2125 2469 cum

62 2517 352 2562 ‚summa
390 2494 718 2593 elegantia
745 2496 942 2577 atque
969 2493 1354 2579 integritate
1381 2493 1655 2577 vixistis,
1692 2493 1818 2558 hoc
1846 2492 2126 2557 maxime

61 2586 400 2667 interest,
457 2604 591 2647 non
655 2604 732 2646 ex
796 2581 1066 2645 libidine
1133 2586 1248 2645 aut
1302 2581 1638 2645 simultate
1693 2586 1807 2646 aut
1860 2581 2129 2646 levitate

61 2673 364 2737 testium
419 2692 648 2735 causas
700 2670 1128 2734 honestorum
1182 2670 1523 2734 hominum
1579 2670 1951 2754 ponderari,
2016 2670 2130 2734 sed

61 2763 144 2826 'm
175 2760 461 2862 ‘magnis
491 2758 1052 2842 disquisitionibus
1080 2759 1562 2843 repentinisque
1588 2759 1893 2843 periculis
1922 2757 2129 2823 vitam

61 2850 285 2915 anius
335 2850 643 2933 cuiusque
689 2868 829 2911 esse
870 2849 1125 2911 testem.
1190 2845 1401 2921 Quam
1438 2867 1575 2929 VOS,
1610 2846 1875 2929 iudices,
1921 2846 2128 2910 nolite

61 2936 294 3003 armis
353 2936 490 3001 suis
537 2935 888 3021 spoliatam
933 2939 1129 3018 atque
1175 2934 1493 2999 nudatam
1540 2934 1809 3000 obicere
1829 2934 2129 3015 invidiae,

61 3026 324 3091 ledere
377 3024 756 3109 suspicioni3
805 3022 1051 3087 munite
1087 3044 1499 3087 communem
1533 3044 1753 3088 arcem
1788 3022 2129 3103 bonorum,

61 3112 418 3181 >bstruite
473 3112 774 3197 perfugia
829 3110 1305 3194 improborum,
1360 3111 1575 3175 valeat
1620 3117 1678 3175 et
1721 3110 1802 3174 ad
1847 3130 2127 3193 poenam

61 3208 138 3269 ³12
202 3202 296 3267 ad
356 3201 638 3265 salutem
691 3199 1071 3282 plurimum,
1126 3220 1323 3283 quam
1382 3200 1591 3263 solam
1636 3197 1869 3262 videtis
1915 3198 2129 3282 ipsam

61 3313 152 3359 ex
227 3311 357 3354 sua
411 3292 648 3353 natura
702 3288 1013 3353 facillime
1067 3286 1378 3372 perspici,
1444 3288 1662 3351 subito
1718 3285 1892 3350 flecti
1943 3285 2128 3370 fingi-

61 3400 206 3466 1ue
264 3399 407 3443 non
451 3398 659 3460 posse

216 3463 402 3542 Quid
447 3466 648 3531 vero?
704 3464 868 3531 haec
923 3464 1285 3530 auctoritas
1342 3462 1629 3547 (semper
1686 3463 1859 3527 enim
1904 3466 2005 3528 est
2050 3463 2127 3529 de
2146 3442 2234 3569 239
