2534 3875
243 1133 281 1181 4

249 1783 292 1909 Ξ

253 2721 286 2769 6

317 180 446 243 102
874 176 1016 233 PRO
1055 176 1120 233 A.
1160 175 1517 231 CLUENTIO
1559 175 1847 232 ORATIO.

313 322 502 389 uerit.
611 321 711 386 De
782 321 1028 387 invidia
1093 325 1312 386 autem
1374 320 1467 386 sic
1540 320 1714 384 inter
1783 342 1903 385 nos
1985 318 2365 405 disceptare

317 412 595 494 debetis,
641 414 716 474 ut
758 432 907 491 non,
956 409 1111 493 quid
1149 409 1403 474 dicatur
1452 432 1490 473 a
1534 408 1754 491 nobis,
1802 407 1915 472 sed
1962 408 2117 493 quid
2164 429 2366 493 opor-

314 504 454 565 teat
499 499 643 583 dici,
690 497 1129 564 consideretis,
1219 496 1465 581 Agitur
1512 497 1683 561 enim
1729 497 1800 560 in
1844 496 2224 561 criminibus
2273 498 2365 560 A.

317 586 578 653 Cluenti
641 586 980 672 proprium
1042 585 1433 669 periculum,
1496 585 1567 649 in
1629 584 1877 649 invidia
1931 606 2127 649 causa
2182 606 2365 649 com-

316 677 548 741 munis.
659 674 869 749 Quam
934 676 1018 738 ob
1083 696 1224 737 rem
1295 674 1573 739 alteram
1636 677 1891 758 partem
1961 694 2193 738 causae
2260 675 2366 738 sic
2398 694 2429 735 5

305 784 606 851 agemus,
651 766 726 827 ut
771 784 889 827 vos
937 758 1300 843 doceamus,
1348 762 1625 826 alteram
1674 760 1765 826 sic
1829 764 1903 825 ut
1951 782 2237 843 oremus;
2285 761 2367 824 in

317 854 529 919 altera
565 851 909 937 diligentia
945 854 1167 915 vestra
1203 850 1395 916 nobis
1436 812 1845 935 adiungenda
1880 853 1999 931 est,
2034 850 2107 913 in
2142 851 2367 914 altera

314 941 476 1005 fides
530 938 962 1024 imploranda.
1053 937 1264 1003 Nemo
1322 942 1424 1003 est
1470 939 1669 1019 enim,
1730 938 1841 1022 qui
1884 937 2167 1003 invidiae
2215 938 2365 1001 sine

317 1033 535 1094 vestro
575 1050 652 1093 ac
689 1027 827 1091 sine
864 1025 1098 1091 talium
1134 1026 1427 1113 virorum
1465 1026 1753 1091 subsidio
1792 1026 2005 1111 possit
2030 1026 2361 1091 resistere.
2525 1100 2526 1111 χ

317 1118 656 1203 Equidem,
695 1115 866 1199 quod
896 1114 978 1179 ad
1005 1136 1109 1179 me
1139 1115 1397 1197 attinet,
1436 1136 1565 1199 quo
1593 1136 1697 1187 me
1724 1118 1996 1197 vertam,
2036 1114 2358 1196 [iudices,]
2396 1138 2457 1177 ιο

317 1205 553 1271 nesci0.
619 1202 874 1291 Negem
919 1203 1121 1268 fuisse
1157 1203 1345 1267 illam
1380 1202 1722 1268 infamiam
1757 1201 1980 1268 iudicii
2015 1202 2361 1285 corrupti?

317 1316 553 1379 negem
601 1314 742 1357 esse
788 1293 970 1356 illam
1017 1313 1156 1355 rem
1203 1292 1523 1376 agitatam
1568 1292 1639 1356 in
1684 1290 2114 1374 contionibus,
2149 1290 2361 1355 iacta-

319 1386 457 1447 tam
511 1382 582 1445 in
636 1380 891 1446 iudiciis
901 1430 918 1464 ,
972 1384 1553 1445 commemoratam
1608 1379 1681 1443 in
1735 1378 2010 1443 senatu?
2072 1378 2357 1444 evellam
2396 1398 2407 1408 ·

321 1492 399 1535 ex
459 1468 694 1535 animis
749 1470 1088 1533 hominum
1143 1472 1403 1534 tantam
1450 1467 1850 1552 opinionem,
1906 1471 2044 1531 tam
2091 1465 2360 1552 penitus
2506 1543 2514 1556 1

317 1558 602 1640 insitam,
647 1562 785 1622 tam
813 1557 1186 1626 vetustam?
1248 1556 1402 1623 Non
1448 1560 1548 1621 est
1584 1555 1795 1621 nostri
1829 1554 2094 1641 ingenii,
2147 1556 2365 1620 vestri
2398 1578 2455 1620 15

321 1646 546 1713 auxilii
594 1649 712 1729 est,
756 1646 1018 1728 iudices,
1063 1644 1255 1709 huius
1302 1644 1714 1711 innocentiae
1762 1643 1855 1708 sic
1898 1645 1968 1708 in
2013 1644 2138 1709 hac
2184 1644 2362 1708 cala-

320 1736 559 1800 mitosa
610 1735 790 1799 fama
845 1734 1030 1818 quasi
1082 1733 1152 1797 in
1207 1734 1427 1817 aliqua
1478 1732 2033 1818 perniciosissima
2088 1732 2364 1796 flamma

322 1828 518 1908 atque
561 1822 632 1887 in
678 1821 1009 1888 communi
1050 1821 1348 1886 incendio
1398 1820 1755 1886 subvenire.
1846 1819 2138 1905 Etenim,
2183 1820 2363 1884 sicut

321 1913 468 1978 aliis
525 1912 593 1976 in
647 1910 807 1976 locis
853 1932 1088 1994 parum
1131 1909 1528 1974 firmamenti
1576 1912 1642 1974 et
1687 1931 1922 1993 parum
1966 1908 2205 1974 virium
2253 1930 2361 1974 ve-

319 2002 482 2066 ritas
542 2000 770 2084 habet,
831 1999 924 2064 sic
981 1998 1056 2062 in
1111 1998 1236 2064 hoc
1296 2001 1440 2064 loco
1495 1998 1668 2062 falsa
1720 1996 1967 2063 invidia
2022 1997 2363 2062 imbecilla
2396 2015 2455 2054 20

321 2111 463 2155 esse
520 2088 738 2171 debet3
794 2087 1166 2152 dominetur
1210 2086 1282 2151 in
1327 2087 1767 2168 contionibuS‚
1822 2087 2033 2150 iaceat
2078 2087 2149 2149 in
2190 2085 2361 2149 iudi·

322 2178 466 2260 ciis3
505 2177 728 2242 valeat
763 2175 832 2240 in
871 2173 1287 2258 opinionibus
1326 2197 1403 2240 ac
1441 2175 1849 2240 sermonibus
1877 2175 2360 2258 imperitorum,

322 2267 405 2330 ab
442 2263 726 2351 ingeniis
763 2262 1178 2348 prudentium
1223 2263 1625 2348 repudietur3
1669 2262 2072 2328 vehementis
2116 2263 2365 2327 habeat

321 2353 695 2438 repentinos
731 2352 1036 2437 impetus,
1072 2351 1289 2435 spatio
1325 2351 1716 2435 interposito
1756 2355 1823 2416 et
1860 2371 2057 2415 causa
2091 2351 2364 2435 cognita
2525 2427 2526 2430 Ἴ

323 2443 770 2524 consenescat3
807 2440 1081 2524 denique
1108 2440 1222 2502 illa
1251 2439 1543 2504 definitio
1571 2439 1955 2503 iudiciorum
1984 2461 2361 2522 aequorum,
2394 2453 2453 2496 25
2524 2431 2526 2492 ἶ

326 2551 490 2613 quae
536 2529 726 2594 nobis
777 2550 816 2592 a
861 2527 1216 2592 maioribus
1261 2526 1509 2592 tradita
1556 2531 1688 2609 est,
1733 2527 2115 2612 retineatur,
2168 2529 2245 2591 ut
2287 2527 2362 2592 in

323 2616 576 2681 iudiciis
639 2620 704 2681 et
759 2617 899 2681 sine
953 2615 1202 2680 invidia
1256 2616 1446 2700 culpa
1490 2615 1819 2700 plectatur
1866 2618 1933 2680 et
1980 2615 2118 2679 sine
2164 2615 2362 2699 culpa

321 2704 570 2769 invidia
615 2709 914 2789 ponatur.
979 2701 1189 2779 Quam
1235 2704 1322 2768 ob
1369 2725 1507 2768 rem
1550 2726 1590 2768 a
1626 2704 1831 2787 vobis,
1874 2703 2137 2787 iudices,
2176 2707 2361 2768 ante-

325 2814 522 2877 quam
569 2792 647 2856 de
694 2793 839 2875 ipsa
884 2813 1082 2856 causa
1127 2791 1340 2857 dicere
1385 2791 1646 2877 incipi0‚
1691 2792 1853 2857 haec
1898 2792 2182 2876 postu10,
2228 2791 2360 2876 pri-

324 2903 505 2945 mum
549 2879 636 2965 id,
683 2880 856 2963 quod
901 2879 1361 2964 aequissimum
1411 2883 1529 2962 est,
1574 2884 1649 2944 ut
1694 2902 1774 2945 ne
1821 2880 1974 2966 quid
2010 2879 2136 2944 huc
2172 2901 2360 2964 prae·
2390 2897 2453 2938 30

324 2967 592 3033 iudicati
640 2967 952 3034 adferatis
1001 2965 1269 3052 (etenim
1314 2991 1450 3033 non
1487 2969 1681 3034 modo
1722 2967 2199 3052 auctoritatem,
2247 2968 2364 3032 sed

327 3056 528 3122 etiam
589 3077 830 3121 nomen
893 3056 1177 3121 iudicum
1243 3057 1649 3141 amittemus,
1712 3056 1841 3120 nisi
1903 3055 2011 3121 hic
2066 3077 2144 3120 ex
2196 3056 2361 3141 ipsis

326 3145 540 3211 causis
585 3144 1017 3209 iudicabimus
1059 3147 1210 3226 [ac],
1257 3145 1315 3209 si
1352 3144 1436 3210 ad
1473 3165 1700 3210 causas
1737 3144 1975 3209 iudicia
2012 3145 2143 3209 iam
2181 3144 2365 3209 facta

327 3234 520 3298 domo
595 3233 1009 3315 deferemus);
1083 3232 1338 3316 deinde,
1413 3233 1469 3297 si
1528 3255 1725 3317 quam
1789 3232 2163 3317 opinionem
2225 3233 2363 3298 iam

325 3321 564 3386 vestris
625 3321 954 3387 mentibus
1010 3321 1622 3406 comprehendistis,
1676 3321 1733 3385 si
1790 3342 1934 3386 eam
1988 3319 2160 3385 ratio
2217 3343 2363 3386 con·
2391 3337 2455 3379 3⁵

325 3410 544 3492 vellet,
602 3410 659 3474 si
705 3410 916 3476 oratio
963 3408 1411 3492 labefactabit,
1458 3409 1515 3474 si
1560 3409 1835 3493 denique
1870 3408 2115 3474 veritas
2154 3413 2365 3474 extor-

326 3497 567 3582 quebit,
621 3519 703 3562 ne
760 3498 1138 3584 repugnetis
1194 3517 1465 3582 eamque
1527 3497 1763 3562 animis
1818 3497 2055 3563 vestris
2115 3500 2230 3561 aut
2289 3496 2367 3562 li-
