2534 3875
233 1958 273 2021 2

238 2037 272 2083 3

310 171 439 234 288
789 171 868 224 IN
904 171 961 226 L.
1002 170 1407 226 CATILINAM
1447 171 1720 227 ORATIO
1758 171 1852 226 IV.

308 319 530 399 patres
570 315 939 398 conscripti,
976 316 1078 380 cui
1114 338 1247 381 non
1273 315 1506 398 forum,
1541 316 1612 380 in
1640 337 1766 400 quo
1798 318 2008 381 omnis
2039 317 2338 401 aequitas

310 402 703 480 continetur,
756 423 889 467 non
944 425 1209 486 campus
1268 405 1716 469 consularibus
1766 405 2068 488 auspiciis
2117 428 2339 471 conse-

310 496 547 573 cratus,
581 512 715 556 non
753 491 949 570 curia,
988 513 1314 556 summum
1352 493 1662 557 auxilium
1702 492 1990 557 omnium
2021 495 2340 579 gentium,

308 602 441 645 non
468 578 716 662 domne,
753 600 1092 644 commune
1120 580 1509 666 perfugium,
1543 602 1678 645 non
1703 581 1908 645 lectus
1939 581 2021 646 ad
2049 583 2339 665 quietem

310 668 526 752 datus,
572 689 704 731 non
753 667 1025 751 denique
1072 669 1233 734 haec
1281 669 1462 733 sedes
1508 668 1776 733 honoris
1823 670 2014 751 [sella
2057 671 2336 750 curulis]
2369 689 2398 730 5

310 778 619 840 umquam
690 777 896 820 vacua
968 756 1197 820 mortis
1261 758 1548 841 periculo
1614 761 1808 840 atque
1872 757 2124 822 insidiis
2190 759 2340 823 fuit.

309 845 456 930 Ego
495 845 703 907 multa
739 844 931 927 tacui,
978 844 1187 908 multa
1222 845 1481 929 pertuli,
1527 845 1736 909 multa
1773 845 2078 930 concessi,
2125 848 2343 911 multa

311 953 455 997 meo
512 931 792 1015 quodam
849 931 1071 996 dolore
1126 932 1197 996 in
1250 938 1468 998 vestro
1523 934 1760 998 timore
1814 933 2054 998 sanavi.
2143 933 2340 1000 Nunc

311 1021 369 1085 si
431 1020 601 1084 hunc
665 1019 912 1083 exitum
976 1021 1352 1084 consulatus
1426 1021 1554 1086 mei
1618 1020 1682 1084 di
1745 1021 2126 1086 inmortales
2191 1045 2340 1088 esse

310 1108 684 1187 voluerunt,
746 1111 821 1171 ut
885 1129 1001 1172 vos
1065 1110 1507 1192 populumque
1565 1108 1935 1174 Romanum
1999 1132 2077 1174 ex
2139 1111 2339 1176 caede
2375 1131 2431 1171 ιο

310 1195 699 1272 miserrima,
774 1196 1081 1278 coniuges
1154 1197 1525 1281 liberosque
1597 1201 1850 1262 vestros
1921 1198 2340 1282 virginesque

312 1283 615 1348 Vestales
672 1305 749 1347 ex
806 1284 1226 1350 acerbissima
1271 1286 1639 1369 vexatione,
1693 1286 1942 1368 templa
1985 1291 2184 1370 atque
2231 1286 2341 1352 de-

313 1372 529 1452 lubra,
584 1372 753 1436 hanc
806 1372 1312 1455 pulcherrimam
1366 1375 1652 1458 patriam
1699 1374 1988 1438 omnium
2032 1378 2340 1440 nostrum

311 1483 388 1524 ex
422 1459 799 1524 foedissima
834 1459 1119 1543 flamma,
1156 1464 1372 1526 totam
1405 1460 1671 1527 Italiam
1709 1482 1786 1525 ex
1822 1463 1996 1526 bello
2035 1466 2101 1526 et
2134 1463 2338 1528 vasti-

308 1553 445 1612 tate
505 1548 848 1632 eriperem,
905 1571 1344 1635 quaecumque
1400 1550 1562 1614 mihi
1608 1550 1720 1614 uni
1763 1554 2161 1635 proponetur
2205 1552 2340 1616 for·
2371 1571 2428 1611 15

308 1641 486 1721 tuna,
534 1637 861 1700 subeatur.
950 1636 1232 1720 Etenim,
1280 1637 1340 1702 si
1382 1637 1452 1703 P.
1499 1637 1815 1703 Lentulus
1863 1661 2052 1702 suum
2095 1660 2340 1704 nomen

307 1725 609 1789 inductus
676 1747 713 1788 a
768 1725 1029 1789 vatibus
1089 1726 1291 1790 fatale
1347 1727 1426 1789 ad
1480 1725 1832 1810 perniciem
1885 1726 1980 1791 rei
2033 1727 2336 1811 publicae

308 1814 449 1877 fore
495 1813 767 1896 putavit,
812 1835 925 1878 cur
972 1836 1093 1899 ego
1138 1837 1273 1879 non
1307 1813 1513 1879 laeter
1549 1837 1766 1879 meum
1803 1815 2214 1881 consulatum
2251 1816 2336 1880 ad

312 1902 587 1967 salutem
682 1902 910 1985 populi
990 1901 1272 1967 Romani
1350 1924 1554 1987 prope
1644 1904 1913 1969 fatalem
1996 1903 2336 1970 extitisse?

313 1989 553 2072 Quare,
616 1994 839 2075 patres
904 1992 1281 2075 conscripti,
1336 1992 1654 2057 consulite
1708 1992 1924 2075 vobis,
1977 1992 2336 2077 prospicite
2367 2015 2426 2055 20

309 2080 588 2163 patriae,
635 2082 1011 2143 conservate
1055 2101 1202 2155 vos,
1250 2079 1575 2165 coniuges,
1621 2080 1862 2145 liberos
1909 2081 2336 2165 fortunasque

311 2171 591 2249 vestras,
647 2166 877 2251 populi
923 2166 1203 2231 Romani
1246 2190 1486 2232 nomen
1533 2169 1937 2253 salutemque
1985 2168 2334 2252 defendite3

312 2256 474 2319 mihi
508 2276 770 2341 parcere
809 2276 883 2319 ac
920 2254 997 2318 de
1034 2278 1137 2319 me
1175 2256 1465 2340 cogitare
1494 2255 1784 2321 desinite.
1847 2255 2020 2321 Nam
2045 2258 2335 2340 primum

312 2342 514 2407 debeo
573 2363 831 2426 sperare
888 2342 1100 2407 omnis
1156 2343 1338 2425 deoS,
1396 2344 1506 2428 qui
1555 2345 1706 2409 huic
1750 2344 1898 2410 urbi
1943 2345 2335 2430 praesident,

312 2454 431 2514 pro
472 2454 547 2495 eo
588 2430 767 2513 mihi,
804 2452 879 2494 ac
908 2451 1175 2515 mereor,
1210 2432 1534 2496 relaturos
1564 2454 1706 2497 esse
1736 2433 2045 2519 gratiam3
2083 2434 2334 2517 deinde,
2363 2454 2422 2496 25

312 2521 369 2583 si
407 2518 561 2603 quid
599 2519 931 2602 obtigerit,
970 2540 1173 2602 aequo
1213 2519 1430 2584 animo
1459 2524 1815 2604 paratoque
1842 2522 2102 2587 moriar.
2156 2521 2335 2588 Nam

311 2629 517 2690 neque
562 2608 772 2691 turpis
811 2627 986 2670 mors
1022 2608 1181 2671 forti
1215 2607 1358 2672 viro
1395 2612 1614 2693 potest
1651 2610 1936 2674 accidere
1972 2632 2179 2695 neque
2214 2611 2334 2675 im-

310 2699 569 2759 matura
633 2694 958 2759 consulari
1018 2716 1136 2760 nec
1200 2696 1440 2761 misera
1503 2697 1800 2781 sapienti.
1908 2696 2046 2763 Nec
2108 2702 2336 2764 tamen

310 2803 431 2866 ego
470 2804 615 2846 sum
651 2783 765 2847 ille
800 2782 1067 2866 ferreus,
1115 2784 1228 2868 qui
1262 2783 1486 2849 fratris
1523 2785 1844 2851 carissimi
1881 2790 2074 2870 atque
2112 2810 2335 2853 aman-

310 2870 548 2935 tissimi
595 2872 953 2953 praesentis
1000 2894 1294 2938 maerore
1329 2896 1462 2938 non
1499 2895 1762 2938 movear
1796 2874 2158 2959 horumque
2197 2899 2332 2942 om·
2365 2896 2424 2935 30

309 2959 486 3022 nium
552 2959 859 3023 lacrumis
870 3010 886 3041 ,
952 2982 991 3024 a
1056 2960 1289 3044 quibus
1357 2983 1459 3025 me
1529 2961 2022 3027 circumsessum
2076 2964 2333 3029 videtis.

308 3046 531 3130 Neque
586 3068 798 3111 meam
852 3051 1135 3113 mentem
1189 3070 1322 3113 non
1376 3049 1637 3113 domum
1686 3071 1876 3134 saepe
1921 3056 2182 3117 revocat
2227 3074 2333 3117 ex-

311 3135 599 3199 animata
642 3157 805 3200 uxor
850 3140 918 3200 et
964 3136 1217 3201 abiecta
1271 3139 1448 3200 metu
1492 3137 1631 3201 filia
1677 3142 1744 3202 et
1786 3139 2096 3222 parvulus
2135 3140 2331 3224 filius,

312 3245 502 3307 quem
550 3223 710 3287 mihi
754 3223 1012 3288 videtur
1058 3224 1365 3308 amplecti
1410 3245 1512 3289 res
1549 3225 1813 3309 publica
1847 3230 2180 3311 tamquam
2220 3229 2332 3293 ob-

310 3311 513 3375 sidem
560 3312 933 3376 consulatus
980 3313 1127 3394 mei,
1168 3332 1375 3395 neque
1419 3312 1551 3396 ille,
1597 3314 1707 3398 qui
1754 3319 2096 3399 expectans
2133 3317 2330 3382 huius
2359 3334 2413 3376 85

310 3399 554 3463 exitum
620 3399 746 3464 diei
801 3403 935 3463 stat
988 3400 1056 3462 in
1110 3405 1459 3482 conspectu
1513 3423 1686 3485 meo,
1749 3423 1963 3487 gener.
2061 3403 2332 3470 Movcor

309 3485 415 3550 his
460 3488 654 3551 rebus
701 3488 1018 3566 omnibuS,
1066 3486 1179 3551 sed
1223 3488 1293 3551 in
1340 3510 1484 3553 eam
1528 3494 1800 3575 partem,
1845 3491 1944 3555 uti
1991 3492 2158 3557 salvi
2196 3493 2334 3559 sint
