2534 3875
295 432 364 482 90

301 1490 368 1540 91

305 2602 390 2666 33

305 2679 374 2727 92

401 181 533 246 372
998 179 1142 234 PRO
1181 179 1240 236 P.
1283 179 1518 236 SULLA
1556 177 1850 235 ORATIO.

403 326 843 392 calamitatem
899 325 1122 409 liceat,
1175 325 1246 389 id
1300 324 1429 388 sibi
1470 345 1553 388 ne
1600 323 1899 408 eripiatis
1909 374 1930 405 ,
1989 345 2141 408 vos,
2196 323 2447 404 iudices,

404 415 791 481 obtestatur.
881 413 974 479 Te
1021 414 1237 497 ipsum
1280 413 1433 496 iam,
1480 411 1829 497 Torquate,
1877 412 2221 496 expletum
2268 413 2446 476 huius

403 503 685 569 miseriis
740 524 884 568 esse
939 524 1060 587 par
1115 505 1287 585 erat,
1345 505 1439 585 et,
1498 500 1559 565 si
1608 500 1777 564 nihil
1826 500 2008 565 aliud
2058 499 2291 566 Sullae
2334 502 2447 566 nisi

405 592 814 658 consulatum
862 590 1327 691 abstulisse-tis,
1373 593 1596 653 tamen
1641 610 1717 654 80
1765 591 2119 654 contentos
2156 611 2282 654 vos
2320 611 2444 654 esse

405 680 784 766 oportebat3
816 678 1087 744 honoris
1127 678 1302 743 enim
1339 677 1671 743 contentio
1711 699 1829 742 vos
1869 677 1955 742 ad
1991 698 2294 762 causam,
2329 697 2464 742 non

402 768 788 834 inimicitiae
853 767 1274 832 deduxerunt.
1387 764 1513 831 Sed
1578 787 1724 830 cum
1786 765 1943 829 huic
2009 766 2247 830 omnia
2315 789 2440 831 cum

403 856 652 922 honore
706 855 1002 921 detracta
1060 856 1218 937 sint,
1274 877 1423 920 cum
1478 854 1549 918 in
1591 853 1717 919 hac
1762 853 2035 918 fortuna
2082 854 2441 919 miserrima

406 967 482 1011 ac
527 944 1017 1010 luctuosissima
1063 944 1415 1008 destitutus
1454 943 1559 1024 sit,
1606 941 1761 1027 quid
1800 945 1920 1020 est,
1968 943 2155 1026 quod
2192 948 2439 1027 expetas

407 1033 738 1118 amplius?
839 1031 1115 1098 Lucisne
1168 1033 1339 1096 hanc
1398 1053 1664 1097 usuram
1720 1030 1971 1115 eripere
2025 1031 2135 1095 vis
2193 1032 2437 1116 plenam

405 1122 821 1187 lacrimarum
869 1124 1068 1205 atque
1113 1119 1446 1201 maeroris,
1490 1119 1563 1184 111
1608 1141 1738 1202 qua
1783 1141 1929 1184 cum
1977 1119 2280 1185 maximo
2326 1139 2465 1185 cru-1

408 1210 584 1274 ciatu
622 1231 698 1274 ac
734 1209 959 1274 dolore
987 1208 1350 1273 retinetur?
1420 1207 1731 1272 Libenter
1757 1206 2123 1271 reddiderit
2152 1208 2435 1293 adempta

409 1386 742 1470 expellas?
809 1386 992 1452 cuius
1058 1407 1135 1450 ex
1199 1385 1510 1466 miserus,
1574 1384 1632 1448 si
1696 1405 1873 1448 esses
1936 1384 2435 1463 crudelissimus

408 1473 686 1539 videndo
732 1473 1020 1539 fructum
1067 1495 1331 1559 caperes
1380 1473 1691 1537 maiorem
1738 1494 1935 1556 quam
1983 1473 2338 1539 audiendo,
2391 1471 2431 1536 Ο

408 1562 714 1628 miserum
765 1566 832 1627 et
875 1561 1202 1628 infelicem
1237 1562 1426 1626 illum
1464 1561 1653 1644 diem,
1700 1582 1829 1645 quo
1855 1560 2105 1634 „consul
2146 1563 2465 1626 omnibusxs

409 1652 721 1716 centuriis
765 1649 838 1715 P.
886 1649 1070 1716 Sulla
1115 1650 1527 1715 renuntiatus
1574 1653 1705 1732 est,
1761 1671 1800 1714 o
1844 1648 2093 1714 falsam
2145 1671 2359 1734 spem,
2402 1672 2429 1712 ο

408 1740 740 1805 volucrem
799 1738 1162 1820 fortunam,
1229 1761 1266 1804 o
1324 1760 1584 1803 caecam
1638 1737 2101 1823 cupiditatem,
2172 1761 2215 1804 o
2272 1760 2430 1824 prae-

409 1831 745 1912 posteram
809 1827 1347 1913 gratulationem!
1450 1825 1659 1902 Quam
1723 1826 1856 1892 cito
1912 1825 2035 1890 illa
2094 1828 2325 1892 omnia
2374 1849 2430 1891 ex

408 1915 666 1982 laetitia
710 1920 777 1981 et
821 1916 1160 2003 voluptate
1209 1916 1291 1981 ad
1326 1915 1578 1981 luctum
1614 1917 1682 1980 et
1715 1915 2021 1981 lacrimas
2058 1915 2428 1997 reciderunt,

409 2010 508 2089 ut,
565 2005 676 2088 qui
720 2006 916 2090 paulo
964 2009 1116 2069 ante
1161 2004 1390 2070 consul
1439 2005 1814 2090 designatus
1860 2004 2130 2087 fuisset,
2185 2010 2462 2089 repentes

409 2094 662 2159 nullum
707 2093 1056 2178 vestigium
1101 2094 1416 2158 retineret
1460 2092 1778 2179 pristinae
1825 2092 2211 2178 dignitatis!
2288 2092 2423 2170 Quid

413 2182 586 2246 enim
635 2185 776 2247 erat
821 2182 1001 2265 mali,
1047 2182 1219 2266 quod
1255 2181 1408 2247 huic
1445 2180 1726 2265 spoliato
1761 2180 1959 2263 fama,
2007 2182 2287 2267 honore,
2326 2184 2421 2246 for·

409 2270 588 2334 tunis
634 2269 857 2335 deesse
903 2270 1274 2335 videretur?
1322 2275 1437 2335 aut
1481 2270 1585 2334 cui
1617 2290 1827 2334 novae
1864 2269 2241 2335 calamitati
2274 2273 2419 2336 locus

409 2360 582 2423 ullus
627 2359 895 2424 relictus
943 2359 1128 2423 esse?
1218 2357 1433 2444 Urget
1478 2356 1703 2423 eadem
1747 2356 2041 2442 fortuna,
2092 2382 2267 2443 quae
2310 2380 2414 2425 coe

410 2446 528 2531 pit,
572 2448 862 2532 repperit
910 2468 1152 2513 novum
1199 2468 1587 2530 maerorem,
1639 2467 1775 2511 non
1816 2445 2068 2531 patitur
2114 2448 2411 2513 hominem
2428 2456 2455 2499 ὕ

412 2535 869 2600 calamitosum
915 2557 1044 2600 uno
1093 2535 1268 2601 malo
1318 2534 1651 2599 adflictum
1695 2555 1826 2600 11110
1872 2534 1944 2599 111
1984 2535 2177 2601 luctu
2219 2538 2409 2638 1181111

547 2622 674 2688 Sed
726 2624 859 2688 iam
914 2623 1237 2709 impedior
1282 2626 1573 2711 egomet,
1625 2622 1895 2706 iudices,
1950 2623 2185 2688 dolore
2230 2626 2462 2725 animi,

411 2732 492 2775 118
548 2711 628 2775 118
681 2712 873 2776 11111118
927 2712 1194 2777 miseria
1247 2712 1439 2797 plura
1484 2711 1714 2776 dicam.
1786 2710 2066 2776 Vestrae
2115 2718 2273 2777 sunt
2311 2715 2403 2776 iam

410 2802 654 2885 partes,
697 2797 960 2884 iudiceS,
1003 2801 1075 2865 in
1119 2803 1339 2865 vestra
1376 2798 1870 2865 mansuetudine
1910 2803 2111 2884 atque
2150 2800 2402 2867 humani·

412 2891 549 2952 tate
596 2909 859 2953 causam
905 2892 1113 2954 totam
1159 2909 1425 2972 repono.
1478 2886 1617 2953 Vos
1663 2888 2011 2954 reiectione
2057 2889 2445 2976 interpositu

411 2976 575 3040 nihil
623 2976 1104 3062 suspicantibus
1149 2976 1341 3041 nobis
1386 2976 1712 3060 repentini
1746 2977 1817 3041 in
1850 2998 1971 3042 nos
2010 2977 2259 3045 iudices
2292 2999 2397 3043 con·

413 3064 676 3130 sedistis
733 3066 815 3129 ab
875 3066 1360 3131 accusatoribus
1408 3065 1642 3130 delecti
1688 3064 1769 3130 ad
1818 3086 2000 3150 spem
2050 3066 2393 3141 acerbitatis,

415 3175 456 3217 a
499 3152 768 3218 fortuna
811 3154 1003 3218 nobis
1052 3154 1134 3218 ad
1180 3153 1578 3238 praesidium
1624 3154 2037 3218 innocentiae
2083 3152 2393 3221 constituti.

411 3239 508 3304 Ut
564 3262 715 3327 ego,
784 3241 936 3326 quid
993 3241 1071 3306 de
1129 3263 1233 3305 me
1287 3242 1565 3325 populus
1621 3240 1957 3307 Romanus
2020 3244 2395 3319 existimaret,

414 3329 567 3410 quia
625 3350 886 3392 severus
941 3328 1011 3392 in
1067 3330 1403 3413 improbos
1448 3329 1728 3415 fueram,
1783 3330 2085 3395 laboravi
2131 3336 2223 3417 et,
2260 3336 2437 3433 1111815

412 3414 628 3496 prima
672 3415 1034 3481 innocentis
1073 3416 1237 3480 mihi
1273 3416 1558 3483 defensio
1600 3421 1701 3482 est
1726 3416 1980 3503 oblata,
2030 3421 2290 3505 suscepi,
2326 3418 2391 3481 sic

413 3521 529 3564 vos
586 3502 1001 3568 severitatem
1059 3504 1473 3590 iudiciorum,
1529 3527 1695 3589 quae
1740 3528 1857 3591 per
1900 3506 2027 3571 hos
2074 3528 2309 3573 menses
2344 3505 2391 3567 in
