2534 3875
819 176 975 232 cAP.
1017 184 1226 233 18—-20
1265 184 1296 245 ς
1335 184 1563 233 52-57.
2083 180 2214 245 359

175 321 472 400 invidiae,
503 322 616 386 sed
646 344 1000 405 aequorum
1031 322 1501 407 exspectationi
1530 324 1693 389 satis
1722 322 1935 389 facere
1961 326 2213 408 posset!

177 410 628 495 ‘Properatum
715 410 1132 475 vehementer
1220 415 1347 494 est,
1438 433 1585 476 cum
1670 413 1869 497 longe
1953 416 2213 498 tempus

177 499 461 563 muneris
519 497 818 563 abesset?
911 496 1114 573 Quasi
1157 520 1313 563 vero
1373 504 1629 584 tempus
1686 499 1881 565 dandi
1926 502 2213 565 muneris

179 609 308 652 non
344 587 534 652 valde
573 585 1142 671 appropinquaret.
1209 586 1369 651 ‘Nec
1408 590 1717 669 opinante
1753 587 2018 673 Fausto,
2066 611 2213 654 cum

125 691 152 730 ⁵
179 676 235 739 is
289 698 500 760 neque
557 675 753 740 sciret
807 696 1016 759 neque
1061 674 1289 758 vellet,
1343 674 1597 740 familia
1643 679 1744 741 est
1789 677 2211 761 comparata?

179 764 270 827 At
323 764 585 827 litterae
641 766 794 827 sunt
848 762 1100 846 Fausti,
1154 785 1273 847 per
1328 786 1489 848 quas
1546 765 1659 828 ille
1705 766 2007 850 precibus
2056 788 2095 829 a
2141 765 2212 829 P.

179 850 361 917 Sulla
383 848 592 936 petit,
637 855 712 914 ut
748 855 922 915 emat
959 850 1377 937 gladiatoreS,
1424 856 1491 917 et
1528 858 1603 917 ut
1638 852 1759 917 hos
1799 853 1979 936 ipsos
2018 858 2215 938 emat,

176 962 385 1024 neque
433 941 645 1004 solum
694 939 775 1003 ad
821 936 1072 1003 Sullam
1121 940 1385 1024 missae,
1442 941 1555 1005 sed
1602 942 1683 1005 ad
1731 940 1800 1005 L.
1848 940 2214 1026 Caesarem,

179 1029 252 1104 Q.
317 1028 727 1113 Pompeium,
798 1025 868 1092 C.
931 1026 1338 1111 Memmium,
1404 1052 1678 1112 quorum
1738 1029 1816 1093 de
1887 1030 2215 1095 sententia

96 1134 150 1171 10
178 1120 324 1181 tota
369 1138 474 1181 res
523 1118 713 1201 gesta
759 1120 878 1180 est.
953 1114 1070 1195 {At
1114 1115 1399 1199 praefuit
1442 1116 1777 1181 familiae?
1851 1118 1996 1183 Iam
2042 1119 2100 1183 si
2144 1118 2216 1183 in

177 1204 472 1289 paranda
533 1204 788 1268 familia
850 1204 1035 1268 nulla
1099 1205 1382 1289 suspicio
1448 1210 1574 1287 est,
1639 1207 1784 1289 quis
1841 1205 2216 1291 praefuerit,

176 1293 347 1357 nihil
397 1292 479 1359 ad
525 1314 661 1355 rem
708 1292 1018 1376 pertinet3
1077 1292 1190 1356 sed
1236 1297 1459 1357 tamen
1505 1316 1769 1358 munere
1817 1292 2055 1359 Servili
2101 1297 2214 1360 ob·

178 1382 333 1445 tulit
405 1402 475 1445 se
551 1380 633 1444 ad
699 1381 1097 1445 ferramenta
1160 1381 1644 1465 prospicienda,
1706 1382 1993 1465 praefuit
2060 1405 2215 1448 vero

177 1491 556 1553 numquam,
593 1489 795 1553 eaque
833 1490 936 1533 res
977 1468 1155 1532 omni
1190 1472 1486 1552 tempore
1524 1491 1642 1554 per
1668 1468 1949 1553 Bellum,
1989 1470 2216 1535 Fausti

98 1574 150 1614 1⁵
177 1558 519 1641 libertum,
566 1556 1024 1621 administrata
1069 1560 1187 1623 est.

311 1644 408 1709 At
461 1646 635 1709 enim
682 1643 914 1709 Sittius
972 1649 1073 1709 est
1128 1645 1212 1709 ab
1267 1645 1394 1710 hoc
1438 1645 1507 1709 in
1553 1645 1936 1710 ulteriorem
1980 1646 2215 1731 Hispa·
2235 1628 2325 1691 20

178 1734 356 1799 niam
397 1734 666 1815 missus,
692 1738 767 1798 ut
803 1755 945 1797 eam
981 1733 1387 1816 provinciam
1424 1735 1861 1816 perturbaret.
1923 1734 2215 1798 Primum

181 1819 444 1906 Sittius,
518 1821 790 1904 iudices,
855 1820 925 1885 L.
979 1820 1149 1885 Iulio
1207 1819 1275 1885 O.
1331 1820 1567 1906 Figulo
1633 1822 2009 1886 consulibus
2072 1844 2217 1905 pro-

179 1910 392 1976 fectus
449 1914 550 1976 est
609 1910 946 1994 aliquanto
995 1913 1147 1974 ante
1192 1910 1481 1975 furorem
1529 1908 1853 1975 Catilinae
1900 1914 1966 1976 et
2012 1910 2217 1996 suspi-

103 2017 155 2056 20
184 2001 439 2064 cionem
495 1999 686 2063 huius
734 1998 1230 2082 coniurationis3
1289 1998 1517 2063 deinde
1564 2004 1665 2064 est
1709 1997 2040 2083 profectus
2085 2020 2218 2063 non

181 2091 322 2152 tum
382 2086 694 2172 primum,
753 2087 866 2162 sed
910 2109 1056 2151 cum
1101 2087 1173 2151 in
1216 2087 1425 2152 isdem
1470 2087 1633 2152 locis
1681 2087 2017 2171 aliquanto
2067 2091 2216 2151 ante

184 2176 411 2240 eadem
476 2176 554 2240 de
610 2197 805 2241 causa
861 2175 1114 2258 aliquot
1169 2197 1375 2240 annos
1431 2174 1693 2259 fuisset,
1755 2197 1830 2240 ac
1881 2174 2213 2260 profectus

184 2268 284 2329 est
337 2285 475 2328 non
522 2264 714 2328 modo
761 2263 847 2328 ob
893 2285 1183 2347 causam,
1241 2263 1355 2326 sed
1402 2263 1603 2328 etiam
1650 2263 1734 2328 ob
1780 2263 2215 2328 necessariam

184 2373 477 2436 causam,
541 2373 782 2437 magna
845 2352 1100 2416 ratione
1165 2373 1313 2416 cum
1361 2350 1809 2417 Mauretaniae
1858 2372 2013 2437 rege
2070 2373 2217 2416 con-

105 2456 156 2496 25
183 2443 417 2505 tracta.
507 2439 673 2504 Tum
731 2443 975 2518 autem,
1029 2439 1147 2504 illo
1204 2437 1527 2523 profecto,
1585 2438 1769 2504 Sulla
1823 2443 2215 2524 procurante

185 2529 321 2593 eius
369 2550 509 2593 rem
557 2532 623 2592 et
661 2531 926 2614 gerente
972 2527 1274 2613 plurimis
1323 2532 1389 2592 et
1434 2527 1892 2612 pulcherrimis
1938 2527 2013 2594 P.
2061 2527 2218 2592 Sitti

183 2616 470 2702 praediis
515 2617 795 2682 venditis
843 2637 954 2680 aes
1001 2618 1288 2680 alienum
1333 2617 1621 2680 eiusdem
1668 2619 1768 2680 est
1806 2616 2216 2700 dissolutum,

184 2709 285 2787 ut,
341 2726 508 2789 quae
566 2727 761 2769 causa
815 2707 1064 2769 ceteros
1120 2703 1202 2768 ad
1246 2703 1498 2768 facinus
1544 2705 1833 2789 impulit,
1895 2705 2217 2788 cupiditas

185 2793 564 2858 retinendae
619 2792 1052 2878 possessionis
1063 2843 1081 2876 ,
1139 2813 1216 2856 ea
1262 2790 1459 2857 Sittio
1514 2814 1647 2857 non
1691 2793 1889 2857 fuerit
1934 2793 2218 2877 praediis

105 2899 158 2937 3⁰
186 2881 555 2946 deminutis.
653 2880 796 2944 Iam
850 2902 1005 2946 vero
1074 2879 1239 2944 illud
1296 2901 1492 2965 quam
1546 2881 1954 2964 incredibile,
2024 2904 2217 2964 quam

187 2970 560 3052 absurdum,
606 2969 718 3053 qui
763 2969 1010 3033 Romae
1057 2967 1317 3032 caedem
1360 2967 1592 3053 facere,
1637 2969 1749 3053 qui
1785 2970 1954 3033 hanc
1992 2970 2221 3032 urbem

185 3057 593 3122 inflammare
621 3057 840 3138 vellet,
879 3078 1026 3121 eum
1051 3056 1647 3121 familiarissimum
1675 3079 1863 3121 suum
1891 3055 2219 3120 dimittere

187 3147 271 3210 ab
334 3168 404 3210 se
463 3150 529 3210 et
596 3145 944 3210 amandare
1009 3144 1078 3209 in
1133 3145 1401 3208 ultimas
1458 3147 1693 3209 terras!
1794 3143 2037 3208 Utrum
2092 3165 2219 3226 quo

187 3233 447 3298 facilius
504 3233 748 3298 Romae
813 3254 916 3316 ea,
980 3254 1144 3316 quae
1213 3233 1599 3317 conabatur,
1662 3231 1973 3314 efficeret,
2038 3231 2095 3295 si
2152 3232 2219 3295 in

106 3321 512 3407 &Hispania
565 3322 904 3386 turbatum
963 3320 1176 3384 esset?
1268 3319 1362 3385 At
1407 3321 1567 3384 haec
1613 3320 1759 3404 ipsa
1803 3341 1917 3404 per
1964 3341 2033 3383 se
2081 3319 2220 3384 sine

186 3410 328 3474 ulla
377 3409 830 3475 coniunctione
879 3409 1260 3494 agebantur.
1327 3408 1435 3472 An
1473 3409 1541 3472 in
1578 3407 1783 3472 tantis
1822 3406 2035 3488 rebuS,
2080 3411 2222 3472 tam

186 3497 377 3563 novis
401 3497 709 3576 consiliis,
732 3503 869 3561 tam
891 3497 1291 3581 periculosiS,
1316 3499 1456 3560 tam
1475 3495 1870 3560 turbulentis
1890 3495 2222 3559 hominem

2251 784 2321 833 55

2256 1705 2323 1753 56

2257 2895 2325 2945 57
