2534 3875
282 101 417 164 488
572 97 669 152 DE
705 96 915 152 DOMO
956 96 1098 152 sUA
1135 95 1233 152 AD
1272 95 1698 153 PONTIFICES
1740 95 2026 151 ORATIO.

288 244 579 344 aberam,
652 262 890 326 negare
964 243 1227 326 poteras
1303 263 1442 306 esse
1515 245 1631 305 tua
1695 240 1841 340 lege
1906 239 2328 304 senatorem?

284 330 419 398 Ubi
466 331 639 396 enim
676 332 939 414 tulere-S,
984 333 1059 393 ut
1095 328 1257 393 mihi
1298 351 1468 412 aqua
1505 332 1572 392 et
1608 329 1749 414 igni
1785 327 2327 392 interdiceretur?

289 419 461 504 quod
500 417 567 484 C.
606 417 936 483 Gracchus
976 417 1053 482 de
1091 417 1160 482 P.
1189 417 1466 501 Popilie,
1506 415 1894 481 Saturninus
1934 416 2011 479 de
2047 415 2327 480 Metello

287 509 461 572 tulit.
534 506 852 572 Homines
892 505 1372 570 seditiosissimi
1410 505 1487 568 de
1525 504 1791 589 optimis
1831 526 1905 569 ac
1941 503 2326 569 fortissimis

289 595 557 678 civibuS,
600 616 736 660 non
780 598 855 658 ut
902 597 1073 658 esset
1116 593 1554 676 interdictum,
1602 593 1772 677 quod
1816 592 1971 656 ferri
2008 614 2142 657 non
2177 595 2328 677 pot·
2357 609 2384 650 5

290 689 454 766 erat,
509 684 824 776 tulerunt,
872 683 986 748 sed
1032 685 1107 746 ut
1150 681 1663 747 interdiceretur.
1754 680 1886 746 Ubi
1932 680 2192 761 cavisti,
2237 703 2327 744 ne

290 795 433 836 meo
500 764 604 836 m⁴e
668 771 811 836 1000
877 791 1103 836 censor
1165 771 1235 834 in
1300 773 1601 834 senatum
1657 769 1947 854 legeret?
2013 768 2186 853 quod
2243 768 2328 832 de

291 861 611 943 omnibuS,
647 859 844 924 etiam
882 859 1119 942 quibus
1163 858 1488 923 damnatis
1516 858 1935 923 interdictum
1963 860 2084 941 est,
2112 857 2325 958 ‘scrip-

184 967 253 1017 83
293 953 435 1013 tum
484 952 584 1012 est
630 949 700 1011 in
745 946 1021 1032 legibus,
1105 945 1357 1021 Quaere
1402 947 1565 1011 haec
1600 968 1678 1011 ex
1718 944 1963 1030 Clodio,
2003 945 2326 1030 scriptore

293 1038 525 1138 legum·
550 1039 831 1119 tuarum,
876 1035 1025 1099 iube
1062 1034 1312 1118 adesse3
1360 1035 1588 1100 latitat
1622 1035 1905 1118 omnin0,
1952 1035 2083 1118 sed,
2131 1034 2189 1098 si
2225 1055 2322 1098 re·
2347 1052 2409 1094 .10

292 1125 463 1209 quiri
506 1123 791 1206 iusseriS,
835 1122 1165 1187 invenient
1209 1123 1544 1187 hominem
1593 1123 1765 1206 apud
1811 1143 2103 1187 sororem
2139 1125 2326 1186 tuam

292 1214 724 1278 occultantem
771 1233 841 1276 se
887 1213 1099 1296 capite
1148 1211 1446 1276 demisso.
1539 1209 1664 1276 Sed
1711 1211 1769 1276 si
1813 1215 2069 1294 patrem
2116 1215 2328 1293 tuum,

292 1302 498 1366 civem
567 1300 814 1364 medius
880 1300 1070 1364 fidius
1138 1301 1473 1385 egregium
1539 1300 2048 1384 dissimilemque
2104 1299 2326 1381 vestri,

290 1411 481 1453 nemo
529 1410 836 1472 umquam
886 1409 1079 1452 sanus
1128 1388 1382 1452 exulem
1430 1388 1815 1472 appellavit,
1861 1387 2003 1471 qui,
2050 1409 2199 1452 cum
2246 1386 2326 1450 de

292 1498 368 1540 eo
422 1476 723 1542 tribunus
776 1476 864 1560 pl.
914 1477 1428 1562 promulgasset,
1485 1476 1711 1540 adesse
1764 1479 2034 1560 propter
2085 1475 2323 1559 iniqui·
2353 1491 2404 1533 1⁵

292 1569 493 1630 tatem
544 1565 722 1629 illius
770 1562 1047 1629 Cinnani
1103 1565 1417 1649 temporis
1466 1564 1696 1647 noluit,
1747 1565 1932 1647 eique
1977 1563 2323 1647 imperium

292 1657 393 1718 est
449 1654 836 1739 abrogatum
888 1689 963 1698 —
1018 1655 1073 1716 si
1127 1652 1197 1716 in
1250 1653 1367 1717 illo
1421 1675 1632 1737 poena
1687 1651 1988 1736 legitima
2042 1652 2324 1736 turpitu-

292 1742 509 1806 dinem
572 1763 705 1806 non
768 1741 1001 1805 habuit
1066 1746 1334 1825 propt-er
1397 1741 1529 1805 vim
1593 1746 1990 1825 temporum,
2063 1740 2133 1803 in
2201 1762 2323 1822 me,

291 1832 395 1895 cui
451 1829 587 1894 dies
646 1829 818 1894 dicta
870 1851 1228 1913 numquam
1285 1832 1411 1912 est,
1468 1829 1580 1912 qui
1639 1851 1785 1893 reus
1844 1850 1978 1893 non
2030 1827 2152 1912 fui,
2211 1828 2324 1912 qui

292 1940 648 2003 numquam
696 1940 838 1984 sum
892 1940 933 1983 a
986 1919 1251 1983 tribuno
1303 1919 1394 2002 pl.
1441 1918 1680 1983 citatus
1689 1969 1707 2003 ,
1763 1916 2055 1981 damnati
2110 1939 2324 2002 poena
2351 1937 2404 1976 20

294 2028 433 2070 esse
489 2006 731 2091 potuit,
792 2027 869 2070 ea
922 2006 1336 2090 praesertim,
1393 2028 1557 2091 quae
1611 2028 1692 2069 ne
1747 2006 1817 2070 in
1867 2005 2013 2090 ipsa
2062 2005 2323 2089 quidem

186 2076 274 2202 ’ἐξ
294 2096 637 2180 rogatione
701 2094 1109 2179 praescripta
1171 2094 1317 2159 est‘?
1428 2095 1526 2159 Ac
1590 2094 1765 2176 vide,
1841 2093 1995 2178 quid
2059 2095 2325 2158 intersit

292 2183 464 2247 inter
512 2182 697 2247 illum
732 2182 1211 2266 iniquissimum
1248 2182 1457 2267 patris
1493 2183 1592 2247 tui
1630 2203 1851 2247 casum
1890 2186 1955 2247 et
1990 2182 2159 2249 hanc
2194 2182 2324 2246 for-

292 2275 519 2336 tunam
568 2270 1133 2354 condicionemque
1177 2275 1490 2336 nostram.
1561 2269 1827 2335 Patrem
1864 2276 2070 2352 tuum,
2115 2270 2322 2335 civem

294 2361 641 2443 optimum,
706 2358 1052 2424 clarissimi
1107 2358 1233 2424 viri
1289 2358 1524 2444 filium,
1585 2360 1696 2443 qui
1752 2361 1809 2423 si
1864 2358 2138 2441 viveret,
2195 2382 2323 2443 qua
2349 2376 2400 2418 2⁵

295 2448 641 2512 severitate
685 2446 845 2530 fuit,
902 2451 977 2511 tu
1020 2448 1314 2531 profecto
1361 2469 1494 2511 non
1532 2447 1804 2529 vivereS,
1857 2446 1930 2512 L.
1977 2447 2320 2532 Philippus

295 2557 522 2599 censor
561 2537 949 2599 avunculum
989 2557 1177 2599 suum
1214 2536 1558 2617 praeteriit
1594 2535 1664 2598 in
1700 2535 2034 2600 recitando
2073 2539 2322 2600 senatu.

294 2623 480 2689 Nihil
520 2623 689 2685 enim
726 2627 989 2707 poterat
1028 2624 1254 2704 dicere,
1294 2645 1493 2707 quare
1530 2627 1676 2687 rata
1712 2645 1846 2688 non
1881 2629 2120 2704 essent,
2158 2646 2322 2707 quae

296 2716 484 2775 erant
530 2715 673 2775 acta
717 2712 787 2775 in
834 2734 911 2776 ea
955 2733 1025 2776 re
1069 2712 1351 2796 publica,
1398 2712 1466 2775 in
1513 2733 1642 2794 qua
1687 2733 1756 2776 se
1793 2711 1924 2775 illis
1960 2711 2124 2796 ipsis
2163 2716 2323 2777 tem-

296 2799 562 2883 poribus
612 2821 944 2864 censorem
989 2821 1131 2863 esse
1178 2800 1523 2883 voluisset3
1578 2822 1679 2864 me
1723 2798 1796 2864 L.
1844 2798 2066 2884 Cotta,
2121 2799 2321 2867 homo
2349 2819 2400 2858 30

297 2888 653 2970 censorius,
682 2887 775 2951 in
830 2891 1059 2953 senatu
1113 2888 1366 2952 iuratus
1425 2887 1587 2951 dixit
1643 2910 1738 2971 se,
1793 2887 1851 2951 si
1904 2909 2134 2953 censor
2180 2892 2321 2953 tum

298 2979 496 3059 esset,
554 2998 700 3041 cum
756 2998 877 3061 ego
936 2976 1225 3059 aberam,
1283 2998 1426 3041 meo
1484 2976 1626 3041 loco
1677 2979 2044 3040 senatorem
2091 2977 2321 3043 recita·

190 3082 257 3130 85
296 3069 512 3128 turum
558 3064 777 3129 fuisse.
850 3062 1006 3139 Quis
1052 3064 1121 3127 in
1169 3087 1384 3129 meum
1431 3065 1644 3130 locum
1689 3065 1967 3129 iudicem
2013 3064 2323 3149 subdidit,

298 3152 441 3237 quis
515 3174 807 3217 meorum
872 3154 1227 3218 amicorum
1291 3156 1758 3217 testamentum
1826 3153 2112 3217 discessu
2177 3175 2319 3218 meo

296 3240 467 3324 fecit,
516 3240 627 3323 qui
674 3241 835 3304 mihi
877 3263 1011 3305 non
1055 3240 1226 3305 idem
1274 3242 1596 3324 tribuerit,
1644 3241 1816 3325 quod
1864 3242 1983 3322 [et]
2035 3242 2092 3305 si
2141 3242 2316 3306 ades·
2345 3258 2396 3299 35

298 3348 461 3410 sem,
526 3327 671 3410 quis
737 3350 839 3392 me
902 3351 1036 3393 non
1100 3329 1293 3392 modo
1350 3328 1538 3411 civiS,
1603 3330 1714 3394 sed
1769 3330 1982 3394 socius
2037 3330 2321 3413 recipere

298 3418 524 3479 contra
570 3418 752 3479 tuam
800 3418 1013 3502 legem
1053 3420 1117 3479 et
1155 3416 1376 3480 iuvare
1416 3416 1778 3481 dubitavit?
1852 3416 2146 3503 Denique
2185 3418 2320 3481 uni·
