2534 3875
790 134 944 192 CAP.
987 141 1195 191 18-20
1233 142 1264 202 ς
1302 143 1530 194 49-55.
2044 138 2176 204 207

137 280 342 345 terris
399 279 644 365 aliquid
697 279 898 345 etiam
949 301 1121 346 nunc
1177 281 1490 348 moliatur
1544 285 1738 367 atque
1793 282 1877 348 ab
1932 282 2177 348 invicta

139 367 260 434 Cn.
290 368 565 453 Pompei
599 390 796 432 manu
823 367 1080 434 Maeote
1118 373 1184 434 et
1218 369 1353 434 illis
1388 371 1737 455 paludibus
1774 375 1841 436 et
1866 370 2175 437 itinerum

139 457 472 543 angustiis
528 459 724 540 atque
781 456 1128 522 altitudine
1185 459 1509 524 montium
1564 459 1973 544 defendatur,
2028 481 2174 525 cum

138 547 504 628 imperator
547 545 616 610 in
662 545 837 610 bello
874 549 1185 630 versetur,
1229 546 1300 610 in
1347 547 1506 612 locis
1546 551 1763 612 autem
1800 547 1935 612 illis
1974 547 2174 613 etiam

79 651 110 693 5
137 655 320 698 nunc
377 633 541 699 belli
596 655 831 699 nomen
889 633 1213 718 reliquum
1269 634 1383 718 sit,
1447 657 1558 701 eos
1614 657 1838 722 agros,
1897 657 2174 720 quorum

139 722 360 787 adhuc
420 742 617 808 penes
677 719 792 787 On.
845 721 1229 805 Pompeium
1290 745 1481 788 omne
1536 724 1848 788 iudicium
1902 727 1969 788 et
2030 728 2173 810 pot-

141 813 322 876 estas
369 831 550 875 more
595 810 915 876 maiorum
963 810 1155 875 debet
1201 833 1369 896 esse,
1414 811 1541 877 viri
1585 813 1804 878 decem
1849 812 2172 878 vendent?

140 898 256 982 Et,
301 898 511 983 credo,
553 897 624 964 P.
670 898 904 963 Rullus
945 897 1032 982 (is
1078 899 1252 964 enim
1292 901 1384 964 sic
1421 921 1490 965 se
1527 901 1718 985 gerit,
1762 904 1837 965 ut
1874 900 2001 965 sibi
2036 901 2169 965 iam
2208 919 2276 970 53

142 987 470 1052 decemvir
513 986 892 1072 designatus
937 1008 1080 1052 esse
1123 986 1450 1071 videatur)
1497 988 1580 1053 a'd
1621 1010 1766 1054 eam
1804 989 2172 1054 auctionem

77 1096 108 1136 ο
139 1075 560 1160 potissimum
587 1075 1057 1160 proficiscetur!
1118 1074 1186 1140 Is
1213 1075 1533 1160 videlicet,
1571 1080 1921 1161 antequam
1950 1077 2173 1143 veniat
2190 1081 2279 1146 20

139 1166 215 1228 in
262 1163 563 1247 Pontum,
608 1163 866 1228 litteras
914 1163 996 1228 ad
1043 1161 1156 1228 Cn.
1185 1163 1575 1248 Pompeium
1611 1166 1850 1250 mittet,
1897 1187 2173 1250 quarum

141 1273 270 1337 ego
316 1253 449 1317 iam
495 1252 862 1337 exemplum
901 1252 984 1316 ab
1019 1251 1169 1317 istis
1209 1253 1642 1337 compositum
1682 1274 1822 1318 esse
1858 1254 2171 1319 arbitror:

139 1339 240 1406 Ῥ.
271 1337 640 1406 ΞΕΒνῙιωε
685 1340 970 1406 Runnus
1017 1358 1363 1406 'nunnitus
1408 1359 1655 1407 Pnnms
1702 1359 2070 1407 nncnuvnz
2115 1359 2168 1407 s.

135 1447 210 1494 D.
252 1428 369 1493 cn.
395 1428 714 1495 Pommo
762 1427 882 1494 On.
927 1427 1012 1493 F?
1102 1427 1256 1494 Non
1311 1429 1502 1494 credo
1550 1430 1982 1514 ascripturum
2029 1451 2171 1495 esse

77 1539 106 1578 5
139 1516 478 1601 ‘MAGNO',
529 1539 661 1582 non
707 1517 881 1583 enim
926 1516 1184 1582 videtur
1226 1518 1320 1601 id,
1377 1517 1551 1603 quod
1594 1518 1979 1583 imminuere
2024 1518 2171 1604 lege

137 1610 445 1689 conatur,
499 1627 917 1671 concessurus
969 1605 1190 1671 verbo.
1299 1605 1423 1670 ‘TE
1478 1623 1665 1671 VOLO
1724 1623 2024 1689 CURARE,
2076 1624 2169 1670 υτ

135 1712 305 1758 MIHI
369 1691 672 1760 SINOPAE
734 1710 1047 1760 PRAEs'ro
1113 1711 1212 1759 sls
1276 1710 1760 1772 AUXILIUMQUE
1826 1710 2171 1776 ADDthAS,

135 1801 295 1848 DUM
339 1798 472 1848 Eos
518 1800 771 1866 AGROS,
829 1799 1009 1860 Quos
1049 1803 1134 1847 w
1175 1798 1313 1847 'ruo
1358 1799 1637 1847 LABORE
1685 1799 1981 1864 CEPISTI,
2026 1798 2168 1846 EGO

133 1889 290 1937 ΜΕΑ
344 1888 529 1937 LEGE
581 1869 917 1937 VENDAM'.
1009 1868 1118 1935 An
1161 1869 1547 1956 Pompeium
1598 1891 1731 1935 non
1788 1869 2169 1935 adhibebit?

72 1982 104 2021 ιο
133 1962 208 2027 in
247 1960 386 2025 eius
423 1960 757 2045 provincia
791 1959 1028 2025 vendet
1063 1959 1405 2024 manubias
1441 1959 1900 2043 imperatoris?
1939 1958 2170 2024 Ponite

135 2053 296 2116 ante
344 2049 567 2113 oculos
613 2048 800 2114 vobis
836 2048 1106 2113 Rullum
1142 2048 1213 2113 in
1247 2046 1462 2113 Ponto
1500 2048 1673 2113 inter
1707 2052 1937 2113 nostra
1973 2050 2170 2131 atque

131 2137 435 2203 hostium
489 2141 706 2203 castra
760 2137 957 2202 hasta
1009 2136 1227 2221 posita
1283 2158 1429 2202 cum
1488 2136 1621 2200 suis
1676 2135 1985 2201 formosis
2029 2134 2170 2199 fini·

130 2226 396 2291 toribus
443 2224 945 2291 auctionantem.
1007 2224 1232 2309 Neque
1279 2224 1351 2289 in
1394 2225 1519 2290 hoc
1564 2225 1779 2289 solum
1814 2225 1989 2289 inest
2024 2244 2167 2289 con·
2207 2243 2275 2293 54

131 2313 442 2399 tumelia,
499 2335 662 2398 quae
706 2314 1122 2379 vehementer
1169 2317 1237 2377 et
1269 2313 1547 2397 insignis
1596 2317 1698 2378 est
1743 2317 1810 2378 et
1852 2333 2051 2395 nova,
2096 2314 2172 2375 ut

73 2424 102 2463 5
130 2405 272 2469 ulla
318 2423 425 2467 res
469 2410 662 2487 parta
703 2402 882 2467 bello
933 2401 1222 2467 nondum
1269 2402 1527 2487 legibus
1574 2400 1744 2465 datis
1790 2401 1989 2465 etiam
2026 2406 2169 2465 tum

128 2494 534 2576 imperatore
588 2490 833 2556 bellum
889 2490 1385 2556 administrante
1437 2510 1573 2553 non
1627 2489 1820 2554 modo
1878 2488 2169 2573 venierit,

127 2602 368 2646 verum
413 2579 628 2645 locata
673 2580 778 2644 sit.
857 2578 1015 2644 Plus
1062 2581 1361 2662 spectant
1404 2577 1703 2642 homines
1749 2581 1924 2642 certe
1971 2599 2169 2662 quam

127 2668 630 2751 contumeliam3
685 2670 980 2753 sperant,
1035 2668 1091 2731 si
1150 2687 1527 2733 concessum
1582 2667 1673 2730 sit
1724 2665 2005 2731 inimicis
2053 2664 2168 2731 Cn.

126 2756 415 2842 Pompei
479 2779 626 2821 cum
689 2755 963 2841 imperio
973 2804 991 2839 ,
1065 2776 1209 2820 cum
1273 2754 1510 2820 iudicio
1577 2755 1869 2819 omnium
1932 2775 2166 2831 rerum,

71 2864 100 2905 ο
128 2869 285 2913 cum
333 2845 591 2909 infinita
625 2848 972 2928 potestate,
1017 2865 1162 2908 cum
1206 2842 1670 2909 innumerabili
1713 2843 1988 2927 pecunia
2031 2864 2166 2907 non

128 2937 356 3000 solum
418 2933 553 2998 illis
616 2934 689 2997 in
746 2932 908 2998 locis
961 2932 1222 3017 vagari,
1284 2953 1512 2998 verum
1566 2930 1766 2995 etiam
1822 2930 1905 2996 ad
1958 2930 2162 3014 ipsius

127 3023 495 3089 exercitum
538 3021 903 3107 pervenire,
959 3019 1206 3105 aliquid
1247 3019 1351 3083 illi
1394 3019 1778 3085 insidiarum
1822 3018 1993 3101 fieri,
2048 3018 2164 3083 ali-

128 3112 293 3197 quid
361 3110 439 3175 de
502 3110 637 3175 eius
702 3109 1012 3191 exercitu,
1077 3108 1310 3193 copiis,
1375 3108 1590 3195 gloria
1644 3106 1901 3172 detrahi
1953 3128 2163 3190 posse.

126 3201 406 3282 Putant,
445 3199 500 3264 si
537 3220 732 3283 quam
771 3219 955 3284 spem
989 3198 1060 3261 in
1089 3195 1203 3263 Cn.
1230 3195 1546 3282 Pompeio
1574 3195 1892 3261 exercitus
1920 3194 2165 3261 habeat

73 3306 98 3345 5
129 3294 252 3354 aut
319 3308 628 3373 agrorum
693 3290 810 3351 aut
870 3287 1150 3351 aliorum
1211 3284 1729 3367 commodorum,
1799 3283 1968 3348 hanc
2030 3305 2164 3350 non

124 3378 546 3458 habiturum,
605 3397 756 3441 cum
815 3374 1053 3440 viderit
1117 3396 1341 3439 earum
1394 3395 1612 3438 rerum
1678 3371 1969 3438 omnium
2022 3376 2163 3457 pot-

129 3468 419 3530 estatem
474 3464 556 3529 ad
611 3463 1008 3529 decemviros
1064 3484 1205 3528 esse
1259 3463 1666 3528 translatam.
1748 3460 1974 3526 Patior
2026 3483 2161 3527 non
2198 3476 2267 3528 55
