2534 3875
325 159 451 224 148
865 158 1010 215 PRO
1048 158 1114 215 A.
1155 158 1519 213 CLUENTIO
1562 158 1851 215 ORATIO.

319 304 639 369 aerarium
695 304 1040 387 reliquisse
1097 323 1161 369 se
1221 303 1765 387 subscripserunt.
1839 302 2003 369 Cum
2066 304 2240 368 enim
2292 304 2369 369 in

317 392 580 457 homine
639 392 824 456 nulla
880 393 1070 477 culpa
1123 391 1553 475 inveniretur,
1618 392 1774 475 quid
1830 391 1941 455 ille
1999 392 2365 475 meruisset,

322 502 456 545 non
531 480 688 564 quid
762 481 840 544 de
906 502 981 544 eo
1049 484 1373 544 statutum
1439 483 1639 564 esset,
1714 482 2153 563 quaerendum
2219 502 2365 545 esse

217 586 316 634 127
341 570 679 633 duxerunt.
743 566 920 632 Nam
956 568 1117 633 haec
1155 568 1433 651 quidem,
1472 590 1637 651 quae
1676 568 1753 633 de
1780 568 2019 633 iudicio
2050 573 2363 653 corrupto

323 658 880 740 subscripserunt,
928 657 1074 740 quis
1123 660 1252 739 est,
1301 656 1413 739 qui
1460 659 1543 721 ab
1590 656 1722 723 illis
1770 656 1935 723 satis
1982 657 2248 743 cognita
2296 661 2364 721 et
2396 674 2424 715 5

324 746 673 830 diligenter
717 744 1008 809 iudicata
1054 744 1455 809 arbitretur?
1527 742 1609 807 In
1651 744 1756 809 Μ’.
1804 744 2143 827 Aquilium
2190 748 2258 809 et
2292 745 2364 809 in

322 834 420 899 Ti.
476 833 748 898 Guttam
804 832 989 896 video
1047 854 1186 897 esse
1244 833 1706 917 subscriptum.
1808 831 1976 908 Quid
2033 837 2135 898 est
2187 834 2362 898 hoc?

323 923 484 986 duos
524 943 663 985 esse
702 924 1044 1005 corruptos
1085 920 1260 985 solos
1300 922 1575 1006 pecunia
1610 920 1924 1003 iudicant3
1963 921 2159 986 ceteri
2183 921 2363 987 vide-

323 1010 479 1075 licet
545 1008 752 1094 gratis
818 1009 1348 1073 condemnarunt.
1448 1008 1601 1074 Non
1665 1013 1765 1073 est
1826 1010 2033 1094 igitur
2092 1010 2365 1075 circum-

322 1100 576 1181 ventuS,
612 1119 744 1161 non
774 1119 1121 1181 oppressus
1150 1096 1443 1182 pecunia,
1469 1119 1619 1179 non,
1648 1102 1723 1163 ut
1750 1097 1905 1161 illae
1935 1096 2364 1173 Quinctianae
2394 1117 2449 1157 ιο

323 1184 662 1251 contiones
698 1186 1128 1268 habebantur,
1167 1208 1411 1268 omnes,
1449 1186 1575 1269 qui·
1598 1185 2028 1271 Oppianicum
2067 1187 2366 1251 condem-

323 1277 594 1356 narunt,
646 1273 718 1337 in
774 1273 966 1358 culpa
1023 1277 1175 1338 sunt
1229 1297 1305 1339 ac
1362 1274 1727 1357 suspicione
1787 1274 2087 1359 ponendi.
2178 1274 2363 1341 Duos

326 1363 500 1426 solos
539 1361 727 1427 video
777 1362 1167 1427 auctoritate
1218 1384 1562 1427 censorum
1600 1362 1832 1427 adfinis
1872 1364 1931 1427 ei
1967 1363 2365 1448 turpitudini

327 1448 627 1533 iudica-ri3
673 1453 787 1514 aut
833 1450 999 1515 illud
1046 1450 1365 1534 adferant,
1412 1450 1658 1534 aliquid
1704 1472 1863 1533 sese,
1912 1452 2084 1535 quod
2131 1450 2209 1516 de
2256 1452 2363 1517 his

329 1539 580 1602 duobus
609 1538 960 1603 habuerint
987 1542 1412 1623 compertum,
1440 1537 1517 1602 de
1548 1539 1781 1604 ceteris
1800 1560 1927 1605 non
1948 1540 2364 1624 comperisse.
2395 1557 2448 1599 15

347 1625 520 1691 Nam
566 1626 731 1690 illud
778 1627 1039 1710 quidem
1093 1627 1359 1691 minime
1406 1627 1819 1711 probandum
1866 1631 1992 1710 est,
2052 1629 2134 1692 ad
2179 1632 2365 1694 nota-

347 1714 558 1779 tiones
625 1716 1212 1798 auctoritatemque
1279 1716 1641 1779 censoriam
1708 1716 2078 1801 exemplum
2126 1716 2277 1781 illos
2336 1738 2368 1782 e

329 1803 792 1868 consuetudine
857 1804 1132 1868 militari
1195 1803 1630 1868 transtulisse.
1742 1800 2125 1869 Statuerunt
2190 1804 2366 1869 enim

327 1892 425 1957 ita
471 1892 750 1956 maiores
798 1892 1028 1974 nostri,
1072 1894 1164 1975 ut,
1211 1892 1268 1956 si
1316 1914 1356 1956 a
1402 1892 1625 1957 multis
1674 1896 1847 1957 esset
1892 1891 2221 1978 flagitium
2268 1894 2366 1958 rei

330 1980 635 2045 militaris
696 1980 1078 2061 admissum,
1135 1981 1369 2044 sortito
1416 1979 1485 2044 in
1531 1981 1850 2064 quosdam
1894 1981 2367 2046 animadverte·
2394 2000 2451 2040 2⁰

329 2072 534 2150 retur,
594 2072 670 2134 ut
715 2071 925 2132 metus
972 2067 1274 2134 videlicet
1329 2069 1412 2132 ad
1459 2069 1687 2151 omniS,
1732 2091 1944 2154 poena
1992 2070 2075 2134 ad
2118 2091 2365 2154 paucos

327 2157 716 2242 perveniret.
817 2154 1005 2231 Quod
1075 2156 1246 2220 idem
1319 2156 1533 2221 facere
1604 2179 1903 2223 censores
1974 2158 2045 2222 in
2110 2159 2367 2224 delectu

331 2245 673 2329 dignitatis
732 2248 799 2309 et
851 2244 923 2308 in
975 2244 1212 2308 iudicio
1271 2244 1509 2309 civium
1565 2249 1631 2309 et
1688 2245 1760 2310 in
1805 2247 2367 2312 animadversione

328 2333 641 2399 vitiorum
697 2333 809 2416 qui
865 2333 1210 2398 convenit?
1294 2331 1493 2401 Nam>
1524 2333 1741 2418 miles,
1797 2335 1909 2418 qui
1961 2334 2177 2399 locum
2232 2357 2369 2401 non

330 2421 561 2504 tenuit,
608 2421 720 2503 qui
756 2420 1046 2485 hostium
1083 2421 1406 2504 impetum
1441 2421 1702 2505 vimque
1739 2423 2099 2506 pertimuit,
2142 2427 2369 2508 potest
2396 2442 2452 2486 25

330 2509 503 2573 idem
567 2512 800 2592 postea
864 2513 930 2573 et
995 2508 1184 2573 miles
1250 2531 1391 2574 esse
1456 2509 1689 2576 melior
1755 2515 1821 2575 et
1873 2512 1977 2576 vir
2030 2511 2243 2577 bonus
2301 2517 2370 2577 et

333 2597 493 2661 civis
559 2596 764 2660 utilis.
873 2594 1116 2681 Quare,
1190 2597 1303 2680 qui
1366 2598 1435 2661 in
1498 2597 1672 2662 bello
1738 2602 2010 2684 propter
2072 2599 2368 2665 hostium

333 2688 580 2748 metum
621 2684 1002 2767 deliquerat,
1039 2685 1321 2769 amplior
1358 2685 1418 2749 ei
1453 2685 1685 2751 mortis
1716 2690 1783 2750 et
1810 2687 2117 2772 supplicii
2151 2692 2367 2753 metus

335 2776 435 2836 est
492 2795 532 2835 a
576 2771 932 2837 maioribus
979 2773 1403 2856 constitutus3
1457 2795 1540 2838 ne
1587 2778 1807 2839 autem
1850 2777 2130 2840 nimium
2176 2777 2370 2842 multi

332 2881 611 2943 poenam
667 2860 901 2945 capitis
961 2861 1282 2945 subirent,
1336 2861 1574 2927 idcirco
1630 2863 1750 2927 illa
1806 2864 2063 2929 sortitio
2110 2886 2369 2949 compa·
2398 2883 2455 2923 30

231 2964 330 3012 129
352 2952 501 3012 rata
538 2951 658 3012 est.
721 2947 866 3012 Hoc
902 2951 976 3012 tu
1003 2948 1176 3013 idem
1202 2949 1404 3015 facies
1433 2972 1661 3015 censor
1688 2951 1757 3016 in
1787 2957 2017 3016 senatu
2044 2952 2370 3038 legendo?

336 3035 406 3100 Si
467 3039 658 3100 erunt
711 3036 958 3121 plureS,
1025 3039 1136 3120 qui
1193 3038 1279 3102 ob
1338 3038 1751 3106 innocentem
1807 3041 2371 3107 condemnandum

334 3124 677 3209 pecuniam
734 3125 1126 3210 acceperint,
1181 3131 1256 3191 tu
1310 3148 1445 3190 non
1490 3129 1963 3192 animadvertes
2010 3130 2079 3193 in
2125 3152 2372 3214 omnes,

337 3212 450 3278 sed
507 3234 763 3297 carpeS,
820 3217 896 3277 ut
949 3214 1138 3297 veliS,
1203 3218 1268 3278 et
1324 3237 1566 3298 paucos
1626 3238 1703 3280 ex
1760 3217 1987 3281 multis
2046 3216 2130 3282 ad
2183 3217 2369 3304 igno-

335 3301 609 3365 miniam
658 3301 976 3367 sortiere?
1049 3302 1339 3367 Habebit
1380 3302 1586 3388 igitur
1622 3308 1689 3368 te
1728 3305 1969 3370 sciente
2008 3309 2075 3370 et
2108 3304 2372 3372 vidente
2403 3325 2457 3366 35

337 3390 520 3453 curia
576 3393 968 3470 senatorem,
1023 3392 1306 3475 populus
1354 3390 1687 3456 Romanus
1742 3391 2047 3476 iudicem,
2102 3415 2207 3458 res
2256 3417 2371 3478 pu-

335 3475 511 3544 blica
557 3478 764 3543 civem
811 3478 951 3545 sine
997 3478 1358 3563 ignominia
1404 3501 1822 3563 quemquam,
1874 3481 1984 3564 qui
2030 3481 2112 3546 ad
2158 3485 2377 3567 perni-

219 1605 307 1669 46

225 1683 326 1732 128
