2534 3875
361 184 490 245 144
879 182 1024 237 PRO
1062 181 1127 238 A.
1167 180 1536 237 OLUENTIO
1574 180 1862 237 ORATIO.
1898 133 1904 138 1

358 327 520 391 dunt
575 330 806 392 cetera.
888 325 1120 409 Itaque
1176 330 1241 390 et
1297 326 1663 390 maiestatis
1719 324 2007 390 absoluti
2052 327 2206 389 sunt
2251 346 2399 409 per-

356 415 580 496 multi,
640 415 873 499 quibus
935 414 1261 479 damnatis
1324 414 1403 477 de
1461 412 1751 498 pecuniis
1806 413 2184 497 repetundis
2238 413 2396 478 lites

356 504 722 567 maiestatis
769 507 989 567 essent
1033 504 1437 585 aestimatae,
1482 506 1551 565 et
1590 503 1719 566 hoc
1764 501 1999 566 cotidie
2042 502 2187 565 fieri
2222 501 2397 565 vide-

357 613 522 675 mus,
567 595 643 655 ut
687 612 799 655 reo
848 590 1157 655 damnato
1204 590 1285 655 de
1330 590 1619 674 pecuniis
1657 590 2054 674 repetundiS,
2100 589 2183 653 ad
2227 610 2392 673 quos

353 680 728 764 pervenisse
791 679 1097 763 pecunias
1161 680 1232 742 in
1295 679 1524 742 litibus
1590 678 2013 742 aestimandis
2068 682 2395 742 statutum
2428 696 2461 736 5

356 769 471 850 sit,
528 789 639 833 eos
694 767 866 831 idem
920 766 1163 831 iudices
1222 767 1598 849 absolvant3
1670 766 1844 850 quod
1897 789 2046 831 cum
2100 766 2202 849 fit,
2256 788 2395 831 non

355 854 594 920 iudicia
637 854 1112 937 rescinduntur,
1159 855 1275 919 sed
1319 855 1445 920 hoc
1490 855 1822 938 statuitur,
1866 854 2394 919 aestimationem

355 943 572 1008 litium
631 965 766 1008 non
810 964 951 1007 esse
995 943 1327 1007 iudicium.
1418 940 1731 1007 Scaevola
1776 942 2243 1009 condemnatus
2291 947 2397 1007 est

357 1031 505 1095 aliis
543 1030 923 1095 criminibus
949 1030 1501 1115 frequentissimis
1530 1032 1811 1115 Apuliae
1839 1031 2139 1095 testibus.
2195 1030 2395 1095 Omni

357 1119 773 1184 contentione
827 1123 1188 1204 pugnatum
1247 1124 1377 1204 est,
1434 1119 1534 1183 uti
1581 1119 1666 1183 lis
1710 1120 1871 1184 haec
1916 1121 2153 1202 capitis
2202 1120 2395 1183 aesti-
2428 1140 2492 1178 ιο

355 1212 664 1272 maretur.
754 1207 931 1283 Quae
975 1229 1080 1271 res
1129 1209 1186 1272 si
1232 1210 1330 1273 rei
1373 1207 1695 1272 iudicatae
1742 1207 1997 1292 pondus
2033 1206 2394 1291 habuisset,

357 1296 472 1359 ille
524 1300 756 1380 postea
800 1296 906 1360 vel
951 1295 1160 1361 isdem
1205 1297 1309 1361 vel
1357 1296 1505 1361 aliis
1551 1296 1832 1360 inimicis
1879 1317 2029 1360 reus
2074 1294 2199 1360 hac
2245 1296 2394 1381 lege

348 1384 500 1468 ipsa
542 1382 756 1449 factus
803 1387 991 1448 esset.

252 1467 338 1530 42
511 1470 819 1557 Sequitur
862 1472 949 1556 id,
998 1472 1171 1557 quod
1215 1472 1315 1536 illi
1361 1472 1667 1537 iudicium
1708 1472 2063 1556 appellant,
2109 1472 2396 1537 maiores

255 1558 356 1607 117
377 1563 597 1625 autem
658 1562 871 1626 nostri
931 1582 1291 1647 numquam
1343 1582 1551 1643 neque
1606 1559 1915 1625 iudicium
1968 1560 2397 1625 nominarunt
2430 1578 2489 1617 15

354 1670 565 1734 neque
612 1648 885 1732 proinde
935 1653 1008 1713 ut
1045 1672 1183 1714 rem
1219 1649 1573 1713 iudicatam
1611 1649 2061 1730 observarunt,
2107 1649 2398 1713 animad-

356 1738 723 1801 versionem
777 1740 976 1821 atque
1031 1739 1494 1802 auctoritatem
1551 1737 1927 1803 censoriam.
2012 1737 2155 1814 Qua
2200 1737 2279 1802 de
2325 1759 2397 1802 re

358 1829 709 1910 antequam
754 1826 964 1891 dicere
1008 1826 1276 1910 incipio,
1320 1847 1645 1910 perpauca
1679 1826 1840 1890 mihi
1876 1826 1955 1889 de
1991 1846 2137 1890 meo
2177 1825 2399 1891 officio

357 1914 558 1979 verba
610 1914 914 1980 faciunda
969 1918 1147 1998 sunt,
1200 1917 1279 1979 ut
1344 1938 1383 1980 a
1438 1938 1541 1980 me
1598 1937 1744 1980 cum
1790 1913 2055 1979 huiusce
2101 1914 2397 1998 periculi,

357 2007 501 2067 tum
547 2015 911 2068 ceterorum
951 2024 1206 2086 quoque
1244 2002 1610 2068 officiorum
1647 2007 1713 2067 et
1749 2003 2183 2067 amicitiarum
2222 2003 2396 2068 ratio
2430 2021 2489 2061 20
2520 2015 2522 2020 ·

358 2093 747 2155 conservata
801 2111 941 2154 esse
997 2091 1305 2157 videatur.
1403 2090 1579 2156 Nam
1633 2091 1797 2156 mihi
1850 2114 1996 2156 cum
2050 2090 2210 2155 viris
2266 2091 2398 2156 for—

357 2179 556 2262 tibus,
596 2179 709 2262 qui
746 2199 1048 2243 censores
1086 2181 1379 2262 proxime
1415 2179 1697 2262 fuerunt,
1736 2179 2055 2244 ambobus
2093 2182 2194 2242 est
2232 2181 2397 2243 ami-

359 2268 544 2349 citia3
591 2288 736 2331 cum
785 2266 994 2332 altero
1032 2288 1205 2351 ver0,
1251 2268 1446 2332 sicuti
1492 2267 1787 2351 plerique
1832 2271 2123 2331 vestrum
2162 2267 2397 2351 sciunt,

360 2375 640 2439 magnus
695 2375 852 2419 usus
909 2358 977 2419 et
1034 2378 1291 2421 summa
1344 2356 1683 2440 utriusque
1742 2354 1975 2421 officiis
2032 2355 2399 2420 constituta
2512 2403 2514 2416 .

256 2457 357 2507 118
379 2443 790 2507 necessitudo
847 2447 966 2507 est.
1040 2444 1273 2528 Quare,
1322 2444 1627 2528 quicquid
1674 2443 1752 2508 de
1800 2443 2396 2528 subscriptionibus
2428 2460 2512 2512 2⁵1

360 2551 584 2595 eorum
622 2531 787 2595 mihi
822 2530 1164 2597 dicendum
1203 2533 1345 2614 erit,
1384 2554 1459 2597 eo
1498 2533 1707 2597 dicam
1746 2532 1981 2613 anim0,
2017 2536 2095 2596 ut
2130 2554 2395 2597 omnem
2508 2543 2510 2607 1

361 2618 725 2683 orationem
773 2641 987 2684 meam
1031 2643 1165 2685 non
1201 2620 1290 2704 ¹de
1327 2621 1589 2688 illorum
1626 2620 1822 2704 facto,
1869 2619 1982 2684 sed
2018 2619 2097 2684 de
2134 2622 2398 2686 ratione

358 2707 654 2771 censoria
709 2706 1006 2773 habitam
1057 2709 1419 2774 existimari
1462 2709 1688 2791 velim3
1743 2732 1783 2773 a
1827 2707 2104 2773 Lentulo
2152 2713 2397 2793 autem,

356 2794 672 2859 familiari
718 2817 880 2879 me0,
927 2796 1038 2880 qui
1085 2820 1126 2861 a
1171 2808 1275 2861 me
1319 2820 1439 2881 pro
1487 2797 1725 2861 eximia
1770 2819 1887 2861 sua
1931 2796 2177 2861 virtute
2222 2819 2397 2862 sum-

358 2883 612 2967 misque
676 2884 1060 2968 honoribuS,
1127 2907 1288 2968 quos
1356 2908 1396 2949 a
1457 2886 1699 2970 populo
1755 2885 2051 2950 Romano
2116 2885 2396 2969 adeptus
2426 2901 2477 2942 3(

359 2974 487 3053 est,
533 2972 801 3036 honoris
847 2995 1044 3037 causa
1088 2974 1490 3057 nominatur,
1533 2973 1727 3038 facile
1772 2974 1915 3051 hoc,
1958 2973 2201 3037 iudices
2210 3024 2230 3057 ,
2276 2974 2395 3038 im-

356 3060 651 3144 petrab0,
688 3064 780 3143 ut,
820 3083 1013 3144 quam
1049 3061 1190 3145 ipse
1226 3061 1535 3126 adhibere
1573 3061 1909 3126 consuevit
1935 3061 2003 3125 in
2033 3061 2393 3127 amicorum

355 3148 665 3232 periculis
734 3170 880 3213 cum
931 3149 1128 3213 fidem
1183 3156 1250 3214 et
1306 3149 1740 3233 diligentiam,
1804 3154 1945 3214 tum
1998 3151 2133 3215 vim
2190 3151 2393 3214 animi

357 3236 860 3322 libertatemque
917 3237 1195 3321 dicendi,
1251 3260 1329 3302 ex
1383 3238 1506 3303 hac
1562 3238 1725 3301 mihi
1770 3237 2085 3302 concedat
2129 3242 2204 3302 ut
2249 3244 2392 3304 tan-

357 3326 501 3388 tum
548 3324 708 3389 mihi
755 3348 1037 3410 sumam,
1083 3329 1398 3410 quantum
1446 3326 1583 3390 sine
1629 3325 1823 3390 huius
1869 3326 2160 3411 periculo
2207 3349 2391 3410 prae·
2418 3343 2473 3385 35

356 3413 552 3477 terire
616 3436 747 3478 non
809 3416 1077 3499 possim.
1185 3413 1247 3478 A
1313 3435 1417 3478 me
1481 3419 1727 3496 tamen,
1790 3418 1866 3478 ut
1928 3437 2205 3498 aequum
2272 3421 2391 3502 est,

360 3501 577 3567 omnia
623 3506 809 3568 caute
855 3503 1449 3589 pedetemptimque
1496 3502 1809 3585 dicentur,
1854 3507 1931 3567 ut
1972 3524 2181 3588 neque
2226 3504 2387 3570 fides
