2534 3875
268 633 336 682 62

271 2090 337 2141 63

372 163 503 228 326
930 162 1074 216 PRO
1116 161 1176 217 L.
1214 159 1528 216 MURENA
1565 159 1853 217 ORATIO.
1927 176 1936 184 ·

373 309 624 396 gallum
670 307 1121 394 gallinaceum,
1168 327 1314 371 cum
1361 327 1522 392 opus
1568 325 1700 372 non
1735 304 1955 389 fuerit,
1999 325 2196 388 quam
2232 324 2408 386 eum,

373 397 485 483 qui
528 399 783 483 patrem
831 395 1273 479 suffocaverit3
1319 394 1682 480 sapientem
1725 392 1891 457 nihil
1934 392 2209 477 opinari,
2253 391 2407 457 nul-

376 487 504 550 lius
550 484 647 550 rei
689 485 1037 569 paenitere,
1080 483 1262 548 nulla
1297 482 1367 548 in
1403 504 1473 547 re
1506 481 1674 565 falli,
1719 481 2110 546 sententiam
2145 483 2406 544 mut-are

266 553 355 619 30
375 594 750 659 numquam.
866 571 1047 637 Haec
1120 571 1320 636 homo
1391 569 1980 657 ingeniosissimus,
2051 567 2140 634 M.
2215 565 2408 651 Cato,

374 661 748 727 auctoribus
786 658 1240 724 eruditissimis
1277 658 1578 724 inductus
1615 657 1911 742 arripuit,
1945 677 2153 741 neque
2186 656 2408 740 dispu-
2431 672 2454 712 ⁵

372 748 557 814 tandi
602 770 825 832 causa,
868 751 944 813 ut
988 767 1233 832 magna
1275 769 1448 832 pars,
1495 745 1609 812 sed
1653 746 1750 811 ita
1792 745 2070 811 vivendi.
2158 743 2409 810 Petunt

375 837 622 922 aliquid
696 835 1052 922 publicani3
1128 856 1284 900 cave
1357 835 1698 920 quicquam
1771 833 2015 899 habeat
2085 833 2410 898 momenti

375 926 608 1012 gratia.
682 923 1019 1010 Supplices
1066 922 1269 1007 aliqui
1315 923 1588 989 veniunt
1633 922 1856 987 miseri
1901 925 1969 987 et
2005 920 2406 1004 calamitosi3

376 1014 733 1079 sceleratus
780 1016 847 1078 et
892 1010 1177 1076 nefarius
1213 1011 1437 1097 fueris,
1483 1013 1558 1076 si·
1577 1011 1920 1096 quicquam
1958 1009 2408 1076 misericordia

375 1102 691 1166 adductus
742 1100 989 1166 feceris.
1080 1097 1374 1165 Fatetur·
1407 1099 1644 1185 aliquis
1692 1120 1760 1164 se
1805 1119 2106 1182 peccasse
2151 1102 2220 1162 et
2269 1099 2406 1163 eius
2431 1112 2474 1152 1⁰

375 1189 596 1254 delicti
650 1188 904 1254 veniam
959 1187 1153 1272 petit3
1210 1187 1534 1253 nefarium
1597 1191 1699 1252 est
1750 1186 2001 1252 facinus
2045 1187 2405 1272 ignoscere.

374 1277 469 1342 At
536 1277 679 1343 leve
756 1276 1066 1342 delictum
1128 1279 1243 1341 est.
1355 1275 1592 1342 Omnia
1652 1280 1922 1360 peccata
1985 1279 2138 1340 sunt
2197 1275 2405 1360 paria.

374 1365 617 1431 Dixisti
683 1365 1046 1450 quippiam3
1108 1363 1309 1428 fixum
1376 1368 1444 1429 et
1508 1367 1829 1429 statutum
1889 1367 2006 1428 est.
2113 1361 2274 1428 Non
2339 1384 2406 1428 re

376 1454 606 1519 ductus
652 1474 748 1539 es,
805 1453 916 1518 sed
962 1452 1290 1537 opinione3
1353 1453 1615 1538 sapiens
1659 1451 1824 1517 nihil
1869 1451 2189 1537 opinatur.
2287 1451 2408 1516 Er-

375 1541 538 1607 rasti
584 1541 804 1627 aliqua
847 1541 918 1605 in
962 1562 1060 1625 re,
1105 1541 1274 1606 male
1321 1541 1447 1606 dici
1481 1544 1689 1625 putat.
1761 1539 1905 1605 Hac
1940 1560 2020 1603 ex
2056 1538 2406 1625 disciplina.
2427 1552 2469 1594 1⁵

373 1630 565 1697 nobis
610 1630 730 1695 illa
774 1633 969 1694 suntz.
997 1628 1175 1693 ‘Dixi
1221 1629 1294 1692 in
1339 1634 1570 1695 senatu
1614 1650 1719 1693 me
1762 1649 2002 1693 nomen
2037 1628 2432 1694 consularis

376 1718 705 1784 candidati
752 1714 1157 1783 delaturum?
1246 1716 1462 1782 Iratus
1507 1716 1751 1782 dixisti.
1823 1714 2268 1801 ‘Numquam',
2315 1716 2405 1780 in·

376 1807 538 1893 quit,
575 1805 859 1891 ‘sapiens
894 1804 1241 1871 irascitur?
1307 1804 1400 1870 At
1425 1805 1741 1890 temporis
1769 1827 1980 1870 causa.
2046 1803 2407 1888 ‘Improbi',

374 1895 616 1981 inquit,
663 1893 970 1961 ‘hominis
1017 1897 1119 1959 est
1163 1893 1498 1960 mendacio
1545 1894 1803 1978 fallere3
1849 1897 2103 1959 mutare
2150 1897 2407 1959 senten-

376 1985 537 2050 tiam
601 1988 791 2069 turpe
852 1986 981 2065 est,
1054 1983 1308 2047 exorari
1372 1984 1583 2049 scelus
1593 2032 1610 2067 ,
1673 1982 1967 2047 misereri
2029 1980 2404 2067 flagitium?
2430 1995 2476 2037 2⁰

376 2070 607 2137 Nostri
652 2076 870 2137 autem
905 2070 1007 2134 illi
1054 2069 1339 2154 (fatebor
1385 2071 1584 2156 enim,
1628 2068 1823 2154 Cato,
1878 2092 1984 2135 me
2029 2091 2290 2154 quoque
2335 2071 2407 2135 in

378 2160 818 2226 adulescentia
862 2158 1147 2223 diffisum
1181 2158 1444 2243 ingenio
1481 2180 1628 2224 meo
1665 2158 1995 2244 quaesisse
2031 2157 2407 2225 adiumenta

377 2247 757 2332 doctrinae),
801 2246 1027 2331 nostri,
1071 2246 1359 2331 inquam,
1394 2246 1497 2311 illi
1533 2269 1574 2312 a
1610 2246 1885 2312 Platone
1923 2251 1990 2311 et
2024 2245 2406 2330 Aristotele,

377 2336 697 2402 moderati
740 2334 1039 2400 homines
1086 2339 1153 2399 et
1195 2334 1559 2420 temperati,
1604 2335 1787 2400 aiunt
1831 2334 2004 2420 apud
2039 2334 2404 2419 sapientem

376 2424 595 2489 valere
671 2422 1019 2508 aliquando
1084 2422 1392 2508 gratiam3
1465 2422 1590 2488 viri
1651 2423 1808 2488 boni
1875 2444 2015 2487 esse
2079 2423 2401 2503 misereri3
2429 2434 2478 2477 2⁶

378 2512 685 2577 distincta
740 2532 979 2597 genera
1034 2531 1175 2575 esse
1240 2510 1626 2576 delictorum
1680 2514 1748 2577 et
1793 2511 2082 2595 dispares
2128 2532 2404 2598 poenas3

380 2621 520 2665 esse
596 2598 770 2683 apud
839 2597 1170 2663 hominem
1243 2602 1651 2664 constantem
1713 2599 2092 2683 ignoscendi
2154 2599 2404 2683 locum3

379 2687 593 2771 ipsum
650 2686 1008 2771 sapientem
1054 2706 1247 2771 saepe
1295 2687 1540 2771 aliquid
1585 2687 1870 2773 opinari,
1917 2687 2088 2772 quod
2131 2688 2404 2771 nesciat,
2521 2732 2523 2749 ³

377 2774 570 2840 irasci
614 2795 745 2839 non
789 2794 1165 2857 numquam,
1210 2775 1466 2840 exorari
1503 2775 1776 2841 eundem
1811 2781 1879 2841 et
1914 2775 2182 2862 placari,
2229 2775 2403 2862 quod

379 2862 639 2947 dixerit,
691 2861 1045 2945 interdum,
1100 2862 1158 2927 si
1202 2863 1300 2928 ita
1343 2864 1581 2929 rectius
1629 2864 1743 2947 sit,
1798 2870 2078 2947 mutare,
2130 2864 2210 2928 de
2257 2885 2400 2928 sen·
2428 2878 2482 2919 ⁸⁰

377 2950 590 3016 tentia
626 2949 926 3016 decedere
964 2950 1344 3036 aliquand03
1388 2952 1598 3018 omnis
1633 2952 1910 3017 virtutes
1947 2951 2402 3017 mediocritate

272 3014 356 3143 ἓξ
383 3038 662 3123 quadam
709 3060 849 3103 esse
894 3038 1282 3105 moderatas.
1354 3038 1496 3105 Hos
1543 3039 1626 3105 ad
1670 3040 2026 3126 magistros
2064 3040 2122 3104 si
2167 3061 2296 3125 qua
2331 3043 2401 3103 te

380 3128 660 3211 fortuna,
688 3125 873 3211 Cato,
900 3149 1046 3192 cum
1074 3128 1205 3192 ista
1229 3131 1466 3193 natura
1493 3127 1852 3213 detulisset,
1877 3150 2010 3193 non
2037 3132 2114 3192 tu
2140 3128 2400 3213 quidem

379 3214 480 3281 vir
550 3215 779 3280 melior
852 3236 1025 3281 esses
1087 3237 1206 3281 nec
1265 3215 1503 3281 fortior
1563 3237 1682 3282 nec
1745 3216 2218 3301 temperantior
2277 3236 2398 3281 nec

377 3303 609 3368 iustior
648 3302 677 3385 (
678 3324 885 3388 neque
922 3305 1093 3368 enim
1131 3324 1274 3368 esse
1309 3301 1546 3388 potes),
1582 3303 1696 3369 sed
1720 3306 1918 3390 paulo
1947 3304 2030 3370 ad
2056 3304 2398 3369 lenitatem
2423 3314 2474 3358 ⁸⁵

377 3391 782 3476 propensior.
854 3389 1004 3456 Non
1050 3412 1386 3457 accusares
1431 3391 1631 3455 nullis
1669 3392 1983 3458 adductus
2020 3392 2397 3475 inimicitiis,

377 3479 562 3543 nulla
589 3478 931 3546 lacessitus
958 3479 1197 3545 iniuria
1222 3478 1767 3564 pudentissimum
1792 3480 2122 3547 hominem
2142 3500 2396 3545 summa
