2534 3875
341 119 474 182 500
635 116 731 171 DE
769 116 977 171 DOMO
1018 115 1157 172 SUA
1192 115 1292 169 AD
1331 113 1758 170 PONTIFICES
1797 113 2082 169 ORATIO.

339 267 640 346 negaret,
693 261 905 346 primo
962 283 1031 324 se
1086 260 1444 324 luminibus
1501 259 1638 324 eius
1694 281 1836 323 esse
1884 260 2373 324 obstructurum

343 351 732 416 minabatur.
789 348 1203 413 Adfirmabat
1230 346 1583 413 Postumus
1614 370 1682 411 se
1711 347 1862 413 vivo
1889 347 2076 412 illam
2105 348 2375 414 domum

340 440 532 504 istius
569 459 927 522 numquam
961 437 1269 501 futuram.
1343 436 1593 501 Acutus
1632 436 2008 501 adulescens
2048 459 2127 500 ex
2165 437 2374 520 ipsius

344 549 640 592 sermone
711 526 1069 610 intellexit,
1152 524 1307 609 quid
1379 524 1521 589 fieri
1595 528 1955 608 oporteret;
2036 525 2373 590 hominem

342 638 589 680 veneno
638 614 1043 699 apertissime
1090 614 1382 695 sustulit,
1428 613 1587 676 emit
1633 614 1894 677 domum
1932 613 2376 678 licitatoribus
2402 635 2426 675 5

344 704 722 788 defatigatis
777 724 979 788 prope
1027 701 1294 766 dimidio
1341 703 1554 766 carius
1563 752 1582 785 ,
1638 724 1832 785 quam
1879 702 2378 767 aestimabatur.

238 792 666 868 116Quorsum
729 791 931 877 igitur
994 791 1155 855 haec
1220 791 1432 854 oratio
1497 790 1827 875 pertinet?
1937 789 2190 855 Domus
2259 790 2378 854 illa

343 903 489 946 mea
542 901 745 965 prope
800 883 945 943 tota
989 900 1192 944 vacua
1238 881 1365 961 est3
1421 878 1530 942 vix
1575 901 1728 962 pars
1777 878 2031 942 aedium
2078 901 2378 943 mearum

342 970 592 1034 decima
646 967 728 1031 ad
773 965 995 1052 Catuli
1046 967 1374 1050 porticum
1431 966 1720 1032 accessit.
1810 965 2026 1031 Causa
2070 966 2198 1031 fuit
2245 990 2378 1032 am·

343 1057 595 1122 bulatio
650 1059 716 1119 et
772 1060 1264 1120 monumentum
1327 1059 1392 1119 et
1443 1055 1574 1119 ista
1618 1054 2000 1140 Tanagraea
2057 1077 2379 1140 oppressa
2403 1078 2448 1117 ιο

345 1146 651 1209 libertate
696 1143 1017 1208 Libertas
1108 1143 1185 1208 In
1230 1142 1491 1208 Palatio
1537 1143 1976 1226 pulcherrimo
2022 1149 2378 1228 prospectu

344 1233 668 1318 porticum
736 1253 882 1296 cum
946 1232 1362 1296 conclavibus
1427 1233 1943 1315 pavimentatam
2007 1235 2378 1297 trecentum

344 1321 581 1406 pedum
641 1320 1083 1404 concupierat,
1148 1320 1622 1404 amplissimum
1676 1321 2090 1404 peristylum,
2155 1324 2377 1385 cetera

346 1409 483 1474 eius
548 1408 752 1491 modi,
813 1408 1009 1472 facile
1071 1413 1145 1472 ut
1208 1407 1499 1472 omnium
1564 1408 1789 1474 domos
1854 1413 1922 1472 et
1977 1409 2253 1472 laxitate
2311 1413 2378 1473 et

348 1497 665 1582 dignitate
730 1500 1085 1582 superaret.
1183 1496 1274 1560 Et
1335 1497 1532 1561 homo
1588 1497 1936 1583 religiosus
1991 1519 2137 1561 cum
2195 1498 2376 1561 aedis
2406 1520 2452 1558 15

346 1608 525 1650 meas
596 1585 768 1649 idem
840 1587 1079 1649 emeret
1154 1589 1220 1648 et
1282 1585 1615 1668 venderet,
1687 1589 1909 1650 tamen
1970 1584 2102 1650 illis
2169 1588 2378 1650 tantis

347 1673 633 1738 tenebris
700 1695 832 1737 non
906 1677 1006 1737 est
1073 1694 1267 1737 ausus
1333 1694 1523 1737 suum
1586 1695 1826 1738 nomen
1889 1673 2210 1758 emptioni
2275 1675 2378 1738 illi

348 1763 729 1826 adscribere.
792 1760 1023 1826 Posuit
1067 1759 1410 1826 Scatonem
1456 1761 1663 1843 illum,
1709 1762 2038 1827 hominem
2085 1785 2206 1827 sua
2254 1763 2378 1826 vir-

347 1855 486 1914 tute
551 1854 876 1934 egentem,
939 1853 1014 1913 ut
1066 1850 1151 1932 is,
1216 1850 1329 1933 qui
1387 1851 1456 1913 in
1510 1849 1774 1929 Marsis,
1837 1851 1950 1914 ubi
2003 1854 2199 1914 natus
2259 1856 2379 1934 est,

348 1942 625 2022 tectum,
661 1961 787 2022 quo
835 1940 1063 2003 imbris
1110 1939 1362 2003 vitandi
1399 1961 1595 2003 causa
1633 1940 2018 2022 succederet,
2062 1940 2197 2004 iam
2233 1942 2379 2005 nul·
2409 1964 2458 2002 20

348 2030 484 2092 lum
529 2028 827 2109 haberet,
886 2026 1062 2091 aedis
1110 2028 1180 2091 in
1224 2026 1482 2092 Palatio
1529 2028 1972 2093 nobilissimas
2020 2029 2260 2093 emisse
2307 2052 2379 2094 se

349 2116 607 2180 diceret.
714 2078 1098 2184 Inferiorem
1166 2115 1420 2179 aedium
1482 2120 1740 2200 partem
1805 2116 2179 2201 adsignavit
2242 2140 2380 2183 non

350 2226 504 2269 suae
543 2203 725 2289 genti
760 2203 1091 2287 Fonteiae,
1138 2204 1251 2267 sed
1289 2202 1572 2286 Clodiae,
1619 2226 1812 2288 quam
1851 2205 2134 2288 reliquit,
2181 2228 2375 2289 quem

347 2292 417 2356 in
461 2313 800 2357 numerum
846 2314 926 2356 ex
970 2291 1196 2355 multis
1235 2290 1482 2357 Clodiis
1527 2314 1718 2357 nemo
1754 2313 1993 2357 nomen
2029 2293 2208 2359 dedit
2245 2295 2373 2359 nisi

244 2381 329 2444 45
351 2384 465 2445 aut
502 2384 793 2465 egestate
832 2384 946 2444 aut
984 2382 1219 2445 scelere
1255 2380 1564 2465 perditus
1618 2381 1806 2446 Hanc
1842 2403 1978 2463 vos,
2013 2382 2378 2482 pontificeS,
2407 2404 2458 2443 25

349 2472 634 2549 tantam,
705 2472 845 2532 tam
908 2469 1186 2552 variam,
1259 2473 1399 2532 tam
1463 2491 1698 2533 novam
1763 2471 1831 2533 in
1895 2470 2074 2534 omni
2137 2492 2378 2556 genere

348 2556 781 2638 voluntatem,
827 2557 1288 2641 inpudentiam,
1336 2556 1688 2641 audaciam,
1735 2558 2158 2642 cupiditatem
2205 2582 2378 2624 com·

754 2646 789 2695 ‘>

248 2644 878 2815 (45)Ρῐοὴὲξῗὲίῖ’6κ’,
935 2732 1173 2817 inquit,
1239 2732 1512 2798 adfuit?
1603 2734 1755 2799 Non
1816 2738 1882 2799 te
1938 2736 2164 2821 pudet,
2231 2759 2379 2801 cum

248 2790 524 2904 117apud
577 2820 917 2903 pontifices
971 2843 1074 2885 res
1132 2825 1392 2907 agatur,
1444 2822 1817 2907 pontificem
1875 2823 2084 2887 dicere
2131 2828 2200 2889 et
2244 2848 2380 2892 non
2406 2846 2453 2885 30

351 2909 700 2992 collegium
737 2909 1115 2991 pontificum
1144 2909 1446 2988 adfuisse,
1483 2911 1868 2995 praesertim
1899 2934 2043 2977 cum
2070 2913 2379 2978 tribunus

351 2998 439 3082 pl.
494 2998 599 3061 vel
654 2996 1031 3062 denuntiare
1084 2998 1374 3081 potueris
1429 3000 1534 3063 vel
1590 3000 1786 3064 etiam
1841 3002 2117 3084 cogere?
2190 3002 2379 3086 Esto,

352 3085 701 3171 collegium
746 3108 880 3150 non
924 3085 1307 3169 adhibuisti3
1358 3087 1554 3170 quid‘?
1603 3088 1681 3152 de
1726 3088 2004 3174 collegio
2053 3090 2201 3172 quis
2239 3095 2378 3155 tan-

353 3174 499 3237 dem
546 3173 797 3238 adfuit?
871 3173 1048 3259 Opus
1098 3179 1239 3238 erat
1285 3177 1455 3239 em'm
1505 3176 1910 3260 auctoritate,
1956 3199 2122 3261 quae
2171 3183 2271 3243 est
2309 3180 2378 3243 in

353 3261 457 3325 his
495 3262 816 3347 omnfbuS,
854 3263 967 3326 sed
1003 3268 1225 3327 tamen
1262 3267 1459 3346 auget
1497 3269 1562 3328 et
1600 3270 1780 3330 aetas
1818 3269 1885 3329 et
1921 3265 2130 3331 honos
2169 3267 2377 3353 digni·
2400 3283 2446 3324 ³⁵

356 3352 587 3431 tatem3
635 3372 795 3434 opus
845 3354 988 3415 erat
1033 3351 1231 3414 etiam
1279 3352 1564 3435 scientia,
1611 3376 1805 3437 quam
1852 3353 1908 3417 si
1955 3376 2180 3421 omnes
2229 3377 2378 3421 con-

253 3436 564 3507 118secuti
602 3442 771 3520 sunt,
808 3441 1029 3503 tamen
1066 3442 1238 3503 certe
1275 3439 1618 3523 peritiores
1655 3446 1949 3507 vetustas
1984 3442 2161 3509 facit
2220 3442 2378 3519 Quis
