2534 3875
817 165 973 219 CAP.
1002 169 1140 219 6-8
1177 171 1208 229 s
1249 171 1473 220 14—18.
2045 166 2172 230 281

135 312 315 389 tare,
361 308 712 372 sollicitare
750 311 1031 391 poterat,
1069 307 1367 373 audebat.
1421 307 1586 372 Erat
1623 308 1682 372 ei
1719 309 2059 374 consilium
2096 309 2179 374 ad

137 397 405 460 facinus
470 399 724 481 aptum,
789 396 1060 461 consilio
1128 399 1346 460 autem
1408 417 1615 479 neque
1678 418 1909 460 manus
1971 419 2179 482 neque

140 486 384 570 lingua
438 485 674 549 deerat.
765 482 907 548 Iam
957 483 1035 548 ad
1082 487 1295 548 certas
1342 504 1446 548 res
1494 484 1919 548 conficiendas
1967 492 2178 551 certos

140 573 452 638 homines
499 572 779 637 delectos
827 594 902 636 ac
950 571 1307 656 descriptos
1352 571 1654 636 habebat.
1735 570 1961 656 Neque
2007 595 2179 657 ver0,

79 679 110 719 5
143 683 301 726 cum
353 660 599 745 aliquid
643 658 1005 743 mandarat,
1050 659 1414 725 confectum
1460 659 1765 744 putabat3
1809 660 1975 725 nihil
2022 665 2180 745 erat,

145 748 332 832 quod
375 770 505 813 non
551 748 690 833 ipse
739 748 980 831 obiret,
1027 751 1409 830 occurreret,
1453 748 1779 832 vigilaret,
1824 748 2181 834 labora-ret3

145 837 394 921 friguS,
431 836 628 920 sitim,
663 837 904 901 famem
939 836 1109 901 ferre
1145 841 1418 920 poterat.
1482 835 1671 900 Hunc
1701 857 1822 922 ego
1851 835 2181 900 hominem

142 929 294 988 tam
334 945 564 1008 acrem,
612 927 751 988 tam
789 925 1113 1007 audacem,
1151 929 1288 989 tam
1325 927 1648 1008 paratum,
1683 928 1818 988 tam
1855 924 2181 1008 callidum,

144 1017 293 1077 tam
341 1012 410 1076 in
455 1013 695 1078 scelere
741 1012 1145 1097 vigilantem,
1189 1015 1329 1076 tam
1374 1012 1443 1075 in
1487 1012 1761 1096 perditis
1807 1013 2001 1077 rebus
2041 1013 2182 1076 dili-

51 1120 114 1160 10
147 1103 422 1185 gentem
475 1100 604 1164 nisi
650 1122 727 1164 ex
773 1100 1145 1165 domesticis
1191 1100 1449 1164 insidiis
1494 1102 1562 1165 in
1610 1103 1934 1165 castrense
1981 1101 2181 1165 latro-

147 1189 400 1254 cinium
445 1188 899 1273 compulissem
945 1186 1188 1274 (dicam
1232 1188 1317 1271 id,
1363 1187 1535 1272 quod
1572 1189 1799 1272 sentio,
1847 1187 2181 1274 Quirites),

127 1298 294 1342 -non
328 1277 514 1341 facile
550 1276 718 1342 hanc
757 1280 1011 1341 tantam
1041 1277 1279 1340 molem
1309 1275 1468 1340 mali
1496 1299 1537 1339 a
1564 1275 1916 1342 cervicibus
1945 1280 2180 1342 vestris

149 1365 571 1449 depulissem.
668 1363 822 1429 Non
884 1363 998 1428 ille
1062 1364 1252 1429 nobis
1311 1362 1681 1428 Saturnalia
1735 1365 2183 1430 constituisset

145 1474 368 1537 neque
438 1455 626 1517 tanto
703 1456 856 1516 ante
920 1452 1102 1516 exitii
1167 1474 1241 1516 ac
1305 1451 1430 1516 fati
1494 1452 1663 1516 diem
1726 1453 1823 1516 rei
1882 1454 2181 1536 publicae

51 1561 112 1600 15
149 1541 672 1605 denuntiavisset
721 1561 930 1624 neque
986 1540 1443 1622 commisisset,
1498 1543 1573 1603 ut
1618 1540 1905 1625 signum,
1958 1544 2035 1605 ut
2078 1542 2182 1604 lit-

145 1634 341 1693 terae
401 1649 553 1692 suae
597 1631 801 1693 testes
848 1628 1182 1692 manifesti
1229 1627 1490 1691 sceleris
1538 1627 2181 1713 deprehenderentur.

151 1715 342 1792 Quae
395 1738 566 1781 nunc
611 1717 722 1781 illo
773 1716 1042 1780 absente
1089 1715 1181 1780 sic
1228 1719 1419 1801 gesta
1464 1719 1640 1798 sunt,
1696 1719 1771 1779 ut
1814 1716 2070 1779 nullum
2115 1717 2183 1780 in

147 1805 422 1890 privata
458 1805 650 1869 domo
687 1804 936 1868 furtum
962 1825 1271 1886 umquam
1300 1804 1387 1867 sit
1414 1807 1553 1866 tam
1580 1802 1799 1886 palam
1830 1804 2183 1886 inventum,

149 1914 359 1978 quam
412 1892 572 1958 haec
623 1896 812 1958 tanta
862 1894 931 1957 in
987 1913 1056 1956 re
1110 1892 1373 1977 publica
1429 1891 1789 1957 coniuratio
1836 1890 2181 1957 manifesto

52 2003 114 2043 20
147 1984 426 2047 inventa
471 1986 666 2065 atque
703 1981 1100 2065 deprebensa
1136 1984 1252 2044 est.
1318 1978 1562 2055 Quodsi
1598 1979 1883 2045 Catilina
1918 1981 1989 2044 in
2024 1982 2183 2045 urbe

151 2072 242 2135 ad
280 2070 450 2135 hanc
487 2070 657 2135 diem
692 2070 1129 2151 remansisset,
1175 2090 1585 2152 quamquam,
1623 2068 1833 2152 quoad
1870 2068 2014 2147 fuit,
2053 2090 2180 2133 om·

148 2158 354 2224 nibus
411 2159 548 2222 eius
603 2156 890 2223 consiliis
947 2157 1194 2221 occurri
1250 2161 1446 2241 atque
1502 2157 1755 2240 obstiti,
1808 2161 2056 2240 tamen,
2109 2160 2183 2219 ut

149 2246 490 2312 levissime
547 2245 781 2329 dicam,
837 2244 1271 2309 dimicandum
1324 2245 1515 2309 nobis
1571 2267 1717 2309 cum
1770 2245 1889 2308 illo
1934 2244 2183 2327 fuisset,

146 2355 370 2417 neque
433 2356 552 2399 nos
617 2355 951 2416 umquam,
1015 2353 1159 2397 cum
1223 2333 1337 2397 ille
1391 2333 1459 2397 in
1513 2333 1672 2396 urbe
1727 2332 1937 2397 hostis
1994 2335 2183 2416 esset,

53 2444 116 2485 25
151 2422 368 2486 tantis
413 2422 716 2507 periculis
761 2443 898 2486 rem
942 2421 1269 2505 publicam
1316 2424 1506 2485 tanta
1550 2441 1734 2504 pace,
1791 2424 1979 2485 tanto
2027 2421 2182 2503 otio,

145 2514 350 2575 tanto
397 2511 658 2575 silentio
704 2509 1180 2574 liberassemus.

300 2596 706 2682 Quamquam
764 2598 923 2661 haec
962 2598 1220 2679 -omnia,
1277 2595 1589 2679 Quirites,
1641 2597 1737 2660 ita
1796 2600 1948 2660 sunt
1994 2618 2034 2661 a
2078 2619 2181 2661 me
2220 2579 2259 2642 8

151 2686 640 2768 administrata,
683 2689 760 2749 ut
806 2684 1070 2749 deorum
1115 2684 1562 2749 inmortalium
1606 2688 1767 2748 nutu
1806 2688 2002 2769 atque
2037 2706 2182 2749 con-

151 2775 315 2839 silio
371 2778 434 2837 et
491 2777 678 2859 gesta
735 2776 801 2837 et
845 2772 1108 2857 provisa
1153 2794 1295 2837 esse
1338 2772 1700 2837 videantur.
1788 2773 1992 2856 quue
2037 2794 2182 2837 cum

53 2887 118 2925 so
153 2862 534 2929 coniectura
563 2861 868 2944 consequi
895 2882 1258 2945 possumuS,
1294 2860 1465 2944 quod
1491 2860 1602 2925 vix
1630 2861 1886 2926 videtur
1913 2860 2180 2925 humani

154 2950 426 3017 consilii
461 2954 795 3015 tantarum
831 2970 1047 3013 rerum
1085 2948 1470 3034 gubernatio
1511 2970 1650 3013 esse
1686 2948 1996 3033 potuisse,
2040 2952 2182 3012 tum

151 3059 320 3104 vero
366 3038 461 3102 ita
505 3039 877 3123 praesentes
922 3036 1025 3099 his
1072 3037 1474 3120 temporibus
1522 3057 1711 3121 opem
1758 3040 1824 3101 et
1870 3035 2183 3100 auxilium

149 3126 357 3192 nobis
412 3126 730 3209 tulerunt,
789 3128 864 3188 ut
910 3145 1020 3189 eos
1065 3145 1268 3209 paene
1316 3123 1520 3190 oculis
1564 3124 1781 3190 videre
1826 3145 2183 3209 possemus.

150 3214 342 3280 Nam
405 3219 479 3278 ut
540 3214 656 3279 illa
721 3212 1051 3295 omittam,
1122 3212 1297 3276 visas
1360 3215 1678 3276 nocturno
1743 3215 2035 3297 tempore
2099 3210 2181 3275 ab

53 3323 120 3364 35
154 3302 496 3369 occidente
541 3302 714 3367 faces
763 3300 1186 3384 ardoremque
1229 3300 1411 3378 caeli,
1456 3303 1531 3362 ut
1573 3299 1920 3363 fulminum
1956 3300 2183 3382 iactuS,

149 3396 236 3455 ut
286 3394 500 3454 terrae
544 3395 760 3454 motus
806 3388 1197 3471 relinquam,
1251 3391 1329 3451 ut
1374 3387 1675 3453 omittam
1721 3391 1960 3471 cetera,
2020 3408 2184 3471 quae

149 3485 306 3545 tarn
353 3478 560 3543 multa
603 3477 792 3543 nobis
841 3476 1210 3542 consulibus
1256 3475 1435 3540 facta
1473 3478 1641 3559 sunt,
1687 3479 1760 3540 ut
1794 3474 1972 3561 haec,
2020 3496 2183 3559 quae

2220 856 2285 905 17

2221 2654 2286 2703 18
