2534 3875
778 168 934 223 CAP.
973 175 1183 223 31—33
1223 174 1254 235 ς
1294 173 1398 221 89-
1437 173 1521 222 95.
2082 168 2167 232 69

147 307 258 371 nisi
299 308 488 374 docet
535 310 634 375 ita
690 332 761 375 se
806 312 1202 396 possedisse,
1255 317 1329 376 ut
1369 333 1489 376 nec
1534 311 1601 377 vi
1647 332 1767 376 nec
1823 312 1995 376 clam
2050 334 2169 377 nec

147 397 414 477 precario
456 398 846 484 possederit.
925 398 1154 484 Itaque
1190 400 1267 483 is,
1317 400 1429 484 qui
1464 420 1535 464 se
1572 399 1939 465 restituisse
1986 399 2167 481 dixit,

143 505 364 570 magna
406 508 576 552 voce
623 508 819 572 saepe
866 487 1161 552 confiteri
1215 488 1387 552 solet
1436 508 1505 551 se
1550 487 1619 551 vi
1674 486 2008 571 deiecisse,
2065 509 2168 552 ve·

140 593 268 637 rum
302 572 475 639 illud
517 575 725 640 addit:
774 573 958 647 ‘Non
995 575 1411 661 possidebat'
1450 575 1555 640 vel
1596 574 1813 659 etiam,
1856 597 2003 641 cum
2039 575 2166 642 hoc

102 660 338 742 ⁵ipsum
387 663 735 746 concessit,
782 662 987 728 vincit
1031 668 1254 729 tamen
1300 662 1747 749 sponsionem,
1794 663 1852 727 si
1894 664 2168 746 planum

135 747 278 813 facit
325 751 411 817 ab
464 772 537 815 se
573 751 766 816 illum
813 755 928 815 aut
974 752 1039 815 vi
1084 756 1199 816 aut
1235 753 1408 817 clam
1446 755 1561 815 aut
1605 751 1900 837 precario
1946 772 2166 836 posse·

134 835 308 902 disse.
409 838 785 923 Videtisne,
850 843 1011 924 quot
1061 840 1550 906 defensionibus
1606 860 1781 925 eum,
1850 841 1964 924 qui
2025 840 2165 904 sine
2204 857 2273 906 93

132 925 320 989 armis
369 950 452 991 ac
511 927 930 992 multitudine
979 928 1110 993 vim
1164 927 1420 1011 fecerit,
1478 928 1579 992 uti
1632 948 1826 1013 posse
1882 926 2165 992 maiores

131 1013 504 1081 voluerint?
568 1014 761 1080 Hunc
793 1038 965 1099 vero,
1004 1016 1115 1101 qui
1152 1017 1236 1081 ab
1274 1017 1433 1099 iure,
1471 1015 1708 1100 officio,
1745 1016 1937 1081 bonis
1974 1015 2169 1081 mori-

73 1112 110 1150 10
131 1099 241 1166 bus
301 1104 388 1167 ad
435 1104 713 1186 ferrum,
763 1103 846 1168 ad
901 1126 1108 1189 arma,
1168 1106 1250 1169 ad
1305 1104 1567 1169 caedem
1614 1103 2003 1191 confugerit,
2048 1126 2168 1169 nu-

131 1188 273 1254 dum
318 1190 395 1256 in
444 1214 645 1257 causa
691 1192 1078 1257 destitutum
1124 1191 1389 1276 videtis,
1434 1196 1533 1275 ut,
1590 1193 1703 1277 qui
1749 1196 2042 1258 armatus
2090 1192 2168 1257 de

128 1280 546 1360 possessione
592 1280 1056 1364 contendisset,
1114 1281 1405 1345 inermus
1450 1281 1643 1365 plane
1689 1280 1769 1345 de
1816 1280 2166 1365 sponsione

130 1369 427 1433 certaret.
520 1368 774 1452 Ecquid
819 1368 1024 1454 igitur
1066 1368 1369 1452 interest,
1415 1368 1596 1450 Piso,
1645 1367 1816 1434 inter
1862 1370 2024 1434 haec
2066 1368 2165 1432 in-

36 1436 39 1521 f
129 1454 456 1521 terdicta?
509 1456 738 1541 ecquid
793 1457 1091 1539 interest,
1149 1461 1373 1521 utrum
1429 1456 1498 1521 in
1552 1456 1677 1521 hoc
1731 1458 1819 1521 sit
1874 1455 2165 1521 additum

36 1528 39 1627 ξ
69 1551 106 1590 1⁵
129 1539 286 1608 ‘cun
327 1544 417 1609 Α.
451 1540 766 1609 CAEomA
802 1544 1254 1610 PossmEREr'
1293 1545 1539 1609 necne?
1604 1544 1855 1629 Ecquid
1891 1548 1959 1610 te
1996 1544 2164 1609 ratio

36 1630 38 1665 ÷
128 1628 280 1695 iuris
290 1682 310 1716 ,
377 1632 608 1717 ecquid
659 1632 1157 1698 interdictorum
1203 1632 1696 1713 dissimilitudo,
1747 1632 1977 1716 ecquid
2022 1653 2167 1697 auc·

129 1720 366 1785 toritas
413 1720 738 1785 maiorum
779 1722 1188 1788 commovet?
1265 1720 1338 1786 Si
1385 1724 1560 1786 esset
1604 1719 1919 1805 additum,
1963 1720 2042 1784 de
2088 1741 2166 1784 eo

131 1809 359 1889 quaeri
407 1813 767 1893 oporteret;
824 1809 1118 1874 additum
1163 1831 1299 1874 non
1346 1812 1473 1893 est,
1527 1812 1752 1873 tamen
1798 1807 2167 1893 oportebit?

131 1894 349 1981 Atque
421 1918 546 1984 ego
601 1897 669 1962 in
730 1897 856 1964 hoc
913 1895 1260 1963 Caecinam
1325 1919 1460 1963 non
1513 1895 1815 1981 defend03
1876 1896 2170 1982 possedit
2204 1912 2275 1964 94

73 1991 112 2030 2⁰
135 1985 301 2052 enim
343 1983 642 2069 Caecina,
687 1990 1204 2072 recuperatores3
1251 1989 1320 2050 et
1358 1986 1445 2069 id,
1490 1985 1756 2050 tametsi
1794 1990 1980 2050 extra
2023 2007 2168 2050 cau-

134 2093 270 2139 sam
330 2079 462 2158 est,
517 2096 890 2158 percurram
935 2078 1160 2140 tamen
1213 2074 1425 2156 brevi,
1480 2077 1556 2138 ut
1598 2096 1732 2139 non
1785 2073 1999 2138 minus
2054 2074 2167 2138 ho-

135 2161 376 2227 minem
430 2163 647 2247 ipsum
704 2185 900 2248 quam
963 2163 1066 2228 ius
1132 2183 1472 2228 commune
1528 2161 1866 2227 defensum
1928 2161 2168 2227 velitis,

135 2246 566 2316 Caesenniam
638 2251 1009 2336 possedisse
1082 2255 1356 2336 propter
1423 2271 1614 2315 usum
1675 2249 1964 2315 fructum
2034 2270 2169 2314 non

133 2358 354 2425 negaS.
449 2339 575 2414 Qui
620 2341 892 2406 colonus
949 2338 1182 2404 habuit
1235 2339 1625 2404 conductum
1682 2338 1760 2403 de
1807 2336 2168 2402 Caesennia

71 2434 110 2474 2⁵
133 2425 435 2509 fundum,
497 2449 644 2492 cum
699 2427 870 2492 idem
925 2449 1005 2493 ex
1065 2427 1293 2491 eadem
1350 2427 1776 2492 conductione
1839 2425 2037 2490 fuerit
2100 2426 2170 2490 in

132 2512 355 2597 fundo,
401 2515 669 2579 dubium
710 2521 828 2600 est,
875 2515 1054 2600 quin,
1099 2517 1156 2579 si
1193 2513 1553 2580 Caesennia
1597 2519 1737 2579 tum
1774 2513 2169 2598 possidebat,

135 2623 278 2668 cum
329 2607 473 2667 erat
518 2604 787 2668 colonus
841 2604 910 2668 in
963 2603 1166 2668 fundo
1176 2654 1194 2686 ,
1247 2606 1403 2688 post
1448 2602 1585 2667 eius
1642 2607 1923 2668 mortem
1979 2603 2168 2667 heres

135 2691 362 2758 eodem
408 2691 546 2755 iure
582 2692 989 2775 possederit?
1065 2691 1315 2756 Deinde
1360 2691 1501 2775 ipse
1539 2690 1817 2756 Caecina
1858 2713 2006 2756 cum
2051 2690 2169 2756 cir-

135 2779 346 2844 cuiret
389 2780 671 2863 praedia,
715 2781 896 2845 venit
939 2781 1009 2844 in
1052 2780 1256 2844 istum
1299 2778 1594 2862 fundum,
1639 2779 1930 2845 rationes
1978 2801 2019 2844 a
2064 2801 2169 2844 co-

70 2874 111 2916 30
135 2867 290 2932 lono
348 2867 614 2951 accepit.
705 2865 873 2932 Sunt
927 2869 997 2932 in
1051 2890 1195 2933 eam
1251 2889 1389 2932 rem
1443 2867 1837 2933 testimonia.
1928 2867 2169 2932 Postea
2206 2881 2275 2932 95

135 2978 249 3022 cur
289 2959 380 3039 tu,
427 2954 693 3039 Aebuti,
739 2956 816 3020 de
859 2957 992 3022 isto
1038 2956 1258 3041 potius
1304 2955 1507 3020 fundo
1547 2977 1741 3040 quam
1790 2957 1868 3021 de
1914 2955 2066 3039 alio,
2112 2955 2171 3020 si

137 3066 331 3128 quem
387 3043 620 3128 habes,
683 3043 998 3109 Caecinae
1058 3043 1517 3127 denuntiabaS,
1580 3043 1638 3109 si
1697 3042 1975 3109 Caecina
2036 3065 2169 3108 non

137 3131 558 3218 possidebat?
638 3131 791 3218 Ipse
844 3154 1042 3217 porro
1090 3131 1370 3198 Caecina
1423 3154 1536 3197 cur
1594 3155 1662 3197 se
1719 3132 2011 3196 moribus
2067 3131 2170 3195 de·

137 3221 282 3286 duci
309 3219 576 3285 volebat
609 3220 804 3304 idque
841 3221 968 3285 tibi
1007 3221 1084 3284 de
1122 3221 1480 3286 amicorum
1520 3219 1627 3300 [de
1663 3220 1769 3284 his
1806 3221 1885 3284 de
1915 3217 2167 3303 Aquili]

70 3319 112 3361 ³⁵
139 3308 466 3374 sententia
510 3309 938 3394 responderat
983 3313 1050 3373 et
1096 3331 1377 3393 aequum
1414 3357 1606 3373 .....

271 3396 366 3462 At
413 3397 586 3462 enim
633 3396 818 3462 Sulla
855 3398 1069 3482 legem
1112 3397 1287 3461 tulit.
1370 3394 1466 3461 Ut
1510 3395 1672 3460 nihil
1719 3393 1797 3457 de
1843 3393 1962 3458 illo
2009 3397 2168 3459 tem·
2190 3392 2277 3458 33

139 3507 314 3571 pore,
357 3484 526 3549 nihil
571 3486 651 3551 de
689 3485 1065 3550 calamitate
1106 3485 1202 3550 rei
1236 3483 1539 3570 publicae
1578 3481 1830 3567 querar,
1874 3480 2001 3544 hoc
2046 3480 2171 3544 tibi
2315 3510 2329 3522 ·-
