2534 3875
330 187 458 252 150
849 184 993 240 PRO
1032 185 1099 239 A.
1139 184 1501 241 CLUENTIO
1542 183 1834 240 ORATIO.

327 332 476 397 dam
524 334 590 395 et
633 330 937 430 plausum
973 329 1359 414 popularem
1408 349 1548 393 esse
1597 328 1983 412 quaesitum.
2073 327 2248 393 Nam
2292 328 2365 393 in

324 420 397 485 P.
433 418 779 504 Popilium,
827 417 941 501 qui
977 417 1410 502 Oppianicum
1448 415 1930 501 condemnarat,
1973 417 2365 500 subscripsit

322 508 395 573 L.
443 506 742 590 Gellius,.
781 505 954 590 quod
1015 506 1074 569 is
1134 504 1478 590 pecuniam
1527 504 1925 605 accepisset,
1989 526 2117 587 quo
2177 506 2363 571 inno-

323 600 576 662 centem
636 594 1110 661 condemnaret.
1203 591 1347 657 Iam
1399 592 1468 657 id
1522 593 1735 678 ipsum
1784 596 2066 677 quantae
2115 592 2363 659 divina-

323 684 524 749 tionis
564 687 682 766 est,
720 684 883 747 scire
919 682 1331 747 innocentem
1368 680 1571 746 fuisse
1609 703 1809 762 reum,
1847 703 2038 764 quem
2073 680 2361 746 fortasse
2392 701 2419 743 5

321 794 678 855 numquam
714 771 986 853 viderat,
1032 791 1179 834 cum
1222 770 1524 835 homines
1574 769 2044 853 sapientissimi
2093 769 2362 852 iudiceS,

321 865 398 925 ut
432 860 596 925 nihil
639 859 846 924 dicam
884 858 962 923 de
997 857 1100 940 iis,
1140 858 1251 940 qui
1290 857 1820 940 condemnarunt,
1858 878 2056 921 causa
2093 858 2363 943 cognita

323 949 450 1013 sibi
499 947 799 1011 dixerunt
845 967 978 1011 non
1023 946 1296 1029 liquere!

219 1054 322 1102 132
457 1036 703 1100 Verum
749 1038 921 1117 est03
970 1035 1359 1099 condemnat
1404 1032 1734 1117 Popilium
1782 1032 2056 1116 Gellius,
2114 1034 2360 1099 iudicat

323 1125 648 1209 accepisse
696 1146 735 1187 a
781 1122 1084 1187 Cluentio
1130 1122 1490 1206 pecuniam.
1573 1120 1794 1205 Negat
1838 1121 1964 1186 hoc
2012 1121 2444 1205 Lentulus31o

320 1235 474 1277 nam
517 1211 875 1296 Popilium,
932 1210 1104 1294 quod
1151 1214 1294 1274 erat
1340 1209 1633 1273 libertini
1677 1210 1883 1293 filius,
1935 1210 2006 1274 in
2056 1215 2361 1276 senatum

319 1323 454 1365 non
507 1300 695 1385 legit,
750 1301 966 1364 locum
1023 1298 1286 1382 quidem
1344 1298 1743 1362 senatorium
1799 1298 1969 1363 ludis
2028 1302 2094 1362 et
2141 1303 2361 1363 cetera

323 1391 706 1453 ornamenta
768 1386 1064 1471 reliquit,
1121 1390 1187 1451 et
1251 1408 1399 1450 eum
1460 1385 1637 1450 omni
1688 1385 2051 1471 ignominia
2100 1386 2359 1453 liberat.

322 1476 509 1552 Quod
573 1499 718 1542 cum
780 1475 968 1558 facit,
1031 1474 1279 1539 iudicat
1345 1474 1481 1538 eius
1550 1474 1877 1539 sententia
1940 1475 2147 1560 gratis
2216 1498 2360 1541 esse

322 1564 752 1650 Oppianicum
845 1563 1365 1629 condemnatum.
1491 1562 1583 1628 Et
1664 1562 1938 1627 eundem
2020 1563 2351 1647 Popilium
2383 1582 2434 1623 15

319 1658 554 1738 postea
577 1652 952 1718 Lentulus
933 1674 1004 1715 ιιι
1041 1651 1329 1716 ambitus
1366 1650 1603 1715 iudicio
1640 1673 1760 1735 pro
1790 1652 2166 1717 testimonio
2212 1652 2360 1716 dili—

322 1742 705 1827 gentissime
752 1740 997 1805 laudat.
1088 1738 1327 1822 Quare,
1389 1739 1446 1803 si
1505 1752 1712 1822 neque
1766 1738 1837 1803 L.
1886 1737 2055 1804 Gelli
2115 1740 2359 1806 iudicio

323 1831 509 1895 stetit
553 1830 872 1895 Lentulus
918 1850 1128 1929 neque
1163 1827 1431 1891 Lentuli
1480 1827 1961 1892 existimatione
2010 1832 2357 1894 contentus

319 1918 446 1988 fuit
507 1916 788 2002 Gellius,
851 1920 915 1982 et
977 1917 1035 1981 si
1092 1919 1365 2000 uterque
1420 1938 1649 1981 censor
1703 1916 1987 1982 censoris
2050 1916 2359 2001 opinione

322 2007 626 2072 standum
681 2029 814 2072 non
867 2005 1154 2090 putavit,
1209 2005 1365 2089 quid
1421 2009 1548 2088 est,
1603 2027 1799 2088 quam
1857 2005 1941 2069 ob
1996 2027 2134 2069 rem
2182 2009 2359 2090 quis·
2389 2025 2444 2064 20

322 2119 518 2180 quam
581 2100 882 2160 nostrum
949 2093 1278 2159 censorias
1344 2093 1852 2177 subscriptiones
1910 2115 2135 2160 omnes
2189 2095 2358 2160 fixas

321 2188 388 2248 et
433 2185 504 2248 in
548 2187 938 2268 perpetuum
986 2185 1166 2246 ratas
1212 2185 1403 2264 putet
1451 2202 1593 2246 esse
1640 2182 1986 2264 oportere?

213 2266 300 2330 48
475 2272 566 2336 At
608 2272 680 2335 in
725 2271 943 2354 ipsum
987 2268 1310 2334 Habitum
1368 2268 1982 2335 animadverterunt.
2084 2269 2359 2336 Nullam

217 2344 318 2392 133
340 2360 599 2443 quidem
648 2359 731 2424 ob
779 2357 1271 2442 turpitudinem,
1316 2358 1571 2422 nullum
1618 2357 1701 2422 ob
1748 2358 1955 2422 totius
2003 2358 2177 2423 vitae
2224 2381 2358 2424 non

321 2447 533 2513 dicam
578 2448 831 2529 vitium,
879 2446 991 2510 sed
1037 2450 1343 2510 erratum.
1426 2443 1653 2529 Neque
1701 2446 1874 2510 enim
1918 2447 2043 2511 hoc
2088 2447 2357 2512 homine
2388 2463 2441 2505 25

321 2535 609 2600 sanctior
651 2556 862 2618 neque
908 2535 1178 2617 probior
1220 2555 1429 2617 neque
1474 2534 1544 2597 in
1592 2535 1892 2599 omnibus
1930 2534 2164 2598 officiis
2202 2536 2358 2600 reti-

318 2622 547 2686 nendis
618 2623 1000 2707 diligentior
1058 2644 1197 2686 esse
1260 2623 1605 2706 quisquam
1665 2626 1915 2707 potest3
1982 2644 2191 2706 neque
2253 2624 2357 2688 illi

321 2710 513 2775 aliter
550 2710 790 2794 dicunt,
828 2711 942 2774 sed
981 2711 1253 2775 eandem
1292 2710 1477 2775 illam
1512 2709 1761 2775 famam
1797 2711 2021 2775 iudicii
2058 2712 2356 2795 corrupti

322 2799 529 2863 secuti
583 2801 762 2881 sunt3
820 2820 1031 2881 neque
1086 2799 1216 2883 ipsi
1272 2819 1454 2862 secus
1513 2798 1920 2881 existimant,
1980 2821 2173 2883 quam
2230 2822 2354 2865 nos

321 2885 681 2950 existimari
706 2887 1009 2951 volumus
1039 2886 1116 2950 de
1145 2886 1339 2950 huius
1368 2885 1633 2971 pudore,
1660 2887 2060 2973 integritate,
2087 2888 2356 2972 virtute,
2385 2903 2443 2944 ³0

322 2975 435 3039 sed
490 2978 808 3060 putarunt
860 2975 1303 3057 praetermitti
1360 2979 1799 3040 accusatorem
1853 2996 1987 3040 non
2040 2975 2353 3060 potuisse,

320 3084 468 3127 cum
506 3062 1029 3128 animadversum
1068 3063 1288 3127 esset
1267 3085 1339 3126 ιιι
1365 3063 1627 3128 iudices.
1692 3062 1835 3139 Qua
1862 3064 1939 3127 de
1968 3085 2039 3128 re
2071 3061 2267 3151 [tota]
2298 3065 2357 3128 si

319 3173 521 3216 unum
578 3150 829 3216 factum
897 3173 976 3216 ex
1036 3151 1216 3216 omni
1277 3151 1669 3235 antiquitate
1728 3152 2063 3236 protulero
2076 3202 2093 3235 ,
2160 3153 2355 3237 plura

215 3254 316 3304 134
336 3261 469 3304 non
535 3239 761 3304 dicam.
862 3238 1014 3304 Non
1078 3240 1248 3304 enim
1316 3239 1480 3304 mihi
1550 3241 1919 3322 exemplum
1984 3241 2224 3305 summi
2290 3245 2357 3305 et

319 3327 665 3392 clarissimi
701 3327 845 3411 viri,
881 3326 950 3393 P.
980 3327 1292 3407 Africani,
1328 3328 1871 3411 praetereundum
1907 3326 2193 3408 videtur3
2243 3329 2357 3412 qui
2384 3343 2442 3386 35

318 3423 463 3480 cum
529 3419 700 3480 esset
764 3437 992 3482 censor
1057 3418 1124 3480 et
1184 3416 1256 3479 ιιι
1321 3416 1613 3501 equitum
1677 3437 1873 3481 censu
1939 3413 2010 3480 O.
2064 3416 2356 3482 Licinius

319 3499 631 3569 Sacerdos
677 3505 1023 3589 prodisset,
1069 3503 1244 3569 clara
1290 3526 1464 3589 voce,
1501 3505 1576 3568 ut
1624 3504 1834 3568 omnis
1872 3504 2090 3570 contio
2130 3505 2357 3571 audire
