2534 3875
266 248 272 253 ,
319 174 449 237 186
787 172 887 227 DE
931 172 1116 227 LEGE
1155 172 1485 227 AGRARIA
1524 170 1793 227 ORATIO
1830 172 1871 228 L

205 336 272 385 23
311 318 682 403 cogitarint.
770 315 1090 401 ErrastiS,
1135 316 1359 400 Rulle,
1404 317 1822 381 vehementer
1866 321 1934 381 et
1978 320 2050 381 tu
2100 321 2167 381 et
2211 338 2347 382 non

310 406 478 471 nulli
523 406 816 491 collegae
863 406 988 489 tui,
1047 406 1157 490 qui
1205 406 1519 490 sperastis
1567 427 1685 470 vos
1732 408 1962 470 contra
2006 400 2347 469 consulem

311 494 618 572 veritate,
679 516 814 558 non
867 493 1305 558 ostentatione
1359 494 1744 594 popularem
1797 514 1990 576 posse
2036 493 2107 556 in
2162 515 2347 558 ever-

312 583 510 647 tenda
560 604 634 646 re
692 582 955 666 publica
1007 582 1359 667 populares
1410 581 1788 647 existimari.
1878 580 2159 647 Lacesso
2198 604 2346 663 VOS,

312 672 382 735 in
437 671 809 736 contionem
852 691 1046 753 voco,
1100 670 1344 770 populo
1400 670 1695 735 Romano
1752 670 2189 771 disceptatore
2244 670 2346 735 uti
2372 686 2402 727 5

233 763 273 826 8
312 759 482 825 volo.
555 758 838 841 Etenim,
875 762 949 822 ut
986 758 1581 842 circumspiciamus
1620 758 1855 841 omnia,
1892 780 2057 841 quae
2094 758 2345 843 populo

313 851 508 934 grata
562 850 758 931 atque
811 846 1092 912 iucunda
1152 851 1333 930 sunt,
1390 847 1555 910 nihil
1601 851 1737 911 tam
1784 846 2100 931 populare
2147 868 2347 929 quam

312 958 566 1021 pacem,
631 957 828 1019 quam
892 934 1332 1018 concordiam,
1399 957 1594 1019 quam
1658 935 1863 999 otium
1924 935 2347 1019 reperiemus,

315 1022 682 1089 Sollicitam
720 1023 880 1087 mihi
917 1024 1251 1088 civitatem
1290 1023 1675 1107 suspicione,
1722 1044 2107 1107 suspensam
2145 1028 2347 1107 metu,

314 1112 764 1197 perturbatam
817 1112 1056 1177 vestris
1110 1111 1369 1195 legibus
1425 1115 1491 1175 et
1546 1111 1959 1176 contionibus
2004 1115 2072 1175 et
2117 1112 2347 1177 deduc-
2374 1129 2431 1168 10

314 1200 604 1265 tionibus
634 1199 1022 1283 tradidistis3
1052 1221 1233 1284 spem
1261 1200 1580 1284 improbis
1610 1199 2010 1283 ostendistiS,
2034 1200 2348 1265 timorem

315 1288 506 1353 bonis
544 1287 878 1372 iniecistis,
914 1288 1109 1353 fidem
1148 1288 1226 1351 de
1252 1288 1430 1372 foro,
1458 1288 1849 1373 dignitatem
1876 1288 1955 1351 de
1983 1310 2053 1352 re
2081 1289 2348 1371 publica

209 1395 279 1443 24
317 1376 698 1441 sustulistis,
797 1375 940 1442 Hoc
995 1381 1180 1441 motu
1233 1380 1429 1461 atque
1483 1377 1605 1442 hac
1660 1377 2151 1460 perturbatione
2208 1376 2346 1441 ani-

317 1487 573 1530 morum
647 1468 842 1548 atque
914 1486 1131 1529 rerum
1205 1486 1351 1529 cum
1415 1464 1658 1549 populo
1723 1463 2019 1529 Romano
2082 1468 2239 1529 vox'
2278 1469 2347 1529 et

317 1552 672 1618 auctoritas
719 1553 1004 1618 consulis
1051 1557 1319 1637 repente
1364 1552 1435 1616 in
1468 1552 1673 1616 tantis
1710 1552 1997 1617 tenebris
2032 1552 2347 1637 illuxerit,
2374 1568 2429 1610 1⁵

317 1664 462 1706 cum
523 1642 882 1706 ostenderit
936 1640 1102 1715 nihil
1163 1662 1305 1705 esse
1361 1641 1803 1724 metuendum,
1861 1641 2115 1705 nullum
2170 1662 2346 1705 exer-

235 1801 238 1804 ,
317 1730 546 1811 citum,
589 1730 838 1794 nullam
885 1750 1171 1811 manum,
1215 1729 1431 1792 nullas
1479 1730 1789 1811 colonias,
1831 1729 2081 1793 nullam
2127 1729 2346 1793 vendi-

317 1818 565 1881 tionem
612 1818 1048 1901 vectigalium,
1091 1817 1348 1881 nullum
1395 1816 1739 1899 imperium
1782 1838 2041 1901 novum,
2086 1816 2346 1881 nullum

318 1927 588 1991 regnum
646 1905 1099 2006 decemvirale,
1157 1905 1408 1970 nullam
1466 1906 1741 1970 alteram
1798 1904 2076 1970 Romam
2134 1927 2345 1990 neque

319 1995 519 2058 aliam
575 1994 792 2058 sedem
847 1993 1105 2078 imperii
1159 1993 1350 2058 nobis
1407 1987 1780 2058 consulibus
1836 1993 2127 2058 futuram
2174 2015 2347 2058 sum·
2374 2011 2430 2050 2⁰

319 2103 622 2166 mamque
679 2081 1230 2166 tranquillitatem
1292 2082 1473 2166 pacis
1529 2087 1723 2166 atque
1770 2081 1915 2165 otii,
1971 2082 2345 2183 verendum,

320 2171 530 2272 credo,
572 2170 764 2235 nobis
812 2170 954 2252 erit,
998 2191 1080 2234 ne
1117 2173 1339 2234 vestra
1383 2171 1514 2234 ista
1558 2169 1895 2254 praeclara
1939 2170 2045 2234 lex
2082 2171 2348 2254 agraria

211 2277 281 2325 25
320 2260 532 2346 magis
603 2257 940 2343 popularis
1015 2279 1156 2322 esse
1228 2258 1543 2322 videatur.
1651 2256 1814 2322 Cum
1878 2279 2032 2322 vero
2098 2259 2349 2324 scelera

321 2347 742 2412 consiliorum
795 2350 1165 2410 vestrorum
1224 2345 1647 2430 fraudemque
1708 2345 1872 2430 legis
1933 2350 2001 2410 et
2053 2346 2348 2430 insidias,

323 2455 486 2519 quae
562 2434 692 2516 ipsi
763 2435 1008 2518 populo
1079 2434 1378 2499 Romano
1452 2456 1493 2497 a
1562 2435 1988 2518 popularibus
2060 2435 2343 2499 tribunis
2374 2431 2467 2490 2⁵*

319 2522 532 2604 plebis
579 2522 769 2604 fiant,
825 2522 1167 2586 ostendero
1179 2572 1196 2604 ,
1251 2521 1734 2606 pertimescam,
1790 2522 2007 2604 credo,
2052 2544 2135 2586 ne
2180 2522 2349 2588 mihi

318 2631 453 2673 non
500 2609 697 2673 liceat
741 2615 970 2674 contra
1012 2631 1132 2675 vos
1178 2611 1248 2673 in
1294 2610 1593 2674 contione
1639 2609 2011 2692 consistere,
2055 2631 2348 2693 praeser-

320 2696 442 2760 tim
516 2719 663 2761 cum
736 2697 899 2760 mihi
971 2697 1401 2762 deliberatum
1474 2701 1542 2762 et
1605 2697 2034 2762 constitutum
2098 2699 2189 2763 sit
2249 2699 2351 2763 ita

319 2805 545 2869 gerere
610 2785 1046 2868 consulatum,
1111 2806 1237 2868 quo
1301 2807 1430 2850 11110
1487 2788 1679 2850 1110ᾶο
1736 2786 1876 2872 geri
1932 2787 2223 2871 graviter
2281 2790 2351 2851 et

321 2873 525 2937 libere
588 2877 832 2956 potest,
897 2877 971 2936 ut
1031 2894 1239 2956 neque
1298 2873 1703 2956 provinciam
1758 2895 1967 2958 neque
2030 2875 2350 2940 honorem
2376 2891 2431 2932 8⁰

320 2983 528 3045 neque
603 2965 1057 3025 ornamentum
1129 2961 1395 3044 aliquod
1467 2966 1582 3025 aut
1653 2962 2066 3026 commodum
2137 2985 2348 3048 neque

324 3071 460 3114 rem
525 3049 757 3132 ullam,
825 3069 988 3133 quae
1055 3071 1096 3112 a
1158 3049 1422 3114 tribuno·
1484 3049 1695 3134 plebis
1760 3049 2062 3134 impediri
2114 3053 2351 3136 possit,

216 3154 284 3204 26
325 3139 732 3222 appetiturus
793 3136 936 3201 sim.
1025 3136 1203 3202 Dicit
1253 3136 1783 3220 frequentissimo
1840 3143 2073 3203 senatu
2120 3141 2351 3206 consul

321 3225 636 3291 Kalendis
700 3224 1020 3289 Ianuariis
1087 3246 1254 3308 sese,
1320 3225 1377 3289 si
1441 3229 1655 3289 status
1719 3226 1827 3290 hic
1890 3227 1987 3290 rei
2049 3228 2351 3311 publicae

323 3318 586 3378 maneat
613 3334 820 3397 neque
851 3312 1112 3398 aliquod
1139 3313 1477 3399 negotium
1506 3314 1850 3398 exstiterit,
1878 3315 2047 3398 quod
2076 3315 2353 3382 honeste
2378 3331 2435 3374 85

324 3402 772 3486 subterfugere
830 3423 962 3466 non
1019 3403 1261 3485 possit,
1319 3401 1390 3465 in
1443 3401 1848 3485 provinciam
1902 3424 2037 3467 non
2082 3403 2354 3470 iturum.

325 3487 430 3552 Sic
485 3511 587 3553 me
641 3489 712 3552 in
768 3490 893 3554 hoc
948 3490 1347 3574 magistratu
1404 3510 1655 3576 geram,
1707 3494 1931 3573 patres
1978 3493 2356 3579 conscripti,
