2534 3875
305 121 393 187 88
679 120 776 175 DE
823 120 1124 175 IMPERIO
1165 118 1278 175 CN.
1317 118 1590 175 POMPEI
1629 118 1918 175 ORATIO.

201 286 269 334 39
311 266 556 331 iudices
601 287 734 329 non
769 266 928 330 vult.
992 264 1118 329 Hic
1157 265 1472 335 miramur
1506 263 1680 328 hunc
1716 262 2051 328 hominem
2087 265 2364 326 tantum

311 355 624 420 excellere
671 354 922 435 ceteriS,
959 353 1141 418 cuius
1189 352 1480 436 legiones
1528 352 1623 417 sic
1666 351 1737 417 in
1774 350 2008 416 Asiam
2041 372 2361 437 pervene-

306 441 470 525 rint,
532 445 609 506 ut
675 464 809 506 non
882 442 1072 506 modo
1149 462 1379 505 manus
1444 442 1616 504 tanti
1678 440 2024 523 exercituS,
2086 438 2202 502 sed
2264 460 2360 502 ne

306 530 660 615 vestigium
726 530 987 615 quidem
1043 529 1344 613 cuiquam
1399 532 1636 613 pacato
1691 528 1992 593 nocuisse
2048 526 2359 591 dicatur?

305 617 450 683 Iam
504 640 660 684 vero
719 640 912 703 quem
969 618 1052 682 ad
1096 618 1360 682 modum
1408 617 1654 681 milites
1698 615 2063 697 hibernent,
2108 614 2358 681 cotidie

307 728 642 772 sermones
692 729 768 771 ac
813 707 1072 770 litterae
1117 706 1563 790 perferuntur-3
1608 726 1743 769 non
1788 704 1980 768 modo
2019 708 2095 768 ut
2131 725 2357 787 sump-

305 799 451 861 tum
505 795 709 859 faciat
764 795 833 858 in
889 794 1195 878 militem,
1259 793 1505 859 nemini
1564 794 1661 857 vis
1719 793 2045 874 adfertur,
2098 790 2213 857 sed
2264 813 2356 856 116

307 883 597 967 cupienti
654 883 913 966 quidem
971 882 1274 965 cuiquam
1328 880 1753 966 permittitur.
1844 880 2099 945 Hiemis
2155 878 2357 962 enim,

105 994 110 999 ·
307 994 440 1036 non
495 970 812 1036 avaritiae
872 970 1246 1055 perfugium
1305 969 1583 1035 maiores
1636 969 1851 1035 nostri
1904 969 1973 1033 in
2020 968 2355 1033 sociorum

199 1026 287 1153 ἐξ
309 1062 505 1143 atque
564 1058 922 1124 amicorum
969 1060 1162 1123 tectis
1209 1080 1351 1123 esse
1398 1059 1763 1123 voluerunt.
1845 1056 1991 1143 Age
2026 1078 2200 1139 vem,
2246 1078 2351 1121 ce·

308 1148 468 1211 teris
506 1147 574 1211 in
621 1148 817 1211 rebus
865 1168 991 1229 qua
1040 1146 1127 1211 sit
1173 1146 1630 1231 temperantia,
1675 1146 2099 1211 considerate.
2159 1144 2355 1210 Unde

307 1236 496 1300 illam
551 1238 807 1300 tantam
855 1235 1257 1300 celeritatem
1306 1238 1372 1299 et
1417 1238 1557 1299 tam
1603 1234 2050 1299 incredibilem
2087 1254 2351 1298 cursum

306 1324 647 1389 inventum
693 1324 989 1407 putatis?
1071 1322 1224 1389 Non
1272 1323 1447 1387 enim
1492 1323 1681 1387 illum
1729 1323 1969 1387 eximia
2011 1322 2113 1387 vis
2158 1322 2355 1386 remi-

308 1433 467 1498 gum
526 1418 640 1476 aut
695 1434 802 1476 ars
847 1412 1144 1476 inaudita
1189 1412 1507 1496 quaedam
1554 1410 1961 1495 gubernandi
2006 1414 2122 1474 aut
2166 1411 2355 1474 venti

309 1499 515 1584 aliqui
549 1500 707 1565 novi
742 1504 882 1565 tam
920 1500 1218 1565 celeriter
1254 1499 1326 1563 in
1362 1499 1629 1563 ultimas
1667 1503 1877 1563 terras
1913 1498 2350 1583 pertulerunt,

309 1589 420 1652 sed
469 1609 581 1653 eae
627 1610 760 1671 168,
809 1610 975 1683 qpae
1023 1593 1273 1653 ceteros
1320 1587 1638 1653 remorari
1683 1587 1917 1671 solent,
1960 1608 2096 1651 non
2139 1590 2347 1651 retar-

308 1676 575 1760 darunt3
628 1698 761 1742 non
826 1677 1106 1741 avaritia
1163 1677 1246 1741 ab
1303 1676 1611 1741 instituto
1667 1696 1859 1741 6111811
1906 1674 1989 1739 ad
2033 1675 2352 1760 praedam

306 1765 597 1849 aliquam
661 1765 1044 1848 devocavit,
1103 1786 1239 1829 non
1304 1764 1510 1829 libido
1578 1762 1662 1828 ad
1714 1764 2150 1848 voluptatem,
2212 1784 2352 1829 non

308 1854 672 1918 amoenitas
727 1853 810 1917 ad
872 1853 1401 1935 delectationem,
1468 1874 1603 1917 non
1655 1851 1970 1918 nobilitas
2028 1852 2209 1916 urbis
2264 1853 2351 1916 ad

306 1943 778 2027 cognitionem,
823 1964 958 2008 non
1005 1942 1280 2025 denique
1328 1943 1515 2006 labor
1559 1942 1700 2025 ipse
1747 1942 1831 2007 ad
1877 1941 2186 2025 quietem3
2234 1963 2351 2026 po-

307 2034 554 2095 stremo
627 2032 818 2116 signa
874 2034 942 2095 et
996 2030 1256 2095 tabulas
1315 2035 1654 2114 ceteraque
1709 2033 2095 2095 ornamenta
2150 2028 2352 2094 Grae-

307 2140 531 2183 corum
578 2119 994 2203 oppidorum,
1043 2140 1205 2203 quae
1252 2119 1454 2183 ceteri
1498 2118 1791 2183 tollenda
1838 2140 1981 2183 esse
2027 2119 2351 2182 arbitran-

195 2231 266 2279 41
306 2210 434 2291 tur,
481 2229 558 2272 ea
603 2206 730 2271 sibi
774 2207 888 2271 ille
925 2229 1007 2271 ne
1045 2207 1317 2289 visenda
1353 2205 1613 2292 quidem
1651 2204 2069 2272 existimavit.
2115 2205 2352 2292 Itaque

308 2317 534 2359 omnes
582 2317 754 2359 nunc
800 2295 868 2359 in
914 2293 996 2359 iis
1043 2295 1205 2359 locis
1254 2293 1371 2361 Cn.
1413 2294 1799 2380 Pompeium
1846 2295 2013 2359 sicut
2060 2295 2349 2379 aliquem

305 2404 438 2447 non
499 2404 576 2446 ex
622 2383 747 2448 hac
793 2384 952 2448 urbe
998 2383 1300 2465 missum,
1356 2383 1469 2447 sed
1516 2383 1595 2448 de
1641 2384 1819 2448 caelo
1868 2383 2208 2467 delapsum
2254 2383 2351 2446 in·

307 2474 603 2553 tuentur3
640 2493 811 2536 nunc
849 2471 1124 2555 denique
1160 2471 1483 2556 incipiunt
1522 2472 1779 2536 credere
1814 2471 2019 2536 fuisse
2046 2471 2351 2536 homines

305 2558 637 2622 Romanos
685 2559 808 2624 hac
856 2560 1182 2643 quondam
1219 2560 1638 2640 continentia,
1686 2559 1861 2644 quod
1896 2559 2030 2623 iam
2064 2559 2352 2624 nationi-

306 2645 428 2710 bus
492 2646 730 2711 exteris
794 2647 1172 2712 incredibile
1239 2670 1315 2712 ac
1377 2648 1544 2712 falso
1607 2647 1961 2713 memoriae
2014 2648 2350 2732 proditum

306 2732 678 2814 videbatur3
731 2757 902 2800 nunc
947 2735 1208 2817 imperii
1251 2736 1456 2800 vestri
1503 2736 1812 2819 splendor
1855 2736 1991 2801 illis
2040 2736 2349 2822 gentibus

306 2821 521 2886 lucem
568 2821 822 2886 adferre
870 2824 1115 2908 coepit3
1160 2845 1333 2888 nunc
1369 2824 1768 2908 intellegunt
1802 2846 1936 2889 non
1974 2824 2111 2888 sine
2149 2845 2347 2889 causa

306 2909 585 2974 maiores
645 2929 797 2975 suos
854 2913 1025 2993 tum,
1089 2933 1232 2976 cum
1294 2933 1371 2975 ea
1425 2912 1863 2996 temperantia
1916 2911 2348 2997 magistratus

304 2997 740 3080 habebamus„
804 3001 1047 3064 servire
1110 3000 1355 3084 populo
1414 2999 1713 3065 Romano
1775 3022 1970 3085 quam
2025 3001 2351 3084 imperare

199 3084 314 3153 (42)
330 3086 479 3151 aliis
537 3087 865 3153 maluisse.
955 3086 1098 3151 Iam
1152 3109 1308 3153 vero
1354 3088 1453 3152 ita
1505 3088 1731 3153 faciles
1790 3088 2006 3152 aditus
2062 3090 2145 3152 ad
2199 3110 2351 3154 eum

305 3174 734 3260 privatorum,
771 3176 870 3240 ita
907 3175 1149 3240 liberae
1189 3176 1633 3259 querimoniae
1671 3176 1749 3241 de
1787 3176 2065 3241 aliorum
2093 3175 2351 3241 iniuriis

310 3284 452 3327 esse
501 3263 823 3346 dicuntur,
870 3267 944 3328 ut
991 3263 1068 3348 is,
1115 3264 1227 3348 qui
1268 3264 1590 3350 dignitate
1625 3264 2031 3349 principibus
2070 3265 2349 3347 excellit,

199 3365 268 3414 42
309 3351 629 3416 facilitate
695 3351 940 3417 infimis
1004 3375 1127 3437 par
1195 3374 1337 3417 esse
1404 3353 1713 3417 videatur.
1824 3351 1968 3417 Iam
2032 3356 2351 3436 quantum

307 3439 610 3525 consili0,
671 3445 998 3530 „quantum
1054 3440 1305 3506 dicendi
1363 3441 1690 3528 gravitate
1746 3444 1814 3505 et
1868 3440 2057 3523 copia
2109 3442 2353 3524 valeat,

2394 1074 2451 1113 10

2388 1481 2518 1556 15γ

2382 2401 2447 2442 25

2379 2842 2439 2882 30
