2534 3875
285 191 412 255 142
817 192 961 248 PRO
999 193 1064 248 A.
1105 192 1463 247 CLUENTIO
1502 192 1787 248 ORATIO.

171 314 262 379 40
301 336 572 401 defendi.
617 335 791 401 Nam
823 337 1161 414 Quinctius
1192 336 1450 422 quidem
1480 359 1678 420 quam
1707 359 1970 402 causam
2002 359 2322 421 umquam

176 406 278 455 ¹¹⁰
301 428 494 489 antea
531 425 803 511 dixerat,
841 448 988 491 cum
1018 447 1222 491 annos
1254 426 1334 489 ad
1366 425 1842 509 quinquaginta
1869 430 2063 489 natus
2094 426 2320 491 esset?

281 512 426 598 quis
484 535 631 578 eum
676 536 985 598 umquam
1029 535 1164 577 non
1209 513 1403 578 modo
1449 514 1520 578 in
1563 514 1852 597 patroni,
1909 514 2021 578 sed
2064 515 2135 577 in
2180 515 2321 579 lau-

279 600 528 665 datoris
585 607 700 666 aut
753 602 1053 667 advocati
1111 602 1257 666 loco
1328 601 1626 666 viderat?
1692 603 1803 686 qui
1869 602 2041 685 quod
2095 605 2320 666 rostra
2440 629 2443 630 ⁷

265 690 409 753 'iam
447 689 556 753 diu
594 712 800 755 vacua
837 691 1180 774 locumque
1207 690 1400 753 illum
1425 693 1581 775 post
1608 690 1963 753 adventum
1990 688 2059 754 L.
2089 688 2317 755 Sullae
2346 709 2383 749 5

278 800 318 842 a
363 778 718 843 tribunicia
761 800 920 843 voce
968 778 1297 842 desertum
1345 783 1763 861 oppresserat
1798 778 2315 843 multitudinem·

279 887 402 950 que
450 866 890 931 desuefactam
935 866 1069 930 iam
1117 888 1156 931 a
1192 866 1610 931 contionibus
1648 866 1731 930 ad
1766 866 2007 931 veteris
2046 888 2315 931 consue-

277 953 521 1018 tudinis
569 954 1065 1018 similitudinem
1109 958 1467 1034 revocarat,
1512 954 1752 1018 idcirco
1800 954 2053 1019 cuidam
2098 954 2316 1019 homi-

273 1064 434 1106 num
508 1043 730 1127 generi
803 1042 1138 1127 paulisper
1199 1042 1539 1106 iucundior
1602 1041 1747 1106 fuit.
1854 1042 2074 1126 Atque
2137 1043 2313 1107 idem

278 1132 524 1212 quanto
571 1136 640 1193 in
686 1130 834 1195 odio
881 1134 1113 1214 postea
1156 1131 1292 1195 illis
1338 1130 1499 1215 ipsis
1545 1129 1691 1213 fuit,
1733 1152 1851 1214 per
1898 1153 2059 1215 quos
2103 1129 2174 1194 in
2224 1132 2315 1195 al·
2344 1151 2411 1189 10

169 1217 270 1266 111
292 1218 528 1281 tiorem
575 1219 790 1284 locum
838 1218 1242 1283 ascenderat!
1290 1240 1498 1302 neque
1543 1218 1799 1283 iniuria.
1858 1216 2081 1282 Facite
2120 1220 2313 1300 enim,

275 1310 348 1369 ut
402 1328 535 1369 non
597 1308 810 1371 solum
860 1328 1075 1371 mores
1123 1311 1190 1371 et
1235 1306 1679 1391 arrogantiam
1727 1307 1894 1390 eius,
1950 1306 2063 1371 sed
2109 1307 2313 1371 etiam

273 1394 532 1458 vultum
599 1398 793 1478 atque
849 1396 1162 1459 amictum
1218 1398 1415 1478 atque
1471 1396 1668 1459 etiam
1724 1395 1911 1459 illam
1967 1416 2171 1478 usque
2230 1396 2316 1459 ad

273 1482 449 1547 talos
497 1482 844 1548 demissam
889 1505 1246 1567 purpuram
1292 1482 1736 1547 recordemini.
1812 1482 1899 1567 Is,
1938 1484 2132 1567 ‚quasi
2177 1505 2315 1549 non

274 1574 449 1635 esset
511 1572 650 1634 ullo
716 1571 907 1637 modo
973 1570 1312 1636 ferendum
1380 1592 1450 1635 se
1506 1592 1583 1634 ex
1637 1571 1877 1635 iudicio
1934 1571 2311 1636 discessisse
2344 1589 2401 1630 15

273 1658 517 1724 victum
528 1710 545 1742 ,
600 1682 742 1724 rem
809 1682 848 1724 a
913 1659 1242 1724 subselliis
1298 1659 1378 1723 ad
1426 1663 1643 1723 rostra
1689 1659 1939 1724 detulit.
2028 1658 2121 1723 Et
2175 1660 2310 1725 iam

275 1747 605 1831 querimur
651 1769 846 1832 saepe
890 1747 1265 1812 hominibus
1310 1747 1498 1812 novis
1543 1769 1680 1811 non
1726 1747 1889 1811 satis
1928 1768 2203 1832 magnos
2242 1749 2314 1813 in

271 1836 397 1901 hac
455 1836 718 1901 civitate
791 1857 932 1915 esse
993 1836 1293 1900 fructus?
1401 1833 1590 1921 Nego
1656 1857 1932 1918 usquam
1995 1858 2311 1920 umquam

272 1924 475 1990 fuisse
541 1924 848 2008 maiores3
911 1924 1027 1989 ubi
1091 1923 1148 1988 si
1213 1923 1358 2009 quis
1422 1922 1701 2009 ignobili
1754 1924 1899 1990 1000
1962 1929 2157 1990 natus
2213 1924 2311 1990 ita

271 2013 464 2095 vivit,
537 2016 612 2077 ut
683 2011 1054 2078 nobilitatis
1121 2012 1509 2098 dignitatem
1574 2013 1816 2078 virtute
1878 2012 2051 2077 tueri
2115 2035 2309 2096 posse
2342 2031 2400 2071 20

273 2101 589 2184 videatur,
635 2123 838 2185 usque
885 2123 961 2166 eo
1000 2101 1318 2185 pervenit,
1366 2101 1581 2184 quoad
1617 2123 1764 2165 eum
1799 2100 2123 2165 industria
2160 2123 2309 2166 cum

170 2203 272 2253 112
293 2190 668 2254 innocentia
734 2193 1084 2274 prosecuta
1146 2193 1263 2253 est.
1370 2187 1440 2252 Si
1506 2189 1650 2274 quis
1711 2193 1931 2254 autem
1988 2188 2115 2254 hoc
2173 2211 2307 2254 uno

268 2278 532 2360 nititur,
609 2278 782 2362 quod
847 2277 934 2342 sit
996 2277 1338 2361 ignobilis,
1407 2277 1703 2361 procedit
1766 2299 1959 2362 saepe
2022 2277 2307 2363 longius²

274 2389 468 2449 quam
527 2365 583 2430 si
636 2366 809 2430 idem
862 2366 977 2430 ille
1032 2369 1206 2430 esset
1261 2387 1409 2430 cum
1464 2366 1671 2430 isdem
1718 2365 1853 2430 suis
1898 2364 2079 2429 vitiis
2123 2367 2307 2430 nobi-

272 2453 580 2519 lissimus,
671 2453 767 2519 Ut
811 2452 1150 2529 Quinctius
1200 2452 1395 2539 (nihil
1442 2453 1614 2517 enim
1660 2453 1868 2518 dicam
1918 2453 1994 2518 de
2040 2451 2305 2539 ceteris)
2337 2471 2392 2511 25

275 2541 332 2606 si
386 2541 621 2606 fuisset
673 2541 872 2606 homo
930 2542 1201 2625 nobilis,
1256 2542 1401 2624 quis
1450 2562 1594 2605 eum
1642 2565 1789 2607 cum
1833 2541 1955 2606 illa
2000 2542 2309 2626 superbia

275 2632 471 2712 atque
515 2629 940 2695 intolerantia
983 2629 1155 2694 ferre
1248 2629 1573 2694 otuisset?
1642 2629 1827 2706 Quod
1864 2651 1939 2695 eo
1978 2630 2122 2695 loco
2159 2629 2307 2711 fuit,

275 2712 374 2776 ita
416 2711 726 2794 tulerunt,
771 2717 864 2796 ut,
911 2711 968 2776 si
1015 2713 1169 2796 quid
1263 2714 1489 2778 aberet
1536 2736 1575 2778 a
1619 2718 1855 2778 natura
1900 2714 2077 2797 boni,
2118 2713 2309 2798 prod-

276 2821 418 2864 esse
482 2799 543 2863 ei
603 2803 914 2885 putarent
979 2804 1311 2884 oportere,
1386 2801 1762 2884 superbiam
1828 2804 2046 2866 autem
2111 2804 2309 2886 atque

279 2887 726 2972 arrogantiam
756 2887 893 2951 eius
923 2887 1342 2952 deridendam
1370 2885 1583 2972 magis
1612 2887 2089 2951 arbitrarentur
2113 2907 2306 2971 prop·
2336 2903 2394 2943 ³⁰

165 2973 251 3038 41
273 2977 376 3040 ter
431 2975 872 3039 humilitatem
927 2974 1212 3039 hominis
1259 2997 1455 3059 quam
1500 2973 2096 3058 pertimescendam.
2180 2971 2307 3038 Sed

272 3066 350 3129 ut
406 3063 564 3128 illuc
623 3067 939 3146 revertar,
1000 3084 1129 3146 quo
1199 3066 1494 3146 tempore
1538 3061 1978 3128 Fidiculanius
2035 3065 2138 3126 est
2193 3063 2307 3126 ab·

275 3152 556 3234 solutus,
611 3154 712 3235 tu,
770 3150 881 3235 qui
927 3151 1165 3215 iudicia
1209 3149 1388 3214 facta
1434 3172 1934 3234 commemoraS‚
1988 3152 2306 3234 [quaer0‚]

275 3240 430 3324 quid
487 3243 629 3304 tum
684 3260 825 3304 esse
880 3238 1216 3303 existimas
1272 3238 1673 3303 iudicatum?
1727 3241 1903 3304 certe
1957 3239 2165 3324 gratis
2209 3237 2309 3304 iu-

171 3344 274 3393 113
298 3327 562 3392 dicasse.
643 3327 738 3392 At
793 3327 1280 3408 condemnarat,
1336 3329 1407 3391 at
1453 3348 1714 3391 causam
1761 3329 1973 3391 totam
2018 3347 2155 3391 non
2200 3347 2308 3391 au·
2334 3340 2390 3383 ³⁵

278 3415 504 3497 dierat,
557 3419 626 3480 at
670 3416 741 3480 in
787 3415 1200 3480 contionibus
1249 3416 1604 3496 [omnibus]
1656 3437 1697 3480 a
1739 3413 1809 3478 L.
1859 3412 2157 3489 Quinctio
2203 3435 2309 3479 ve·-

274 3503 614 3568 hementer
674 3507 815 3568 erat
875 3506 941 3569 et
1001 3524 1192 3588 saepe
1250 3506 1542 3568 vexatus,
1636 3502 1763 3567 Illa
1821 3501 2027 3588 igitur
2086 3502 2309 3566 omnia

877 3850 916 3861 „
983 3641 1236 3862 ,Δ
