<?xml version="1.0" encoding="UTF-8"?>
<!DOCTYPE html PUBLIC "-//W3C//DTD XHTML 1.0 Transitional//EN"
    "http://www.w3.org/TR/xhtml1/DTD/xhtml1-transitional.dtd">
<html xmlns="http://www.w3.org/1999/xhtml" xml:lang="en" lang="en">
 <head>
  <title>
</title>
<meta http-equiv="Content-Type" content="text/html;charset=utf-8" />
  <meta name='ocr-system' content='tesseract 3.04.00' />
  <meta name='ocr-capabilities' content='ocr_page ocr_carea ocr_par ocr_line ocrx_word'/>
</head>
<body>
  <div class='ocr_page' id='page_1' title='image "./scriptaquaemans03mlgoog_0616.png"; bbox 0 0 2534 3875; ppageno 0'>
   <div class='ocr_carea' id='block_1_1' title="bbox 290 1112 359 1162">
    <p class='ocr_par' dir='ltr' id='par_1_1' title="bbox 290 1112 359 1162">
     <span class='ocr_line' id='line_1_1' title="bbox 290 1112 359 1162; baseline -0.014 0"><span class='ocrx_word' id='word_1_1' title='bbox 290 1112 359 1162; x_wconf 79' lang='lat'><strong>65</strong></span> 
     </span>
    </p>
   </div>
   <div class='ocr_carea' id='block_1_2' title="bbox 399 157 2142 224">
    <p class='ocr_par' dir='ltr' id='par_1_2' title="bbox 399 157 2142 224">
     <span class='ocr_line' id='line_1_2' title="bbox 399 157 2142 224; baseline -0.001 -9"><span class='ocrx_word' id='word_1_2' title='bbox 399 161 530 224; x_wconf 83' lang='lat'><strong>478</strong></span> <span class='ocrx_word' id='word_1_3' title='bbox 684 159 787 213; x_wconf 86' lang='lat' dir='ltr'><strong>DE</strong></span> <span class='ocrx_word' id='word_1_4' title='bbox 823 158 1033 214; x_wconf 87' lang='lat' dir='ltr'>DOMO</span> <span class='ocrx_word' id='word_1_5' title='bbox 1074 158 1213 213; x_wconf 82' lang='lat' dir='ltr'><strong>SUA</strong></span> <span class='ocrx_word' id='word_1_6' title='bbox 1248 159 1348 213; x_wconf 88' lang='lat' dir='ltr'><strong>AD</strong></span> <span class='ocrx_word' id='word_1_7' title='bbox 1384 157 1808 214; x_wconf 85' lang='lat' dir='ltr'>PONTIFICES</span> <span class='ocrx_word' id='word_1_8' title='bbox 1847 157 2142 214; x_wconf 81' lang='lat' dir='ltr'><strong>ORATIO.</strong></span> 
     </span>
    </p>
   </div>
   <div class='ocr_carea' id='block_1_3' title="bbox 393 301 2502 2502">
    <p class='ocr_par' dir='ltr' id='par_1_3' title="bbox 393 301 2502 2502">
     <span class='ocr_line' id='line_1_3' title="bbox 402 301 2442 387; baseline -0.002 -17"><span class='ocrx_word' id='word_1_9' title='bbox 402 309 653 370; x_wconf 80' lang='lat' dir='ltr'><strong>storum</strong></span> <span class='ocrx_word' id='word_1_10' title='bbox 738 303 1123 368; x_wconf 75' lang='lat' dir='ltr'><strong>modestiam</strong></span> <span class='ocrx_word' id='word_1_11' title='bbox 1206 301 1744 386; x_wconf 78' lang='lat' dir='ltr'><strong>prudentiamque</strong></span> <span class='ocrx_word' id='word_1_12' title='bbox 1818 301 2201 387; x_wconf 87' lang='lat' dir='ltr'><strong>quaerebas;</strong></span> <span class='ocrx_word' id='word_1_13' title='bbox 2283 323 2442 366; x_wconf 88' lang='lat' dir='ltr'><strong>cum</strong></span> 
     </span>
     <span class='ocr_line' id='line_1_4' title="bbox 400 388 2442 474; baseline -0.002 -17"><span class='ocrx_word' id='word_1_14' title='bbox 400 415 585 457; x_wconf 86' lang='lat' dir='ltr'><strong>arma</strong></span> <span class='ocrx_word' id='word_1_15' title='bbox 630 392 699 456; x_wconf 91' lang='lat' dir='ltr'><strong>in</strong></span> <span class='ocrx_word' id='word_1_16' title='bbox 737 392 961 456; x_wconf 89' lang='lat' dir='ltr'><strong>aedem</strong></span> <span class='ocrx_word' id='word_1_17' title='bbox 1000 390 1295 456; x_wconf 87' lang='lat' dir='ltr'><strong>Castoris</strong></span> <span class='ocrx_word' id='word_1_18' title='bbox 1331 391 1814 474; x_wconf 72' lang='lat' dir='ltr'><strong>comportabaS,</strong></span> <span class='ocrx_word' id='word_1_19' title='bbox 1855 391 2022 454; x_wconf 90' lang='lat' dir='ltr'><strong>nihil</strong></span> <span class='ocrx_word' id='word_1_20' title='bbox 2059 388 2258 473; x_wconf 89' lang='lat' dir='ltr'><strong>aliud,</strong></span> <span class='ocrx_word' id='word_1_21' title='bbox 2301 389 2442 453; x_wconf 84' lang='lat' dir='ltr'><strong>nisi</strong></span> 
     </span>
     <span class='ocr_line' id='line_1_5' title="bbox 399 478 2438 564; baseline -0.001 -20"><span class='ocrx_word' id='word_1_22' title='bbox 399 481 499 544; x_wconf 88' lang='lat' dir='ltr'><strong>uti</strong></span> <span class='ocrx_word' id='word_1_23' title='bbox 549 502 631 544; x_wconf 93' lang='lat' dir='ltr'><strong>ne</strong></span> <span class='ocrx_word' id='word_1_24' title='bbox 686 478 841 564; x_wconf 89' lang='lat' dir='ltr'><strong>quid</strong></span> <span class='ocrx_word' id='word_1_25' title='bbox 896 501 1013 563; x_wconf 89' lang='lat' dir='ltr'><strong>per</strong></span> <span class='ocrx_word' id='word_1_26' title='bbox 1065 478 1199 544; x_wconf 88' lang='lat' dir='ltr'><strong>vim</strong></span> <span class='ocrx_word' id='word_1_27' title='bbox 1255 479 1364 564; x_wconf 86' lang='lat' dir='ltr'><strong>agi</strong></span> <span class='ocrx_word' id='word_1_28' title='bbox 1418 482 1668 561; x_wconf 89' lang='lat' dir='ltr'><strong>posset,</strong></span> <span class='ocrx_word' id='word_1_29' title='bbox 1731 478 2216 561; x_wconf 82' lang='lat' dir='ltr'><strong>machinabare3</strong></span> <span class='ocrx_word' id='word_1_30' title='bbox 2283 499 2438 542; x_wconf 85' lang='lat' dir='ltr'><strong>cum</strong></span> 
     </span>
     <span class='ocr_line' id='line_1_6' title="bbox 398 565 2438 652; baseline -0.002 -20"><span class='ocrx_word' id='word_1_31' title='bbox 398 589 552 633; x_wconf 91' lang='lat' dir='ltr'><strong>vero</strong></span> <span class='ocrx_word' id='word_1_32' title='bbox 600 569 841 652; x_wconf 82' lang='lat' dir='ltr'><strong>gradus</strong></span> <span class='ocrx_word' id='word_1_33' title='bbox 880 566 1173 632; x_wconf 85' lang='lat' dir='ltr'><strong>Castoris</strong></span> <span class='ocrx_word' id='word_1_34' title='bbox 1218 565 1590 632; x_wconf 75' lang='lat' dir='ltr'><strong>convellisti</strong></span> <span class='ocrx_word' id='word_1_35' title='bbox 1629 589 1706 632; x_wconf 86' lang='lat' dir='ltr'><strong>ac</strong></span> <span class='ocrx_word' id='word_1_36' title='bbox 1745 567 2100 649; x_wconf 86' lang='lat' dir='ltr'><strong>removisti,</strong></span> <span class='ocrx_word' id='word_1_37' title='bbox 2145 569 2314 648; x_wconf 91' lang='lat' dir='ltr'><strong>tum,</strong></span> <span class='ocrx_word' id='word_1_38' title='bbox 2360 570 2438 629; x_wconf 84' lang='lat' dir='ltr'><strong>ut</strong></span> 
     </span>
     <span class='ocr_line' id='line_1_7' title="bbox 398 653 2484 740; baseline -0.002 -20"><span class='ocrx_word' id='word_1_39' title='bbox 398 655 691 720; x_wconf 84' lang='lat' dir='ltr'><strong>modeste</strong></span> <span class='ocrx_word' id='word_1_40' title='bbox 755 655 881 719; x_wconf 88' lang='lat' dir='ltr'><strong>tibi</strong></span> <span class='ocrx_word' id='word_1_41' title='bbox 934 676 1128 740; x_wconf 86' lang='lat' dir='ltr'><strong>agere</strong></span> <span class='ocrx_word' id='word_1_42' title='bbox 1183 654 1435 737; x_wconf 90' lang='lat' dir='ltr'><strong>liceret,</strong></span> <span class='ocrx_word' id='word_1_43' title='bbox 1489 655 1785 720; x_wconf 88' lang='lat' dir='ltr'><strong>homines</strong></span> <span class='ocrx_word' id='word_1_44' title='bbox 1833 654 2105 720; x_wconf 80' lang='lat' dir='ltr'><strong>audaces</strong></span> <span class='ocrx_word' id='word_1_45' title='bbox 2153 654 2238 718; x_wconf 89' lang='lat' dir='ltr'><strong>ab</strong></span> <span class='ocrx_word' id='word_1_46' title='bbox 2287 653 2431 717; x_wconf 86' lang='lat' dir='ltr'><strong>eius</strong></span> <span class='ocrx_word' id='word_1_47' title='bbox 2458 669 2484 709; x_wconf 78' lang='lat'>⁵</span> 
     </span>
     <span class='ocr_line' id='line_1_8' title="bbox 396 742 2432 828; baseline -0.001 -20"><span class='ocrx_word' id='word_1_48' title='bbox 396 744 626 828; x_wconf 87' lang='lat' dir='ltr'><strong>templi</strong></span> <span class='ocrx_word' id='word_1_49' title='bbox 680 744 864 808; x_wconf 92' lang='lat' dir='ltr'><strong>aditu</strong></span> <span class='ocrx_word' id='word_1_50' title='bbox 918 747 1111 826; x_wconf 90' lang='lat' dir='ltr'><strong>atque</strong></span> <span class='ocrx_word' id='word_1_51' title='bbox 1168 765 1440 808; x_wconf 89' lang='lat' dir='ltr'><strong>ascensu</strong></span> <span class='ocrx_word' id='word_1_52' title='bbox 1499 742 1873 827; x_wconf 80' lang='lat' dir='ltr'><strong>reppulisti3</strong></span> <span class='ocrx_word' id='word_1_53' title='bbox 1925 765 2073 808; x_wconf 92' lang='lat' dir='ltr'><strong>cum</strong></span> <span class='ocrx_word' id='word_1_54' title='bbox 2119 763 2258 824; x_wconf 75' lang='lat' dir='ltr'><strong>coe,</strong></span> <span class='ocrx_word' id='word_1_55' title='bbox 2318 742 2432 825; x_wconf 89' lang='lat' dir='ltr'><strong>qui</strong></span> 
     </span>
     <span class='ocr_line' id='line_1_9' title="bbox 398 831 2432 896; baseline -0.001 0"><span class='ocrx_word' id='word_1_56' title='bbox 398 835 469 896; x_wconf 80' lang='lat' dir='ltr'><strong>in</strong></span> <span class='ocrx_word' id='word_1_57' title='bbox 532 835 853 896; x_wconf 88' lang='lat' dir='ltr'><strong>conventu</strong></span> <span class='ocrx_word' id='word_1_58' title='bbox 905 833 1197 896; x_wconf 89' lang='lat' dir='ltr'><strong>virorum</strong></span> <span class='ocrx_word' id='word_1_59' title='bbox 1251 831 1571 896; x_wconf 88' lang='lat' dir='ltr'><strong>bonorum</strong></span> <span class='ocrx_word' id='word_1_60' title='bbox 1626 831 1823 895; x_wconf 90' lang='lat' dir='ltr'><strong>verba</strong></span> <span class='ocrx_word' id='word_1_61' title='bbox 1878 831 1954 895; x_wconf 90' lang='lat' dir='ltr'><strong>de</strong></span> <span class='ocrx_word' id='word_1_62' title='bbox 2011 831 2224 894; x_wconf 88' lang='lat' dir='ltr'><strong>salute</strong></span> <span class='ocrx_word' id='word_1_63' title='bbox 2279 851 2432 894; x_wconf 86' lang='lat' dir='ltr'><strong>mea</strong></span> 
     </span>
     <span class='ocr_line' id='line_1_10' title="bbox 397 918 2428 1002; baseline -0.001 -17"><span class='ocrx_word' id='word_1_64' title='bbox 397 920 703 1002; x_wconf 82' lang='lat' dir='ltr'><strong>fecerant,</strong></span> <span class='ocrx_word' id='word_1_65' title='bbox 750 919 973 984; x_wconf 83' lang='lat' dir='ltr'><strong>adesse</strong></span> <span class='ocrx_word' id='word_1_66' title='bbox 1018 918 1274 984; x_wconf 86' lang='lat' dir='ltr'><strong>iussisti</strong></span> <span class='ocrx_word' id='word_1_67' title='bbox 1311 939 1658 1002; x_wconf 88' lang='lat' dir='ltr'><strong>eorumque</strong></span> <span class='ocrx_word' id='word_1_68' title='bbox 1695 918 2186 984; x_wconf 89' lang='lat' dir='ltr'><strong>advocationem</strong></span> <span class='ocrx_word' id='word_1_69' title='bbox 2224 919 2428 982; x_wconf 88' lang='lat' dir='ltr'><strong>mani-</strong></span> 
     </span>
     <span class='ocr_line' id='line_1_11' title="bbox 396 1007 2426 1090; baseline -0.001 -18"><span class='ocrx_word' id='word_1_70' title='bbox 396 1009 549 1090; x_wconf 80' lang='lat' dir='ltr'><strong>buS,</strong></span> <span class='ocrx_word' id='word_1_71' title='bbox 602 1007 807 1089; x_wconf 88' lang='lat' dir='ltr'><strong>ferro,</strong></span> <span class='ocrx_word' id='word_1_72' title='bbox 863 1007 1189 1090; x_wconf 89' lang='lat' dir='ltr'><strong>lapidibus</strong></span> <span class='ocrx_word' id='word_1_73' title='bbox 1236 1007 1630 1089; x_wconf 85' lang='lat' dir='ltr'><strong>discussisti,</strong></span> <span class='ocrx_word' id='word_1_74' title='bbox 1685 1010 1828 1070; x_wconf 92' lang='lat' dir='ltr'><strong>tum</strong></span> <span class='ocrx_word' id='word_1_75' title='bbox 1871 1007 2162 1090; x_wconf 88' lang='lat' dir='ltr'><strong>profecto</strong></span> <span class='ocrx_word' id='word_1_76' title='bbox 2212 1010 2426 1072; x_wconf 89' lang='lat' dir='ltr'><strong>osten-</strong></span> 
     </span>
     <span class='ocr_line' id='line_1_12' title="bbox 399 1094 2502 1179; baseline -0 -19"><span class='ocrx_word' id='word_1_77' title='bbox 399 1096 554 1160; x_wconf 90' lang='lat' dir='ltr'><strong>disti</strong></span> <span class='ocrx_word' id='word_1_78' title='bbox 618 1095 751 1160; x_wconf 86' lang='lat' dir='ltr'><strong>vim</strong></span> <span class='ocrx_word' id='word_1_79' title='bbox 814 1095 937 1158; x_wconf 90' lang='lat' dir='ltr'><strong>tibi</strong></span> <span class='ocrx_word' id='word_1_80' title='bbox 1003 1095 1284 1159; x_wconf 82' lang='lat' dir='ltr'><strong>maxime</strong></span> <span class='ocrx_word' id='word_1_81' title='bbox 1350 1095 1704 1179; x_wconf 86' lang='lat' dir='ltr'><strong>displicere.</strong></span> <span class='ocrx_word' id='word_1_82' title='bbox 1793 1094 2039 1158; x_wconf 89' lang='lat' dir='ltr'><strong>Verum</strong></span> <span class='ocrx_word' id='word_1_83' title='bbox 2099 1095 2265 1159; x_wconf 88' lang='lat' dir='ltr'><strong>haec</strong></span> <span class='ocrx_word' id='word_1_84' title='bbox 2327 1094 2423 1159; x_wconf 87' lang='lat' dir='ltr'><strong>fu·</strong></span> <span class='ocrx_word' id='word_1_85' title='bbox 2455 1111 2502 1150; x_wconf 78' lang='grc' dir='ltr'><strong>ιο</strong></span> 
     </span>
     <span class='ocr_line' id='line_1_13' title="bbox 398 1181 2426 1268; baseline -0.001 -20"><span class='ocrx_word' id='word_1_86' title='bbox 398 1184 574 1248; x_wconf 90' lang='lat' dir='ltr'><strong>riosa</strong></span> <span class='ocrx_word' id='word_1_87' title='bbox 619 1184 717 1248; x_wconf 86' lang='lat' dir='ltr'><strong>vis</strong></span> <span class='ocrx_word' id='word_1_88' title='bbox 763 1184 1029 1248; x_wconf 82' lang='lat' dir='ltr'><strong>vaesani</strong></span> <span class='ocrx_word' id='word_1_89' title='bbox 1073 1183 1322 1247; x_wconf 89' lang='lat' dir='ltr'><strong>tribuni</strong></span> <span class='ocrx_word' id='word_1_90' title='bbox 1366 1184 1456 1268; x_wconf 87' lang='lat' dir='ltr'><strong>pl.</strong></span> <span class='ocrx_word' id='word_1_91' title='bbox 1500 1181 1694 1248; x_wconf 87' lang='lat' dir='ltr'><strong>facile</strong></span> <span class='ocrx_word' id='word_1_92' title='bbox 1737 1184 2032 1268; x_wconf 88' lang='lat' dir='ltr'><strong>superari</strong></span> <span class='ocrx_word' id='word_1_93' title='bbox 2075 1182 2426 1268; x_wconf 84' lang='lat' dir='ltr'><strong>frangique</strong></span> 
     </span>
     <span class='ocr_line' id='line_1_14' title="bbox 399 1270 2426 1354; baseline -0.001 -17"><span class='ocrx_word' id='word_1_94' title='bbox 399 1272 616 1354; x_wconf 90' lang='lat' dir='ltr'><strong>potuit</strong></span> <span class='ocrx_word' id='word_1_95' title='bbox 669 1271 955 1336; x_wconf 88' lang='lat' dir='ltr'><strong>virorum</strong></span> <span class='ocrx_word' id='word_1_96' title='bbox 1011 1271 1332 1336; x_wconf 91' lang='lat' dir='ltr'><strong>bonorum</strong></span> <span class='ocrx_word' id='word_1_97' title='bbox 1387 1271 1490 1335; x_wconf 89' lang='lat' dir='ltr'><strong>vel</strong></span> <span class='ocrx_word' id='word_1_98' title='bbox 1536 1271 1777 1336; x_wconf 87' lang='lat' dir='ltr'><strong>virtute</strong></span> <span class='ocrx_word' id='word_1_99' title='bbox 1823 1272 1926 1335; x_wconf 91' lang='lat' dir='ltr'><strong>vel</strong></span> <span class='ocrx_word' id='word_1_100' title='bbox 1983 1270 2426 1335; x_wconf 87' lang='lat' dir='ltr'><strong>multitudine.</strong></span> 
     </span>
     <span class='ocr_line' id='line_1_15' title="bbox 400 1358 2425 1442; baseline -0 -19"><span class='ocrx_word' id='word_1_101' title='bbox 400 1358 613 1434; x_wconf 77' lang='lat' dir='ltr'><strong>Quid?</strong></span> <span class='ocrx_word' id='word_1_102' title='bbox 658 1382 805 1425; x_wconf 92' lang='lat' dir='ltr'><strong>cum</strong></span> <span class='ocrx_word' id='word_1_103' title='bbox 851 1358 1129 1424; x_wconf 85' lang='lat' dir='ltr'><strong>Gabinio</strong></span> <span class='ocrx_word' id='word_1_104' title='bbox 1178 1358 1371 1442; x_wconf 83' lang='lat' dir='ltr'><strong>Syria</strong></span> <span class='ocrx_word' id='word_1_105' title='bbox 1416 1359 1709 1442; x_wconf 86' lang='lat' dir='ltr'><strong>dabatur,</strong></span> <span class='ocrx_word' id='word_1_106' title='bbox 1753 1359 2135 1424; x_wconf 88' lang='lat' dir='ltr'><strong>Macedonia</strong></span> <span class='ocrx_word' id='word_1_107' title='bbox 2177 1358 2425 1441; x_wconf 87' lang='lat' dir='ltr'><strong>Pisoni,</strong></span> 
     </span>
     <span class='ocr_line' id='line_1_16' title="bbox 395 1446 2421 1532; baseline 0 -21"><span class='ocrx_word' id='word_1_108' title='bbox 395 1447 654 1531; x_wconf 90' lang='lat' dir='ltr'><strong>utrique</strong></span> <span class='ocrx_word' id='word_1_109' title='bbox 707 1447 1036 1512; x_wconf 88' lang='lat' dir='ltr'><strong>infinitum</strong></span> <span class='ocrx_word' id='word_1_110' title='bbox 1090 1447 1466 1530; x_wconf 88' lang='lat' dir='ltr'><strong>imperium,</strong></span> <span class='ocrx_word' id='word_1_111' title='bbox 1527 1447 1757 1532; x_wconf 85' lang='lat' dir='ltr'><strong>ingens</strong></span> <span class='ocrx_word' id='word_1_112' title='bbox 1811 1447 2112 1531; x_wconf 87' lang='lat' dir='ltr'><strong>pecunia,</strong></span> <span class='ocrx_word' id='word_1_113' title='bbox 2165 1451 2241 1511; x_wconf 91' lang='lat' dir='ltr'><strong>ut</strong></span> <span class='ocrx_word' id='word_1_114' title='bbox 2293 1446 2421 1512; x_wconf 90' lang='lat' dir='ltr'><strong>tibi</strong></span> 
     </span>
     <span class='ocr_line' id='line_1_17' title="bbox 398 1535 2498 1620; baseline -0.001 -20"><span class='ocrx_word' id='word_1_115' title='bbox 398 1537 616 1600; x_wconf 88' lang='lat' dir='ltr'><strong>omnia</strong></span> <span class='ocrx_word' id='word_1_116' title='bbox 652 1535 1124 1620; x_wconf 85' lang='lat' dir='ltr'><strong>permitterent,</strong></span> <span class='ocrx_word' id='word_1_117' title='bbox 1164 1539 1231 1598; x_wconf 91' lang='lat' dir='ltr'><strong>te</strong></span> <span class='ocrx_word' id='word_1_118' title='bbox 1268 1535 1667 1618; x_wconf 89' lang='lat' dir='ltr'><strong>adiuvarent,</strong></span> <span class='ocrx_word' id='word_1_119' title='bbox 1702 1535 1826 1600; x_wconf 90' lang='lat' dir='ltr'><strong>tibi</strong></span> <span class='ocrx_word' id='word_1_120' title='bbox 1861 1557 2142 1618; x_wconf 89' lang='lat' dir='ltr'><strong>manum,</strong></span> <span class='ocrx_word' id='word_1_121' title='bbox 2177 1535 2422 1619; x_wconf 80' lang='lat' dir='ltr'><strong>copiaS,</strong></span> <span class='ocrx_word' id='word_1_122' title='bbox 2451 1553 2498 1594; x_wconf 84' lang='lat'><strong>15</strong></span> 
     </span>
     <span class='ocr_line' id='line_1_18' title="bbox 393 1622 2422 1708; baseline -0 -21"><span class='ocrx_word' id='word_1_123' title='bbox 393 1624 519 1688; x_wconf 88' lang='lat' dir='ltr'><strong>tibi</strong></span> <span class='ocrx_word' id='word_1_124' title='bbox 583 1645 735 1688; x_wconf 90' lang='lat' dir='ltr'><strong>suos</strong></span> <span class='ocrx_word' id='word_1_125' title='bbox 806 1627 1131 1708; x_wconf 87' lang='lat' dir='ltr'><strong>spectatos</strong></span> <span class='ocrx_word' id='word_1_126' title='bbox 1188 1623 1628 1706; x_wconf 88' lang='lat' dir='ltr'><strong>centuriones,</strong></span> <span class='ocrx_word' id='word_1_127' title='bbox 1689 1622 1813 1686; x_wconf 91' lang='lat' dir='ltr'><strong>tibi</strong></span> <span class='ocrx_word' id='word_1_128' title='bbox 1865 1623 2234 1707; x_wconf 89' lang='lat' dir='ltr'><strong>pecuniam,</strong></span> <span class='ocrx_word' id='word_1_129' title='bbox 2296 1623 2422 1687; x_wconf 89' lang='lat' dir='ltr'><strong>tibi</strong></span> 
     </span>
     <span class='ocr_line' id='line_1_19' title="bbox 396 1711 2418 1796; baseline 0 -21"><span class='ocrx_word' id='word_1_130' title='bbox 396 1711 681 1776; x_wconf 86' lang='lat' dir='ltr'><strong>familias</strong></span> <span class='ocrx_word' id='word_1_131' title='bbox 747 1714 1226 1796; x_wconf 84' lang='lat' dir='ltr'><strong>compararent,</strong></span> <span class='ocrx_word' id='word_1_132' title='bbox 1290 1715 1358 1775; x_wconf 92' lang='lat' dir='ltr'><strong>te</strong></span> <span class='ocrx_word' id='word_1_133' title='bbox 1423 1711 1559 1775; x_wconf 88' lang='lat' dir='ltr'><strong>suis</strong></span> <span class='ocrx_word' id='word_1_134' title='bbox 1615 1711 1947 1776; x_wconf 90' lang='lat' dir='ltr'><strong>sceleratis</strong></span> <span class='ocrx_word' id='word_1_135' title='bbox 2001 1711 2418 1776; x_wconf 86' lang='lat' dir='ltr'><strong>contionibus</strong></span> 
     </span>
     <span class='ocr_line' id='line_1_20' title="bbox 398 1797 2420 1883; baseline 0 -19"><span class='ocrx_word' id='word_1_136' title='bbox 398 1800 831 1882; x_wconf 87' lang='lat' dir='ltr'><strong>sublevarent,</strong></span> <span class='ocrx_word' id='word_1_137' title='bbox 878 1802 1141 1864; x_wconf 86' lang='lat' dir='ltr'><strong>senatus</strong></span> <span class='ocrx_word' id='word_1_138' title='bbox 1180 1799 1639 1864; x_wconf 87' lang='lat' dir='ltr'><strong>auctoritatem</strong></span> <span class='ocrx_word' id='word_1_139' title='bbox 1674 1798 2046 1882; x_wconf 87' lang='lat' dir='ltr'><strong>inriderent,</strong></span> <span class='ocrx_word' id='word_1_140' title='bbox 2090 1797 2420 1883; x_wconf 90' lang='lat' dir='ltr'><strong>equitibus</strong></span> 
     </span>
     <span class='ocr_line' id='line_1_21' title="bbox 394 1887 2418 1973; baseline 0 -20"><span class='ocrx_word' id='word_1_141' title='bbox 394 1887 709 1954; x_wconf 86' lang='lat' dir='ltr'><strong>Romanis</strong></span> <span class='ocrx_word' id='word_1_142' title='bbox 754 1891 1033 1953; x_wconf 91' lang='lat' dir='ltr'><strong>mortem</strong></span> <span class='ocrx_word' id='word_1_143' title='bbox 1079 1887 1746 1972; x_wconf 88' lang='lat' dir='ltr'><strong>proscriptionemque</strong></span> <span class='ocrx_word' id='word_1_144' title='bbox 1792 1887 2270 1973; x_wconf 86' lang='lat' dir='ltr'><strong>minitarentur,</strong></span> <span class='ocrx_word' id='word_1_145' title='bbox 2315 1908 2418 1953; x_wconf 87' lang='lat' dir='ltr'><strong>me</strong></span> 
     </span>
     <span class='ocr_line' id='line_1_22' title="bbox 394 1975 2500 2060; baseline -0.001 -19"><span class='ocrx_word' id='word_1_146' title='bbox 394 1981 717 2041; x_wconf 89' lang='lat' dir='ltr'><strong>terrerent</strong></span> <span class='ocrx_word' id='word_1_147' title='bbox 762 1977 982 2060; x_wconf 92' lang='lat' dir='ltr'><strong>minis,</strong></span> <span class='ocrx_word' id='word_1_148' title='bbox 1028 1976 1188 2040; x_wconf 87' lang='lat' dir='ltr'><strong>mibi</strong></span> <span class='ocrx_word' id='word_1_149' title='bbox 1232 1976 1493 2041; x_wconf 89' lang='lat' dir='ltr'><strong>caedem</strong></span> <span class='ocrx_word' id='word_1_150' title='bbox 1538 1980 1604 2041; x_wconf 91' lang='lat' dir='ltr'><strong>et</strong></span> <span class='ocrx_word' id='word_1_151' title='bbox 1649 1976 2130 2042; x_wconf 86' lang='lat' dir='ltr'><strong>dimicationem</strong></span> <span class='ocrx_word' id='word_1_152' title='bbox 2177 1975 2418 2041; x_wconf 87' lang='lat' dir='ltr'><strong>denun-</strong></span> <span class='ocrx_word' id='word_1_153' title='bbox 2445 1996 2500 2039; x_wconf 64' lang='grc' dir='ltr'><strong>ιο</strong></span> 
     </span>
     <span class='ocr_line' id='line_1_23' title="bbox 394 2063 2416 2149; baseline 0.001 -21"><span class='ocrx_word' id='word_1_154' title='bbox 394 2065 656 2148; x_wconf 87' lang='lat' dir='ltr'><strong>tiarent,</strong></span> <span class='ocrx_word' id='word_1_155' title='bbox 703 2087 917 2129; x_wconf 89' lang='lat' dir='ltr'><strong>meam</strong></span> <span class='ocrx_word' id='word_1_156' title='bbox 953 2064 1213 2130; x_wconf 92' lang='lat' dir='ltr'><strong>domum</strong></span> <span class='ocrx_word' id='word_1_157' title='bbox 1250 2063 1562 2129; x_wconf 86' lang='lat' dir='ltr'><strong>refertam</strong></span> <span class='ocrx_word' id='word_1_158' title='bbox 1599 2064 1756 2129; x_wconf 85' lang='lat' dir='ltr'><strong>viris</strong></span> <span class='ocrx_word' id='word_1_159' title='bbox 1794 2065 1984 2130; x_wconf 91' lang='lat' dir='ltr'><strong>bonis</strong></span> <span class='ocrx_word' id='word_1_160' title='bbox 2019 2086 2136 2149; x_wconf 88' lang='lat' dir='ltr'><strong>per</strong></span> <span class='ocrx_word' id='word_1_161' title='bbox 2171 2065 2416 2130; x_wconf 87' lang='lat' dir='ltr'><strong>amicos</strong></span> 
     </span>
     <span class='ocr_line' id='line_1_24' title="bbox 396 2152 2417 2238; baseline 0 -20"><span class='ocrx_word' id='word_1_162' title='bbox 396 2175 549 2218; x_wconf 90' lang='lat' dir='ltr'><strong>suos</strong></span> <span class='ocrx_word' id='word_1_163' title='bbox 613 2155 1021 2238; x_wconf 84' lang='lat' dir='ltr'><strong>complerent</strong></span> <span class='ocrx_word' id='word_1_164' title='bbox 1071 2152 1568 2237; x_wconf 91' lang='lat' dir='ltr'><strong>proscriptionis</strong></span> <span class='ocrx_word' id='word_1_165' title='bbox 1624 2156 1830 2237; x_wconf 90' lang='lat' dir='ltr'><strong>metu,</strong></span> <span class='ocrx_word' id='word_1_166' title='bbox 1895 2174 1998 2216; x_wconf 93' lang='lat' dir='ltr'><strong>me</strong></span> <span class='ocrx_word' id='word_1_167' title='bbox 2051 2152 2417 2237; x_wconf 87' lang='lat' dir='ltr'><strong>frequentia</strong></span> 
     </span>
     <span class='ocr_line' id='line_1_25' title="bbox 394 2240 2416 2326; baseline -0.001 -19"><span class='ocrx_word' id='word_1_168' title='bbox 394 2242 717 2307; x_wconf 89' lang='lat' dir='ltr'><strong>nudarent</strong></span> <span class='ocrx_word' id='word_1_169' title='bbox 771 2242 1063 2307; x_wconf 88' lang='lat' dir='ltr'><strong>virorum</strong></span> <span class='ocrx_word' id='word_1_170' title='bbox 1118 2240 1462 2322; x_wconf 88' lang='lat' dir='ltr'><strong>bonorum,</strong></span> <span class='ocrx_word' id='word_1_171' title='bbox 1517 2262 1622 2305; x_wconf 88' lang='lat' dir='ltr'><strong>me</strong></span> <span class='ocrx_word' id='word_1_172' title='bbox 1674 2240 1998 2326; x_wconf 87' lang='lat' dir='ltr'><strong>praesidio</strong></span> <span class='ocrx_word' id='word_1_173' title='bbox 2055 2241 2416 2326; x_wconf 87' lang='lat' dir='ltr'><strong>spoliarent</strong></span> 
     </span>
     <span class='ocr_line' id='line_1_26' title="bbox 396 2328 2416 2415; baseline 0.001 -21"><span class='ocrx_word' id='word_1_174' title='bbox 396 2334 690 2414; x_wconf 87' lang='lat' dir='ltr'><strong>senatus,</strong></span> <span class='ocrx_word' id='word_1_175' title='bbox 735 2352 854 2415; x_wconf 90' lang='lat' dir='ltr'><strong>pro</strong></span> <span class='ocrx_word' id='word_1_176' title='bbox 903 2351 1006 2394; x_wconf 89' lang='lat' dir='ltr'><strong>me</strong></span> <span class='ocrx_word' id='word_1_177' title='bbox 1050 2350 1183 2394; x_wconf 88' lang='lat' dir='ltr'><strong>non</strong></span> <span class='ocrx_word' id='word_1_178' title='bbox 1229 2328 1421 2394; x_wconf 92' lang='lat' dir='ltr'><strong>modo</strong></span> <span class='ocrx_word' id='word_1_179' title='bbox 1467 2349 1759 2415; x_wconf 87' lang='lat' dir='ltr'><strong>pugnare</strong></span> <span class='ocrx_word' id='word_1_180' title='bbox 1797 2329 2275 2413; x_wconf 89' lang='lat' dir='ltr'><strong>amplissimum</strong></span> <span class='ocrx_word' id='word_1_181' title='bbox 2321 2352 2416 2396; x_wconf 86' lang='lat' dir='ltr'><strong>or·</strong></span> 
     </span>
     <span class='ocr_line' id='line_1_27' title="bbox 393 2417 2486 2502; baseline -0.001 -21"><span class='ocrx_word' id='word_1_182' title='bbox 393 2418 633 2500; x_wconf 88' lang='lat' dir='ltr'><strong>dinem,</strong></span> <span class='ocrx_word' id='word_1_183' title='bbox 688 2418 800 2483; x_wconf 89' lang='lat' dir='ltr'><strong>sed</strong></span> <span class='ocrx_word' id='word_1_184' title='bbox 856 2417 1051 2483; x_wconf 89' lang='lat' dir='ltr'><strong>etiam</strong></span> <span class='ocrx_word' id='word_1_185' title='bbox 1109 2418 1368 2500; x_wconf 90' lang='lat' dir='ltr'><strong>plorare</strong></span> <span class='ocrx_word' id='word_1_186' title='bbox 1415 2420 1481 2481; x_wconf 89' lang='lat' dir='ltr'><strong>et</strong></span> <span class='ocrx_word' id='word_1_187' title='bbox 1525 2417 1890 2502; x_wconf 85' lang='lat' dir='ltr'><strong>supplicare</strong></span> <span class='ocrx_word' id='word_1_188' title='bbox 1935 2421 2193 2483; x_wconf 88' lang='lat' dir='ltr'><strong>mutata</strong></span> <span class='ocrx_word' id='word_1_189' title='bbox 2237 2424 2414 2483; x_wconf 84' lang='lat' dir='ltr'><strong>veste</strong></span> <span class='ocrx_word' id='word_1_190' title='bbox 2439 2440 2486 2479; x_wconf 79' lang='lat'><strong>2⁵</strong></span> 
     </span>
    </p>
   </div>
   <div class='ocr_carea' id='block_1_4' title="bbox 286 2486 2415 2612">
    <p class='ocr_par' dir='ltr' id='par_1_4' title="bbox 286 2486 2415 2612">
     <span class='ocr_line' id='line_1_28' title="bbox 286 2486 2415 2612; baseline 0.002 -45"><span class='ocrx_word' id='word_1_191' title='bbox 286 2486 375 2612; x_wconf 61' lang='lat'><strong>{62</strong></span> <span class='ocrx_word' id='word_1_192' title='bbox 395 2504 847 2589; x_wconf 89' lang='lat' dir='ltr'><strong>prohiberent,</strong></span> <span class='ocrx_word' id='word_1_193' title='bbox 899 2527 982 2571; x_wconf 90' lang='lat' dir='ltr'><strong>ne</strong></span> <span class='ocrx_word' id='word_1_194' title='bbox 1040 2510 1184 2569; x_wconf 90' lang='lat' dir='ltr'><strong>tum</strong></span> <span class='ocrx_word' id='word_1_195' title='bbox 1240 2504 1499 2588; x_wconf 90' lang='lat' dir='ltr'><strong>quidem</strong></span> <span class='ocrx_word' id='word_1_196' title='bbox 1552 2506 1650 2570; x_wconf 85' lang='lat' dir='ltr'><strong>vis</strong></span> <span class='ocrx_word' id='word_1_197' title='bbox 1705 2506 1888 2570; x_wconf 82' lang='lat' dir='ltr'><strong>erat‘?</strong></span> <span class='ocrx_word' id='word_1_198' title='bbox 1987 2504 2158 2581; x_wconf 84' lang='lat' dir='ltr'><strong>Quid</strong></span> <span class='ocrx_word' id='word_1_199' title='bbox 2211 2506 2415 2592; x_wconf 85' lang='lat' dir='ltr'><strong>igitur</strong></span> 
     </span>
    </p>
   </div>
   <div class='ocr_carea' id='block_1_5' title="bbox 283 3228 349 3277">
    <p class='ocr_par' dir='ltr' id='par_1_5' title="bbox 283 3228 349 3277">
     <span class='ocr_line' id='line_1_29' title="bbox 283 3228 349 3277; baseline 0 0"><span class='ocrx_word' id='word_1_200' title='bbox 283 3228 349 3277; x_wconf 81' lang='lat'><strong>57</strong></span> 
     </span>
    </p>
   </div>
   <div class='ocr_carea' id='block_1_6' title="bbox 388 2592 2474 3563">
    <p class='ocr_par' dir='ltr' id='par_1_6' title="bbox 388 2592 2474 3563">
     <span class='ocr_line' id='line_1_30' title="bbox 393 2592 2414 2679; baseline 0.002 -22"><span class='ocrx_word' id='word_1_201' title='bbox 393 2614 517 2679; x_wconf 83' lang='lat' dir='ltr'><strong>ego</strong></span> <span class='ocrx_word' id='word_1_202' title='bbox 573 2595 768 2676; x_wconf 90' lang='lat' dir='ltr'><strong>cessi,</strong></span> <span class='ocrx_word' id='word_1_203' title='bbox 825 2598 939 2657; x_wconf 91' lang='lat' dir='ltr'><strong>aut</strong></span> <span class='ocrx_word' id='word_1_204' title='bbox 992 2593 1103 2677; x_wconf 89' lang='lat' dir='ltr'><strong>qui</strong></span> <span class='ocrx_word' id='word_1_205' title='bbox 1157 2593 1359 2657; x_wconf 90' lang='lat' dir='ltr'><strong>timor</strong></span> <span class='ocrx_word' id='word_1_206' title='bbox 1400 2592 1527 2657; x_wconf 87' lang='lat' dir='ltr'><strong>fuit</strong></span> <span class='ocrx_word' id='word_1_207' title='bbox 1569 2616 1702 2659; x_wconf 88' lang='lat' dir='ltr'><strong>non</strong></span> <span class='ocrx_word' id='word_1_208' title='bbox 1748 2594 1960 2659; x_wconf 90' lang='lat' dir='ltr'><strong>dicam</strong></span> <span class='ocrx_word' id='word_1_209' title='bbox 2003 2595 2072 2657; x_wconf 92' lang='lat' dir='ltr'><strong>in</strong></span> <span class='ocrx_word' id='word_1_210' title='bbox 2115 2596 2269 2659; x_wconf 85' lang='lat' dir='ltr'><strong>me‘?</strong></span> <span class='ocrx_word' id='word_1_211' title='bbox 2311 2596 2414 2661; x_wconf 91' lang='lat' dir='ltr'><strong>fac</strong></span> 
     </span>
     <span class='ocr_line' id='line_1_31' title="bbox 392 2681 2416 2766; baseline 0.002 -21"><span class='ocrx_word' id='word_1_212' title='bbox 392 2702 497 2745; x_wconf 90' lang='lat' dir='ltr'><strong>me</strong></span> <span class='ocrx_word' id='word_1_213' title='bbox 552 2681 854 2746; x_wconf 87' lang='lat' dir='ltr'><strong>timidum</strong></span> <span class='ocrx_word' id='word_1_214' title='bbox 900 2703 1042 2746; x_wconf 89' lang='lat' dir='ltr'><strong>esse</strong></span> <span class='ocrx_word' id='word_1_215' title='bbox 1086 2684 1350 2765; x_wconf 87' lang='lat' dir='ltr'><strong>natura,</strong></span> <span class='ocrx_word' id='word_1_216' title='bbox 1405 2681 1604 2766; x_wconf 82' lang='lat' dir='ltr'><strong>quid‘?</strong></span> <span class='ocrx_word' id='word_1_217' title='bbox 1649 2682 1766 2747; x_wconf 88' lang='lat' dir='ltr'><strong>illa</strong></span> <span class='ocrx_word' id='word_1_218' title='bbox 1809 2685 1912 2747; x_wconf 87' lang='lat' dir='ltr'><strong>tot</strong></span> <span class='ocrx_word' id='word_1_219' title='bbox 1953 2683 2246 2748; x_wconf 89' lang='lat' dir='ltr'><strong>virorum</strong></span> <span class='ocrx_word' id='word_1_220' title='bbox 2291 2683 2416 2750; x_wconf 87' lang='lat' dir='ltr'><strong>for-</strong></span> 
     </span>
     <span class='ocr_line' id='line_1_32' title="bbox 394 2769 2412 2856; baseline 0.002 -23"><span class='ocrx_word' id='word_1_221' title='bbox 394 2769 798 2834; x_wconf 89' lang='lat' dir='ltr'><strong>tissimorum</strong></span> <span class='ocrx_word' id='word_1_222' title='bbox 845 2769 1046 2853; x_wconf 87' lang='lat' dir='ltr'><strong>milia,</strong></span> <span class='ocrx_word' id='word_1_223' title='bbox 1092 2769 1292 2853; x_wconf 76' lang='lat' dir='ltr'><strong>quid?</strong></span> <span class='ocrx_word' id='word_1_224' title='bbox 1337 2770 1548 2835; x_wconf 87' lang='lat' dir='ltr'><strong>nostri</strong></span> <span class='ocrx_word' id='word_1_225' title='bbox 1591 2771 1842 2854; x_wconf 87' lang='lat' dir='ltr'><strong>equites</strong></span> <span class='ocrx_word' id='word_1_226' title='bbox 1877 2770 2177 2853; x_wconf 87' lang='lat' dir='ltr'><strong>Romani,</strong></span> <span class='ocrx_word' id='word_1_227' title='bbox 2215 2772 2412 2856; x_wconf 79' lang='lat' dir='ltr'><strong>quid?</strong></span> 
     </span>
     <span class='ocr_line' id='line_1_33' title="bbox 391 2857 2474 2945; baseline -0.001 -23"><span class='ocrx_word' id='word_1_228' title='bbox 391 2861 681 2940; x_wconf 89' lang='lat' dir='ltr'><strong>senatus,</strong></span> <span class='ocrx_word' id='word_1_229' title='bbox 727 2858 925 2941; x_wconf 81' lang='lat' dir='ltr'><strong>quid‘?</strong></span> <span class='ocrx_word' id='word_1_230' title='bbox 970 2857 1245 2942; x_wconf 89' lang='lat' dir='ltr'><strong>denique</strong></span> <span class='ocrx_word' id='word_1_231' title='bbox 1293 2879 1515 2923; x_wconf 91' lang='lat' dir='ltr'><strong>omnes</strong></span> <span class='ocrx_word' id='word_1_232' title='bbox 1562 2858 1735 2942; x_wconf 89' lang='lat' dir='ltr'><strong>boni,</strong></span> <span class='ocrx_word' id='word_1_233' title='bbox 1781 2858 1838 2922; x_wconf 89' lang='lat' dir='ltr'><strong>si</strong></span> <span class='ocrx_word' id='word_1_234' title='bbox 1881 2859 2064 2923; x_wconf 88' lang='lat' dir='ltr'><strong>nulla</strong></span> <span class='ocrx_word' id='word_1_235' title='bbox 2109 2864 2256 2925; x_wconf 88' lang='lat' dir='ltr'><strong>erat</strong></span> <span class='ocrx_word' id='word_1_236' title='bbox 2297 2861 2412 2945; x_wconf 90' lang='lat' dir='ltr'><strong>vis,</strong></span> <span class='ocrx_word' id='word_1_237' title='bbox 2433 2880 2474 2919; x_wconf 73' lang='grc' dir='ltr'><strong>ω</strong></span> 
     </span>
     <span class='ocr_line' id='line_1_34' title="bbox 390 2946 2410 3031; baseline 0.001 -20"><span class='ocrx_word' id='word_1_238' title='bbox 390 2968 506 3011; x_wconf 90' lang='lat' dir='ltr'><strong>cur</strong></span> <span class='ocrx_word' id='word_1_239' title='bbox 554 2968 656 3010; x_wconf 92' lang='lat' dir='ltr'><strong>me</strong></span> <span class='ocrx_word' id='word_1_240' title='bbox 701 2946 929 3011; x_wconf 90' lang='lat' dir='ltr'><strong>flentes</strong></span> <span class='ocrx_word' id='word_1_241' title='bbox 974 2946 1193 3030; x_wconf 89' lang='lat' dir='ltr'><strong>potius</strong></span> <span class='ocrx_word' id='word_1_242' title='bbox 1240 2946 1568 3029; x_wconf 88' lang='lat' dir='ltr'><strong>prosecuti</strong></span> <span class='ocrx_word' id='word_1_243' title='bbox 1613 2950 1764 3011; x_wconf 90' lang='lat' dir='ltr'><strong>sunt</strong></span> <span class='ocrx_word' id='word_1_244' title='bbox 1809 2969 2004 3031; x_wconf 88' lang='lat' dir='ltr'><strong>quam</strong></span> <span class='ocrx_word' id='word_1_245' title='bbox 2051 2951 2168 3012; x_wconf 87' lang='lat' dir='ltr'><strong>aut</strong></span> <span class='ocrx_word' id='word_1_246' title='bbox 2211 2948 2410 3013; x_wconf 90' lang='lat' dir='ltr'><strong>incre-</strong></span> 
     </span>
     <span class='ocr_line' id='line_1_35' title="bbox 389 3033 2410 3119; baseline 0.002 -21"><span class='ocrx_word' id='word_1_247' title='bbox 389 3038 622 3119; x_wconf 88' lang='lat' dir='ltr'><strong>pantes</strong></span> <span class='ocrx_word' id='word_1_248' title='bbox 695 3034 1100 3099; x_wconf 88' lang='lat' dir='ltr'><strong>retinuerunt</strong></span> <span class='ocrx_word' id='word_1_249' title='bbox 1174 3036 1291 3097; x_wconf 89' lang='lat' dir='ltr'><strong>aut</strong></span> <span class='ocrx_word' id='word_1_250' title='bbox 1351 3034 1507 3098; x_wconf 90' lang='lat' dir='ltr'><strong>irati</strong></span> <span class='ocrx_word' id='word_1_251' title='bbox 1568 3034 2009 3118; x_wconf 73' lang='lat' dir='ltr'><strong>reliquerunt?</strong></span> <span class='ocrx_word' id='word_1_252' title='bbox 2117 3033 2228 3100; x_wconf 90' lang='lat' dir='ltr'><strong>An</strong></span> <span class='ocrx_word' id='word_1_253' title='bbox 2289 3038 2410 3102; x_wconf 90' lang='lat' dir='ltr'><strong>hoc</strong></span> 
     </span>
     <span class='ocr_line' id='line_1_36' title="bbox 390 3122 2410 3207; baseline 0.002 -21"><span class='ocrx_word' id='word_1_254' title='bbox 390 3124 722 3207; x_wconf 88' lang='lat' dir='ltr'><strong>timebam,</strong></span> <span class='ocrx_word' id='word_1_255' title='bbox 766 3122 824 3187; x_wconf 87' lang='lat' dir='ltr'><strong>si</strong></span> <span class='ocrx_word' id='word_1_256' title='bbox 868 3144 1119 3187; x_wconf 88' lang='lat' dir='ltr'><strong>mecum</strong></span> <span class='ocrx_word' id='word_1_257' title='bbox 1166 3127 1469 3207; x_wconf 86' lang='lat' dir='ltr'><strong>ageretur</strong></span> <span class='ocrx_word' id='word_1_258' title='bbox 1515 3144 1693 3187; x_wconf 90' lang='lat' dir='ltr'><strong>more</strong></span> <span class='ocrx_word' id='word_1_259' title='bbox 1739 3123 2169 3207; x_wconf 86' lang='lat' dir='ltr'><strong>institutoque</strong></span> <span class='ocrx_word' id='word_1_260' title='bbox 2215 3126 2410 3191; x_wconf 86' lang='lat' dir='ltr'><strong>maio—</strong></span> 
     </span>
     <span class='ocr_line' id='line_1_37' title="bbox 388 3209 2408 3296; baseline 0.001 -21"><span class='ocrx_word' id='word_1_261' title='bbox 388 3234 561 3294; x_wconf 84' lang='lat' dir='ltr'><strong>rum,</strong></span> <span class='ocrx_word' id='word_1_262' title='bbox 616 3215 690 3275; x_wconf 95' lang='lat' dir='ltr'><strong>ut</strong></span> <span class='ocrx_word' id='word_1_263' title='bbox 733 3232 994 3296; x_wconf 88' lang='lat' dir='ltr'><strong>possem</strong></span> <span class='ocrx_word' id='word_1_264' title='bbox 1039 3232 1346 3295; x_wconf 87' lang='lat' dir='ltr'><strong>praesens</strong></span> <span class='ocrx_word' id='word_1_265' title='bbox 1395 3210 1757 3276; x_wconf 77' lang='lat' dir='ltr'><strong>sustinere?</strong></span> <span class='ocrx_word' id='word_1_266' title='bbox 1846 3209 2114 3294; x_wconf 88' lang='lat' dir='ltr'><strong>Utrum,</strong></span> <span class='ocrx_word' id='word_1_267' title='bbox 2171 3212 2232 3276; x_wconf 90' lang='lat' dir='ltr'><strong>si</strong></span> <span class='ocrx_word' id='word_1_268' title='bbox 2277 3214 2408 3279; x_wconf 87' lang='lat' dir='ltr'><strong>dies</strong></span> 
     </span>
     <span class='ocr_line' id='line_1_38' title="bbox 390 3298 2468 3382; baseline -0.001 -19"><span class='ocrx_word' id='word_1_269' title='bbox 390 3299 565 3363; x_wconf 88' lang='lat' dir='ltr'><strong>dieta</strong></span> <span class='ocrx_word' id='word_1_270' title='bbox 599 3303 787 3382; x_wconf 88' lang='lat' dir='ltr'><strong>esset,</strong></span> <span class='ocrx_word' id='word_1_271' title='bbox 832 3298 1139 3364; x_wconf 89' lang='lat' dir='ltr'><strong>iudicium</strong></span> <span class='ocrx_word' id='word_1_272' title='bbox 1175 3298 1338 3361; x_wconf 88' lang='lat' dir='ltr'><strong>mihi</strong></span> <span class='ocrx_word' id='word_1_273' title='bbox 1372 3298 1500 3363; x_wconf 95' lang='lat' dir='ltr'><strong>fuit</strong></span> <span class='ocrx_word' id='word_1_274' title='bbox 1534 3299 2108 3379; x_wconf 87' lang='lat' dir='ltr'><strong>pertimescendum</strong></span> <span class='ocrx_word' id='word_1_275' title='bbox 2148 3322 2238 3365; x_wconf 86' lang='lat' dir='ltr'><strong>an</strong></span> <span class='ocrx_word' id='word_1_276' title='bbox 2274 3303 2408 3366; x_wconf 88' lang='lat' dir='ltr'><strong>sine</strong></span> <span class='ocrx_word' id='word_1_277' title='bbox 2429 3320 2468 3361; x_wconf 73' lang='lat'><strong>³⁵</strong></span> 
     </span>
     <span class='ocr_line' id='line_1_39' title="bbox 388 3385 2407 3475; baseline 0.002 -25"><span class='ocrx_word' id='word_1_278' title='bbox 388 3386 625 3451; x_wconf 89' lang='lat' dir='ltr'><strong>iudicio</strong></span> <span class='ocrx_word' id='word_1_279' title='bbox 673 3386 1136 3473; x_wconf 82' lang='lat' dir='ltr'><strong>privilegium?</strong></span> <span class='ocrx_word' id='word_1_280' title='bbox 1226 3385 1673 3452; x_wconf 85' lang='lat' dir='ltr'><strong>Iudiciumne‘?</strong></span> <span class='ocrx_word' id='word_1_281' title='bbox 1758 3386 1970 3453; x_wconf 87' lang='lat' dir='ltr'><strong>Causa</strong></span> <span class='ocrx_word' id='word_1_282' title='bbox 2013 3392 2152 3452; x_wconf 89' lang='lat' dir='ltr'><strong>tam</strong></span> <span class='ocrx_word' id='word_1_283' title='bbox 2197 3392 2407 3475; x_wconf 87' lang='lat' dir='ltr'><strong>turpis</strong></span> 
     </span>
     <span class='ocr_line' id='line_1_40' title="bbox 388 3473 2408 3563; baseline 0.004 -26"><span class='ocrx_word' id='word_1_284' title='bbox 388 3473 660 3558; x_wconf 88' lang='lat' dir='ltr'><strong>scilicet,</strong></span> <span class='ocrx_word' id='word_1_285' title='bbox 707 3474 929 3559; x_wconf 88' lang='lat' dir='ltr'><strong>homo,</strong></span> <span class='ocrx_word' id='word_1_286' title='bbox 977 3476 1085 3558; x_wconf 93' lang='lat' dir='ltr'><strong>qui</strong></span> <span class='ocrx_word' id='word_1_287' title='bbox 1132 3496 1304 3557; x_wconf 90' lang='lat' dir='ltr'><strong>eam,</strong></span> <span class='ocrx_word' id='word_1_288' title='bbox 1351 3474 1408 3538; x_wconf 95' lang='lat' dir='ltr'><strong>si</strong></span> <span class='ocrx_word' id='word_1_289' title='bbox 1452 3474 1586 3539; x_wconf 91' lang='lat' dir='ltr'><strong>iam</strong></span> <span class='ocrx_word' id='word_1_290' title='bbox 1631 3481 1804 3541; x_wconf 87' lang='lat' dir='ltr'><strong>esset</strong></span> <span class='ocrx_word' id='word_1_291' title='bbox 1847 3476 2094 3563; x_wconf 85' lang='lat' dir='ltr'><strong>ignota,</strong></span> <span class='ocrx_word' id='word_1_292' title='bbox 2140 3476 2408 3545; x_wconf 89' lang='lat' dir='ltr'><strong>dicendo</strong></span> 
     </span>
    </p>
   </div>
  </div>
 </body>
</html>
