<?xml version="1.0" encoding="UTF-8"?>
<!DOCTYPE html PUBLIC "-//W3C//DTD XHTML 1.0 Transitional//EN"
    "http://www.w3.org/TR/xhtml1/DTD/xhtml1-transitional.dtd">
<html xmlns="http://www.w3.org/1999/xhtml" xml:lang="en" lang="en">
 <head>
  <title>
</title>
<meta http-equiv="Content-Type" content="text/html;charset=utf-8" />
  <meta name='ocr-system' content='tesseract 3.04.00' />
  <meta name='ocr-capabilities' content='ocr_page ocr_carea ocr_par ocr_line ocrx_word'/>
</head>
<body>
  <div class='ocr_page' id='page_1' title='image "./scriptaquaemans03mlgoog_0580.png"; bbox 0 0 2534 3875; ppageno 0'>
   <div class='ocr_carea' id='block_1_1' title="bbox 226 1122 293 1171">
    <p class='ocr_par' dir='ltr' id='par_1_1' title="bbox 226 1122 293 1171">
     <span class='ocr_line' id='line_1_1' title="bbox 226 1122 293 1171; baseline -0.015 0"><span class='ocrx_word' id='word_1_1' title='bbox 226 1122 293 1171; x_wconf 83' lang='lat'><strong>31</strong></span> 
     </span>
    </p>
   </div>
   <div class='ocr_carea' id='block_1_2' title="bbox 223 2263 292 2312">
    <p class='ocr_par' dir='ltr' id='par_1_2' title="bbox 223 2263 292 2312">
     <span class='ocr_line' id='line_1_2' title="bbox 223 2263 292 2312; baseline -0.014 0"><span class='ocrx_word' id='word_1_2' title='bbox 223 2263 292 2312; x_wconf 80' lang='lat'><strong>32</strong></span> 
     </span>
    </p>
   </div>
   <div class='ocr_carea' id='block_1_3' title="bbox 337 166 2168 233">
    <p class='ocr_par' dir='ltr' id='par_1_3' title="bbox 337 166 2168 233">
     <span class='ocr_line' id='line_1_3' title="bbox 337 166 2168 233; baseline -0.002 -7"><span class='ocrx_word' id='word_1_3' title='bbox 337 169 473 233; x_wconf 84' lang='lat'><strong>442</strong></span> <span class='ocrx_word' id='word_1_4' title='bbox 549 166 815 224; x_wconf 81' lang='lat' dir='ltr'><strong>ORATIO</strong></span> <span class='ocrx_word' id='word_1_5' title='bbox 852 166 1038 223; x_wconf 85' lang='lat' dir='ltr'>POST</span> <span class='ocrx_word' id='word_1_6' title='bbox 1072 167 1404 222; x_wconf 82' lang='lat' dir='ltr'><strong>REDITUM</strong></span> <span class='ocrx_word' id='word_1_7' title='bbox 1440 167 1520 221; x_wconf 86' lang='lat' dir='ltr'><strong>IN</strong></span> <span class='ocrx_word' id='word_1_8' title='bbox 1558 166 1845 222; x_wconf 86' lang='lat' dir='ltr'><strong>SENATU</strong></span> <span class='ocrx_word' id='word_1_9' title='bbox 1880 167 2168 223; x_wconf 85' lang='lat' dir='ltr'><strong>HABITA.</strong></span> 
     </span>
    </p>
   </div>
   <div class='ocr_carea' id='block_1_4' title="bbox 329 310 2530 2510">
    <p class='ocr_par' dir='ltr' id='par_1_4' title="bbox 330 310 2530 2246">
     <span class='ocr_line' id='line_1_4' title="bbox 338 310 2375 400; baseline -0.002 -21"><span class='ocrx_word' id='word_1_10' title='bbox 338 318 492 379; x_wconf 91' lang='lat' dir='ltr'><strong>sunt</strong></span> <span class='ocrx_word' id='word_1_11' title='bbox 545 313 617 378; x_wconf 91' lang='lat' dir='ltr'><strong>in</strong></span> <span class='ocrx_word' id='word_1_12' title='bbox 668 336 774 379; x_wconf 93' lang='lat' dir='ltr'><strong>me</strong></span> <span class='ocrx_word' id='word_1_13' title='bbox 827 314 1177 400; x_wconf 83' lang='lat' dir='ltr'><strong>praecipua</strong></span> <span class='ocrx_word' id='word_1_14' title='bbox 1230 312 1468 377; x_wconf 87' lang='lat' dir='ltr'><strong>merita</strong></span> <span class='ocrx_word' id='word_1_15' title='bbox 1520 312 1904 395; x_wconf 87' lang='lat' dir='ltr'><strong>multorum,</strong></span> <span class='ocrx_word' id='word_1_16' title='bbox 1959 334 2125 397; x_wconf 86' lang='lat' dir='ltr'><strong>quae</strong></span> <span class='ocrx_word' id='word_1_17' title='bbox 2176 310 2375 375; x_wconf 86' lang='lat' dir='ltr'><strong>silere</strong></span> 
     </span>
     <span class='ocr_line' id='line_1_5' title="bbox 335 399 2373 503; baseline -0.001 -37"><span class='ocrx_word' id='word_1_18' title='bbox 335 403 517 467; x_wconf 91' lang='lat' dir='ltr'><strong>nullo</strong></span> <span class='ocrx_word' id='word_1_19' title='bbox 564 403 757 467; x_wconf 89' lang='lat' dir='ltr'><strong>modo</strong></span> <span class='ocrx_word' id='word_1_20' title='bbox 804 424 1091 503; x_wconf 80' lang='lat' dir='ltr'><strong>possum,</strong></span> <span class='ocrx_word' id='word_1_21' title='bbox 1126 408 1353 466; x_wconf 91' lang='lat' dir='ltr'><strong>tamen</strong></span> <span class='ocrx_word' id='word_1_22' title='bbox 1388 400 1580 465; x_wconf 88' lang='lat' dir='ltr'><strong>huius</strong></span> <span class='ocrx_word' id='word_1_23' title='bbox 1626 401 1940 484; x_wconf 89' lang='lat' dir='ltr'><strong>temporis</strong></span> <span class='ocrx_word' id='word_1_24' title='bbox 1987 422 2064 465; x_wconf 91' lang='lat' dir='ltr'><strong>ac</strong></span> <span class='ocrx_word' id='word_1_25' title='bbox 2108 399 2373 464; x_wconf 89' lang='lat' dir='ltr'><strong>timoris</strong></span> 
     </span>
     <span class='ocr_line' id='line_1_6' title="bbox 336 488 2375 555; baseline -0.001 -2"><span class='ocrx_word' id='word_1_26' title='bbox 336 490 467 554; x_wconf 89' lang='lat' dir='ltr'><strong>mei</strong></span> <span class='ocrx_word' id='word_1_27' title='bbox 508 512 644 555; x_wconf 93' lang='lat' dir='ltr'><strong>non</strong></span> <span class='ocrx_word' id='word_1_28' title='bbox 688 494 790 555; x_wconf 90' lang='lat' dir='ltr'><strong>est</strong></span> <span class='ocrx_word' id='word_1_29' title='bbox 836 491 1055 555; x_wconf 88' lang='lat' dir='ltr'><strong>conari</strong></span> <span class='ocrx_word' id='word_1_30' title='bbox 1103 509 1611 555; x_wconf 85' lang='lat' dir='ltr'><strong>commemorare</strong></span> <span class='ocrx_word' id='word_1_31' title='bbox 1646 488 2012 553; x_wconf 83' lang='lat' dir='ltr'><strong>beneficia</strong></span> <span class='ocrx_word' id='word_1_32' title='bbox 1994 510 2062 553; x_wconf 91' lang='lat' dir='ltr'><strong>m</strong></span> <span class='ocrx_word' id='word_1_33' title='bbox 2098 510 2204 552; x_wconf 92' lang='lat' dir='ltr'><strong>me</strong></span> <span class='ocrx_word' id='word_1_34' title='bbox 2240 488 2375 551; x_wconf 88' lang='lat' dir='ltr'><strong>sin·</strong></span> 
     </span>
     <span class='ocr_line' id='line_1_7' title="bbox 339 576 2371 663; baseline -0.001 -21"><span class='ocrx_word' id='word_1_35' title='bbox 339 578 676 663; x_wconf 82' lang='lat' dir='ltr'><strong>gulorum3</strong></span> <span class='ocrx_word' id='word_1_36' title='bbox 729 600 884 643; x_wconf 85' lang='lat' dir='ltr'><strong>nam</strong></span> <span class='ocrx_word' id='word_1_37' title='bbox 932 578 1196 643; x_wconf 88' lang='lat' dir='ltr'><strong>difficile</strong></span> <span class='ocrx_word' id='word_1_38' title='bbox 1242 580 1345 641; x_wconf 90' lang='lat' dir='ltr'><strong>est</strong></span> <span class='ocrx_word' id='word_1_39' title='bbox 1387 599 1519 641; x_wconf 92' lang='lat' dir='ltr'><strong>non</strong></span> <span class='ocrx_word' id='word_1_40' title='bbox 1564 576 1873 659; x_wconf 86' lang='lat' dir='ltr'><strong>aliquem,</strong></span> <span class='ocrx_word' id='word_1_41' title='bbox 1917 577 2101 641; x_wconf 88' lang='lat' dir='ltr'><strong>nefas</strong></span> <span class='ocrx_word' id='word_1_42' title='bbox 2148 597 2371 659; x_wconf 88' lang='lat' dir='ltr'><strong>quem·</strong></span> 
     </span>
     <span class='ocr_line' id='line_1_8' title="bbox 339 664 2428 766; baseline -0.003 -37"><span class='ocrx_word' id='word_1_43' title='bbox 339 687 537 749; x_wconf 90' lang='lat' dir='ltr'><strong>quam</strong></span> <span class='ocrx_word' id='word_1_44' title='bbox 571 666 948 751; x_wconf 87' lang='lat' dir='ltr'><strong>praeterire.</strong></span> <span class='ocrx_word' id='word_1_45' title='bbox 1011 666 1160 751; x_wconf 86' lang='lat' dir='ltr'><strong>Ego</strong></span> <span class='ocrx_word' id='word_1_46' title='bbox 1196 686 1317 730; x_wconf 86' lang='lat' dir='ltr'><strong>vos</strong></span> <span class='ocrx_word' id='word_1_47' title='bbox 1355 665 1710 744; x_wconf 75' lang='lat' dir='ltr'><strong>univerSOS,</strong></span> <span class='ocrx_word' id='word_1_48' title='bbox 1743 667 1967 749; x_wconf 89' lang='lat' dir='ltr'><strong>patres</strong></span> <span class='ocrx_word' id='word_1_49' title='bbox 1995 664 2371 766; x_wconf 74' lang='lat' dir='ltr'><strong>conscripti,</strong></span> <span class='ocrx_word' id='word_1_50' title='bbox 2400 680 2428 722; x_wconf 85' lang='lat'><strong>5</strong></span> 
     </span>
     <span class='ocr_line' id='line_1_9' title="bbox 336 750 2369 835; baseline -0.001 -18"><span class='ocrx_word' id='word_1_51' title='bbox 336 754 604 818; x_wconf 91' lang='lat' dir='ltr'><strong>deorum</strong></span> <span class='ocrx_word' id='word_1_52' title='bbox 670 775 940 818; x_wconf 90' lang='lat' dir='ltr'><strong>numero</strong></span> <span class='ocrx_word' id='word_1_53' title='bbox 998 756 1206 818; x_wconf 88' lang='lat' dir='ltr'><strong>colere</strong></span> <span class='ocrx_word' id='word_1_54' title='bbox 1260 754 1484 817; x_wconf 88' lang='lat' dir='ltr'><strong>debe0.</strong></span> <span class='ocrx_word' id='word_1_55' title='bbox 1583 750 1735 835; x_wconf 85' lang='lat' dir='ltr'>Sed,</span> <span class='ocrx_word' id='word_1_56' title='bbox 1797 756 1873 816; x_wconf 91' lang='lat' dir='ltr'><strong>ut</strong></span> <span class='ocrx_word' id='word_1_57' title='bbox 1923 751 1993 815; x_wconf 92' lang='lat' dir='ltr'><strong>in</strong></span> <span class='ocrx_word' id='word_1_58' title='bbox 2044 752 2210 835; x_wconf 90' lang='lat' dir='ltr'><strong>ipsis</strong></span> <span class='ocrx_word' id='word_1_59' title='bbox 2266 752 2369 815; x_wconf 91' lang='lat' dir='ltr'><strong>dis</strong></span> 
     </span>
     <span class='ocr_line' id='line_1_10' title="bbox 334 840 2369 926; baseline -0.001 -21"><span class='ocrx_word' id='word_1_60' title='bbox 334 842 820 907; x_wconf 85' lang='lat' dir='ltr'><strong>immortalibus</strong></span> <span class='ocrx_word' id='word_1_61' title='bbox 883 864 1016 907; x_wconf 91' lang='lat' dir='ltr'><strong>non</strong></span> <span class='ocrx_word' id='word_1_62' title='bbox 1082 863 1338 926; x_wconf 90' lang='lat' dir='ltr'><strong>semper</strong></span> <span class='ocrx_word' id='word_1_63' title='bbox 1402 840 1662 905; x_wconf 90' lang='lat' dir='ltr'><strong>eosdem</strong></span> <span class='ocrx_word' id='word_1_64' title='bbox 1726 842 1923 924; x_wconf 89' lang='lat' dir='ltr'><strong>atque</strong></span> <span class='ocrx_word' id='word_1_65' title='bbox 1976 840 2141 904; x_wconf 85' lang='lat' dir='ltr'><strong>alias</strong></span> <span class='ocrx_word' id='word_1_66' title='bbox 2197 840 2369 904; x_wconf 89' lang='lat' dir='ltr'><strong>alios</strong></span> 
     </span>
     <span class='ocr_line' id='line_1_11' title="bbox 336 927 2369 1013; baseline -0.001 -19"><span class='ocrx_word' id='word_1_67' title='bbox 336 930 620 995; x_wconf 89' lang='lat' dir='ltr'><strong>solemus</strong></span> <span class='ocrx_word' id='word_1_68' title='bbox 677 933 744 994; x_wconf 92' lang='grc'><strong>31</strong></span> <span class='ocrx_word' id='word_1_69' title='bbox 797 931 1093 995; x_wconf 81' lang='lat' dir='ltr'><strong>venerari</strong></span> <span class='ocrx_word' id='word_1_70' title='bbox 1149 935 1215 994; x_wconf 92' lang='lat' dir='ltr'><strong>et</strong></span> <span class='ocrx_word' id='word_1_71' title='bbox 1271 929 1549 1013; x_wconf 85' lang='lat' dir='ltr'><strong>precari,</strong></span> <span class='ocrx_word' id='word_1_72' title='bbox 1604 928 1697 992; x_wconf 92' lang='lat' dir='ltr'><strong>sic</strong></span> <span class='ocrx_word' id='word_1_73' title='bbox 1750 929 1823 991; x_wconf 93' lang='lat' dir='ltr'><strong>in</strong></span> <span class='ocrx_word' id='word_1_74' title='bbox 1864 927 2241 993; x_wconf 86' lang='lat' dir='ltr'><strong>hominibus</strong></span> <span class='ocrx_word' id='word_1_75' title='bbox 2290 927 2369 992; x_wconf 91' lang='lat' dir='ltr'><strong>de</strong></span> 
     </span>
     <span class='ocr_line' id='line_1_12' title="bbox 335 1016 2367 1083; baseline -0.001 -2"><span class='ocrx_word' id='word_1_76' title='bbox 335 1040 438 1083; x_wconf 90' lang='lat' dir='ltr'><strong>me</strong></span> <span class='ocrx_word' id='word_1_77' title='bbox 486 1017 798 1082; x_wconf 86' lang='lat' dir='ltr'><strong>divinitus</strong></span> <span class='ocrx_word' id='word_1_78' title='bbox 845 1018 1098 1083; x_wconf 89' lang='lat' dir='ltr'><strong>meritis</strong></span> <span class='ocrx_word' id='word_1_79' title='bbox 1146 1018 1357 1081; x_wconf 89' lang='lat' dir='ltr'><strong>omnis</strong></span> <span class='ocrx_word' id='word_1_80' title='bbox 1403 1017 1528 1081; x_wconf 90' lang='lat' dir='ltr'><strong>erit</strong></span> <span class='ocrx_word' id='word_1_81' title='bbox 1573 1021 1754 1081; x_wconf 91' lang='lat' dir='ltr'><strong>aetas</strong></span> <span class='ocrx_word' id='word_1_82' title='bbox 1800 1016 1963 1080; x_wconf 88' lang='lat' dir='ltr'><strong>mihi</strong></span> <span class='ocrx_word' id='word_1_83' title='bbox 2008 1016 2092 1080; x_wconf 85' lang='lat' dir='ltr'><strong>ad</strong></span> <span class='ocrx_word' id='word_1_84' title='bbox 2138 1037 2367 1081; x_wconf 89' lang='lat' dir='ltr'><strong>eorum</strong></span> 
     </span>
     <span class='ocr_line' id='line_1_13' title="bbox 335 1103 2453 1191; baseline -0.004 -22"><span class='ocrx_word' id='word_1_85' title='bbox 335 1126 495 1191; x_wconf 85' lang='lat' dir='ltr'><strong>erga</strong></span> <span class='ocrx_word' id='word_1_86' title='bbox 530 1128 634 1169; x_wconf 92' lang='lat' dir='ltr'><strong>me</strong></span> <span class='ocrx_word' id='word_1_87' title='bbox 663 1108 900 1170; x_wconf 88' lang='lat' dir='ltr'><strong>merita</strong></span> <span class='ocrx_word' id='word_1_88' title='bbox 928 1105 1359 1188; x_wconf 85' lang='lat' dir='ltr'><strong>praedicanda</strong></span> <span class='ocrx_word' id='word_1_89' title='bbox 1387 1108 1581 1189; x_wconf 86' lang='lat' dir='ltr'><strong>atque</strong></span> <span class='ocrx_word' id='word_1_90' title='bbox 1609 1104 1965 1169; x_wconf 86' lang='lat' dir='ltr'><strong>recolenda.</strong></span> <span class='ocrx_word' id='word_1_91' title='bbox 2027 1103 2365 1169; x_wconf 89' lang='lat' dir='ltr'><strong>Hodierno</strong></span> <span class='ocrx_word' id='word_1_92' title='bbox 2398 1122 2453 1162; x_wconf 87' lang='grc' dir='ltr'><strong>ιο</strong></span> 
     </span>
     <span class='ocr_line' id='line_1_14' title="bbox 335 1191 2369 1278; baseline 0 -21"><span class='ocrx_word' id='word_1_93' title='bbox 335 1198 555 1258; x_wconf 86' lang='lat' dir='ltr'><strong>autem</strong></span> <span class='ocrx_word' id='word_1_94' title='bbox 602 1194 706 1257; x_wconf 90' lang='lat' dir='ltr'><strong>die</strong></span> <span class='ocrx_word' id='word_1_95' title='bbox 749 1194 1140 1259; x_wconf 85' lang='lat' dir='ltr'><strong>nominatim</strong></span> <span class='ocrx_word' id='word_1_96' title='bbox 1186 1215 1227 1257; x_wconf 90' lang='lat' dir='ltr'><strong>a</strong></span> <span class='ocrx_word' id='word_1_97' title='bbox 1272 1215 1377 1257; x_wconf 90' lang='lat' dir='ltr'><strong>me</strong></span> <span class='ocrx_word' id='word_1_98' title='bbox 1423 1191 1921 1278; x_wconf 87' lang='lat' dir='ltr'><strong>magistratibus</strong></span> <span class='ocrx_word' id='word_1_99' title='bbox 1969 1192 2175 1257; x_wconf 88' lang='lat' dir='ltr'><strong>statui</strong></span> <span class='ocrx_word' id='word_1_100' title='bbox 2222 1213 2369 1278; x_wconf 83' lang='lat' dir='ltr'><strong>gra·</strong></span> 
     </span>
     <span class='ocr_line' id='line_1_15' title="bbox 332 1281 2367 1383; baseline 0 -38"><span class='ocrx_word' id='word_1_101' title='bbox 332 1281 463 1345; x_wconf 89' lang='lat' dir='ltr'><strong>tias</strong></span> <span class='ocrx_word' id='word_1_102' title='bbox 523 1303 663 1346; x_wconf 90' lang='lat' dir='ltr'><strong>esse</strong></span> <span class='ocrx_word' id='word_1_103' title='bbox 721 1283 1008 1383; x_wconf 76' lang='lat' dir='ltr'><strong>agendas</strong></span> <span class='ocrx_word' id='word_1_104' title='bbox 1065 1286 1132 1347; x_wconf 92' lang='grc'><strong>31</strong></span> <span class='ocrx_word' id='word_1_105' title='bbox 1188 1282 1266 1345; x_wconf 92' lang='lat' dir='ltr'><strong>de</strong></span> <span class='ocrx_word' id='word_1_106' title='bbox 1313 1281 1585 1364; x_wconf 84' lang='lat' dir='ltr'><strong>privatis</strong></span> <span class='ocrx_word' id='word_1_107' title='bbox 1631 1281 1771 1363; x_wconf 92' lang='lat' dir='ltr'><strong>uni,</strong></span> <span class='ocrx_word' id='word_1_108' title='bbox 1826 1282 1937 1363; x_wconf 90' lang='lat' dir='ltr'><strong>qui</strong></span> <span class='ocrx_word' id='word_1_109' title='bbox 1981 1302 2103 1365; x_wconf 87' lang='lat' dir='ltr'><strong>pro</strong></span> <span class='ocrx_word' id='word_1_110' title='bbox 2150 1281 2367 1345; x_wconf 89' lang='lat' dir='ltr'><strong>salute</strong></span> 
     </span>
     <span class='ocr_line' id='line_1_16' title="bbox 333 1368 2369 1454; baseline -0 -21"><span class='ocrx_word' id='word_1_111' title='bbox 333 1390 481 1433; x_wconf 90' lang='lat' dir='ltr'><strong>mea</strong></span> <span class='ocrx_word' id='word_1_112' title='bbox 517 1370 872 1454; x_wconf 88' lang='lat' dir='ltr'><strong>municipia</strong></span> <span class='ocrx_word' id='word_1_113' title='bbox 909 1370 1327 1454; x_wconf 84' lang='lat' dir='ltr'><strong>coloniasque</strong></span> <span class='ocrx_word' id='word_1_114' title='bbox 1356 1368 1617 1451; x_wconf 86' lang='lat' dir='ltr'><strong>adisset,</strong></span> <span class='ocrx_word' id='word_1_115' title='bbox 1651 1368 1967 1453; x_wconf 90' lang='lat' dir='ltr'><strong>populum</strong></span> <span class='ocrx_word' id='word_1_116' title='bbox 1994 1368 2369 1433; x_wconf 84' lang='lat' dir='ltr'><strong>Romanum</strong></span> 
     </span>
     <span class='ocr_line' id='line_1_17' title="bbox 335 1457 2367 1541; baseline 0 -20"><span class='ocrx_word' id='word_1_117' title='bbox 335 1457 609 1541; x_wconf 84' lang='lat' dir='ltr'>supplex</span> <span class='ocrx_word' id='word_1_118' title='bbox 665 1458 1102 1541; x_wconf 75' lang='lat' dir='ltr'><strong>obsecrasset,</strong></span> <span class='ocrx_word' id='word_1_119' title='bbox 1168 1457 1562 1521; x_wconf 87' lang='lat' dir='ltr'><strong>sententiam</strong></span> <span class='ocrx_word' id='word_1_120' title='bbox 1618 1457 1889 1521; x_wconf 77' lang='lat' dir='ltr'><strong>dixisset</strong></span> <span class='ocrx_word' id='word_1_121' title='bbox 1943 1478 2114 1538; x_wconf 89' lang='lat' dir='ltr'><strong>eam,</strong></span> <span class='ocrx_word' id='word_1_122' title='bbox 2170 1478 2367 1540; x_wconf 89' lang='lat' dir='ltr'><strong>quam</strong></span> 
     </span>
     <span class='ocr_line' id='line_1_18' title="bbox 331 1544 2446 1632; baseline 0 -23"><span class='ocrx_word' id='word_1_123' title='bbox 331 1566 450 1609; x_wconf 85' lang='lat' dir='ltr'><strong>vos</strong></span> <span class='ocrx_word' id='word_1_124' title='bbox 518 1547 723 1610; x_wconf 90' lang='lat' dir='ltr'><strong>secuti</strong></span> <span class='ocrx_word' id='word_1_125' title='bbox 786 1547 952 1610; x_wconf 90' lang='lat' dir='ltr'><strong>mihi</strong></span> <span class='ocrx_word' id='word_1_126' title='bbox 1015 1546 1408 1632; x_wconf 85' lang='lat' dir='ltr'><strong>dignitatem</strong></span> <span class='ocrx_word' id='word_1_127' title='bbox 1472 1566 1684 1609; x_wconf 92' lang='lat' dir='ltr'><strong>meam</strong></span> <span class='ocrx_word' id='word_1_128' title='bbox 1745 1544 2135 1610; x_wconf 77' lang='lat' dir='ltr'><strong>reddidistis.</strong></span> <span class='ocrx_word' id='word_1_129' title='bbox 2226 1544 2365 1609; x_wconf 89' lang='lat' dir='ltr'><strong>Vos</strong></span> <span class='ocrx_word' id='word_1_130' title='bbox 2394 1561 2446 1602; x_wconf 85' lang='lat'><strong>15</strong></span> 
     </span>
     <span class='ocr_line' id='line_1_19' title="bbox 333 1629 2367 1717; baseline 0 -20"><span class='ocrx_word' id='word_1_131' title='bbox 333 1654 438 1697; x_wconf 90' lang='lat' dir='ltr'><strong>me</strong></span> <span class='ocrx_word' id='word_1_132' title='bbox 481 1633 824 1699; x_wconf 91' lang='lat' dir='ltr'><strong>florentem</strong></span> <span class='ocrx_word' id='word_1_133' title='bbox 873 1655 1130 1717; x_wconf 87' lang='lat' dir='ltr'><strong>semper</strong></span> <span class='ocrx_word' id='word_1_134' title='bbox 1176 1634 1488 1717; x_wconf 89' lang='lat' dir='ltr'><strong>ornastis,</strong></span> <span class='ocrx_word' id='word_1_135' title='bbox 1541 1633 1954 1698; x_wconf 83' lang='lat' dir='ltr'><strong>laborantem</strong></span> <span class='ocrx_word' id='word_1_136' title='bbox 2000 1629 2367 1697; x_wconf 83' lang='lat' dir='ltr'><strong>mutatione</strong></span> 
     </span>
     <span class='ocr_line' id='line_1_20' title="bbox 331 1720 2370 1823; baseline 0 -38"><span class='ocrx_word' id='word_1_137' title='bbox 331 1721 536 1786; x_wconf 86' lang='lat' dir='ltr'><strong>vestis</strong></span> <span class='ocrx_word' id='word_1_138' title='bbox 585 1726 652 1786; x_wconf 90' lang='lat' dir='ltr'><strong>et</strong></span> <span class='ocrx_word' id='word_1_139' title='bbox 695 1744 900 1823; x_wconf 90' lang='lat' dir='ltr'><strong>prope</strong></span> <span class='ocrx_word' id='word_1_140' title='bbox 947 1724 1128 1786; x_wconf 90' lang='lat' dir='ltr'><strong>luctu</strong></span> <span class='ocrx_word' id='word_1_141' title='bbox 1174 1725 1415 1805; x_wconf 84' lang='lat' dir='ltr'><strong>vestro,</strong></span> <span class='ocrx_word' id='word_1_142' title='bbox 1462 1720 1675 1804; x_wconf 91' lang='lat' dir='ltr'><strong>quoad</strong></span> <span class='ocrx_word' id='word_1_143' title='bbox 1719 1721 1923 1801; x_wconf 87' lang='lat' dir='ltr'><strong>licuit,</strong></span> <span class='ocrx_word' id='word_1_144' title='bbox 1968 1720 2370 1785; x_wconf 77' lang='lat' dir='ltr'><strong>defendistis,</strong></span> 
     </span>
     <span class='ocr_line' id='line_1_21' title="bbox 332 1807 2369 1894; baseline -0.001 -21"><span class='ocrx_word' id='word_1_145' title='bbox 332 1807 583 1874; x_wconf 87' lang='lat' dir='ltr'><strong>Nostra</strong></span> <span class='ocrx_word' id='word_1_146' title='bbox 631 1810 945 1874; x_wconf 89' lang='lat' dir='ltr'><strong>memoria</strong></span> <span class='ocrx_word' id='word_1_147' title='bbox 991 1815 1325 1874; x_wconf 82' lang='lat' dir='ltr'><strong>senatores</strong></span> <span class='ocrx_word' id='word_1_148' title='bbox 1361 1831 1445 1874; x_wconf 92' lang='lat' dir='ltr'><strong>ne</strong></span> <span class='ocrx_word' id='word_1_149' title='bbox 1481 1809 1553 1873; x_wconf 91' lang='lat' dir='ltr'><strong>in</strong></span> <span class='ocrx_word' id='word_1_150' title='bbox 1589 1809 1723 1873; x_wconf 87' lang='grc'>31113</span> <span class='ocrx_word' id='word_1_151' title='bbox 1764 1809 2022 1893; x_wconf 89' lang='lat' dir='ltr'><strong>quidem</strong></span> <span class='ocrx_word' id='word_1_152' title='bbox 2059 1808 2369 1894; x_wconf 88' lang='lat' dir='ltr'><strong>periculis</strong></span> 
     </span>
     <span class='ocr_line' id='line_1_22' title="bbox 332 1896 2530 1982; baseline 0 -20"><span class='ocrx_word' id='word_1_153' title='bbox 332 1902 590 1963; x_wconf 88' lang='lat' dir='ltr'><strong>mutare</strong></span> <span class='ocrx_word' id='word_1_154' title='bbox 629 1903 878 1963; x_wconf 84' lang='lat' dir='ltr'><strong>vestem</strong></span> <span class='ocrx_word' id='word_1_155' title='bbox 917 1899 1245 1982; x_wconf 82' lang='lat' dir='ltr'><strong>solebant3</strong></span> <span class='ocrx_word' id='word_1_156' title='bbox 1281 1898 1353 1963; x_wconf 89' lang='lat' dir='ltr'><strong>in</strong></span> <span class='ocrx_word' id='word_1_157' title='bbox 1388 1919 1533 1964; x_wconf 88' lang='lat' dir='ltr'><strong>meo</strong></span> <span class='ocrx_word' id='word_1_158' title='bbox 1562 1896 1850 1982; x_wconf 88' lang='lat' dir='ltr'><strong>periculo</strong></span> <span class='ocrx_word' id='word_1_159' title='bbox 1881 1900 2146 1962; x_wconf 87' lang='lat' dir='ltr'><strong>senatus</strong></span> <span class='ocrx_word' id='word_1_160' title='bbox 2184 1900 2369 1962; x_wconf 85' lang='lat' dir='ltr'><strong>veste</strong></span> <span class='ocrx_word' id='word_1_161' title='bbox 2529 1961 2530 1968; x_wconf 68' lang='grc'>,</span> 
     </span>
     <span class='ocr_line' id='line_1_23' title="bbox 333 1947 2530 2071; baseline -0 -21"><span class='ocrx_word' id='word_1_162' title='bbox 333 1990 590 2051; x_wconf 88' lang='grc'>13111313</span> <span class='ocrx_word' id='word_1_163' title='bbox 633 1986 789 2070; x_wconf 86' lang='lat' dir='ltr'><strong>fuit,</strong></span> <span class='ocrx_word' id='word_1_164' title='bbox 845 1987 1060 2070; x_wconf 88' lang='lat' dir='ltr'><strong>quoad</strong></span> <span class='ocrx_word' id='word_1_165' title='bbox 1106 1947 1291 2051; x_wconf 78' lang='lat' dir='ltr'><strong>licuit</strong></span> <span class='ocrx_word' id='word_1_166' title='bbox 1335 2008 1453 2071; x_wconf 91' lang='lat' dir='ltr'><strong>per</strong></span> <span class='ocrx_word' id='word_1_167' title='bbox 1499 2008 1721 2050; x_wconf 87' lang='lat' dir='ltr'><strong>eorum</strong></span> <span class='ocrx_word' id='word_1_168' title='bbox 1768 1986 2004 2068; x_wconf 86' lang='lat' dir='ltr'><strong>edicta,</strong></span> <span class='ocrx_word' id='word_1_169' title='bbox 2060 1985 2174 2068; x_wconf 89' lang='lat' dir='ltr'><strong>qui</strong></span> <span class='ocrx_word' id='word_1_170' title='bbox 2220 2007 2369 2050; x_wconf 89' lang='lat' dir='ltr'><strong>mea</strong></span> <span class='ocrx_word' id='word_1_171' title='bbox 2394 2003 2445 2042; x_wconf 83' lang='lat'><strong>2⁰</strong></span> <span class='ocrx_word' id='word_1_172' title='bbox 2528 1979 2530 2060; x_wconf 49' lang='grc' dir='ltr'><strong>ἶ</strong></span> 
     </span>
     <span class='ocr_line' id='line_1_24' title="bbox 330 2037 2369 2159; baseline -0 -21"><span class='ocrx_word' id='word_1_173' title='bbox 330 2075 624 2159; x_wconf 89' lang='lat' dir='ltr'><strong>pericula</strong></span> <span class='ocrx_word' id='word_1_174' title='bbox 686 2037 821 2139; x_wconf 88' lang='grc'>11311</span> <span class='ocrx_word' id='word_1_175' title='bbox 875 2074 1071 2139; x_wconf 80' lang='lat' dir='ltr'><strong>modu</strong></span> <span class='ocrx_word' id='word_1_176' title='bbox 1127 2096 1246 2138; x_wconf 90' lang='lat' dir='ltr'><strong>suo</strong></span> <span class='ocrx_word' id='word_1_177' title='bbox 1302 2074 1627 2158; x_wconf 79' lang='lat' dir='ltr'><strong>praesidio</strong></span> <span class='ocrx_word' id='word_1_178' title='bbox 1636 2124 1655 2156; x_wconf 92' lang='lat'><em>‚</em></span> <span class='ocrx_word' id='word_1_179' title='bbox 1720 2075 1833 2138; x_wconf 90' lang='lat' dir='ltr'><strong>sed</strong></span> <span class='ocrx_word' id='word_1_180' title='bbox 1890 2075 2088 2138; x_wconf 89' lang='lat' dir='ltr'><strong>etiam</strong></span> <span class='ocrx_word' id='word_1_181' title='bbox 2143 2077 2369 2138; x_wconf 86' lang='lat' dir='ltr'><strong>vestra</strong></span> 
     </span>
     <span class='ocr_line' id='line_1_25' title="bbox 331 2162 1175 2246; baseline 0.001 -21"><span class='ocrx_word' id='word_1_182' title='bbox 331 2162 784 2246; x_wconf 84' lang='lat' dir='ltr'><strong>deprecatione</strong></span> <span class='ocrx_word' id='word_1_183' title='bbox 829 2163 1175 2227; x_wconf 87' lang='lat' dir='ltr'><strong>nudarunt.</strong></span> 
     </span>
    </p>

    <p class='ocr_par' dir='ltr' id='par_1_5' title="bbox 329 2249 2437 2510">
     <span class='ocr_line' id='line_1_26' title="bbox 469 2249 2367 2335; baseline 0.001 -22"><span class='ocrx_word' id='word_1_184' title='bbox 469 2249 718 2326; x_wconf 85' lang='lat' dir='ltr'><strong>Quibus</strong></span> <span class='ocrx_word' id='word_1_185' title='bbox 778 2270 902 2331; x_wconf 86' lang='lat' dir='ltr'><strong>ego</strong></span> <span class='ocrx_word' id='word_1_186' title='bbox 947 2251 1142 2315; x_wconf 89' lang='lat' dir='ltr'><strong>rebus</strong></span> <span class='ocrx_word' id='word_1_187' title='bbox 1188 2250 1462 2315; x_wconf 87' lang='lat' dir='ltr'><strong>obiectis</strong></span> <span class='ocrx_word' id='word_1_188' title='bbox 1508 2271 1654 2314; x_wconf 90' lang='lat' dir='ltr'><strong>cum</strong></span> <span class='ocrx_word' id='word_1_189' title='bbox 1701 2249 1864 2314; x_wconf 89' lang='lat' dir='ltr'><strong>mihi</strong></span> <span class='ocrx_word' id='word_1_190' title='bbox 1908 2250 2168 2335; x_wconf 87' lang='lat' dir='ltr'><strong>privato</strong></span> <span class='ocrx_word' id='word_1_191' title='bbox 2216 2271 2367 2316; x_wconf 88' lang='lat' dir='ltr'><strong>con·</strong></span> 
     </span>
     <span class='ocr_line' id='line_1_27' title="bbox 330 2337 2364 2422; baseline 0 -21"><span class='ocrx_word' id='word_1_192' title='bbox 330 2337 686 2421; x_wconf 86' lang='lat' dir='ltr'><strong>fligendum</strong></span> <span class='ocrx_word' id='word_1_193' title='bbox 732 2337 1016 2402; x_wconf 83' lang='lat' dir='ltr'><strong>viderem</strong></span> <span class='ocrx_word' id='word_1_194' title='bbox 1063 2359 1210 2402; x_wconf 88' lang='lat' dir='ltr'><strong>cum</strong></span> <span class='ocrx_word' id='word_1_195' title='bbox 1256 2337 1484 2402; x_wconf 90' lang='lat' dir='ltr'><strong>eodem</strong></span> <span class='ocrx_word' id='word_1_196' title='bbox 1531 2338 1841 2422; x_wconf 85' lang='lat' dir='ltr'><strong>exercitu,</strong></span> <span class='ocrx_word' id='word_1_197' title='bbox 1897 2360 2088 2422; x_wconf 91' lang='lat' dir='ltr'><strong>quem</strong></span> <span class='ocrx_word' id='word_1_198' title='bbox 2136 2338 2364 2402; x_wconf 89' lang='lat' dir='ltr'><strong>consul</strong></span> 
     </span>
     <span class='ocr_line' id='line_1_28' title="bbox 329 2425 2437 2510; baseline 0.001 -22"><span class='ocrx_word' id='word_1_199' title='bbox 329 2447 462 2490; x_wconf 93' lang='lat' dir='ltr'><strong>non</strong></span> <span class='ocrx_word' id='word_1_200' title='bbox 519 2425 744 2506; x_wconf 87' lang='grc'>311313,</span> <span class='ocrx_word' id='word_1_201' title='bbox 801 2426 914 2490; x_wconf 86' lang='grc'>3311</span> <span class='ocrx_word' id='word_1_202' title='bbox 968 2431 1192 2490; x_wconf 84' lang='lat' dir='ltr'><strong>vestra</strong></span> <span class='ocrx_word' id='word_1_203' title='bbox 1245 2426 1637 2490; x_wconf 85' lang='lat' dir='ltr'><strong>auctoritate</strong></span> <span class='ocrx_word' id='word_1_204' title='bbox 1694 2447 2095 2510; x_wconf 88' lang='lat' dir='ltr'><strong>superaram,</strong></span> <span class='ocrx_word' id='word_1_205' title='bbox 2152 2427 2367 2490; x_wconf 85' lang='lat' dir='ltr'><strong>multa</strong></span> <span class='ocrx_word' id='word_1_206' title='bbox 2391 2441 2437 2483; x_wconf 79' lang='lat'><strong>2⁵</strong></span> 
     </span>
    </p>
   </div>
   <div class='ocr_carea' id='block_1_5' title="bbox 227 2511 2367 2598">
    <p class='ocr_par' dir='ltr' id='par_1_6' title="bbox 227 2511 2367 2598">
     <span class='ocr_line' id='line_1_29' title="bbox 227 2511 2367 2598; baseline 0.001 -23"><span class='ocrx_word' id='word_1_207' title='bbox 227 2511 310 2575; x_wconf 92' lang='lat'><strong>13</strong></span> <span class='ocrx_word' id='word_1_208' title='bbox 331 2534 583 2578; x_wconf 89' lang='lat' dir='ltr'><strong>mecum</strong></span> <span class='ocrx_word' id='word_1_209' title='bbox 636 2513 780 2596; x_wconf 88' lang='lat' dir='ltr'><strong>ipse</strong></span> <span class='ocrx_word' id='word_1_210' title='bbox 835 2513 1150 2598; x_wconf 88' lang='lat' dir='ltr'><strong>reputavi.</strong></span> <span class='ocrx_word' id='word_1_211' title='bbox 1239 2513 1513 2578; x_wconf 86' lang='lat' dir='ltr'><strong>Dixerat</strong></span> <span class='ocrx_word' id='word_1_212' title='bbox 1558 2513 1627 2577; x_wconf 91' lang='lat' dir='ltr'><strong>in</strong></span> <span class='ocrx_word' id='word_1_213' title='bbox 1673 2513 1971 2578; x_wconf 88' lang='lat' dir='ltr'><strong>contione</strong></span> <span class='ocrx_word' id='word_1_214' title='bbox 2018 2515 2245 2578; x_wconf 91' lang='lat' dir='ltr'><strong>consul</strong></span> <span class='ocrx_word' id='word_1_215' title='bbox 2295 2535 2367 2578; x_wconf 89' lang='lat' dir='ltr'><strong>se</strong></span> 
     </span>
    </p>
   </div>
   <div class='ocr_carea' id='block_1_6' title="bbox 223 3399 290 3448">
    <p class='ocr_par' dir='ltr' id='par_1_7' title="bbox 223 3399 290 3448">
     <span class='ocr_line' id='line_1_30' title="bbox 223 3399 290 3448; baseline 0.015 -1"><span class='ocrx_word' id='word_1_216' title='bbox 223 3399 290 3448; x_wconf 82' lang='lat'><strong>33</strong></span> 
     </span>
    </p>
   </div>
   <div class='ocr_carea' id='block_1_7' title="bbox 327 2599 2430 3564">
    <p class='ocr_par' dir='ltr' id='par_1_8' title="bbox 327 2599 2430 3564">
     <span class='ocr_line' id='line_1_31' title="bbox 329 2599 2367 2686; baseline 0 -22"><span class='ocrx_word' id='word_1_217' title='bbox 329 2600 484 2665; x_wconf 88' lang='lat' dir='ltr'><strong>clivi</strong></span> <span class='ocrx_word' id='word_1_218' title='bbox 529 2599 888 2684; x_wconf 84' lang='lat' dir='ltr'><strong>Capitolini</strong></span> <span class='ocrx_word' id='word_1_219' title='bbox 941 2623 1186 2686; x_wconf 89' lang='lat' dir='ltr'><strong>poenas</strong></span> <span class='ocrx_word' id='word_1_220' title='bbox 1242 2602 1326 2665; x_wconf 89' lang='lat' dir='ltr'><strong>ab</strong></span> <span class='ocrx_word' id='word_1_221' title='bbox 1382 2601 1711 2685; x_wconf 88' lang='lat' dir='ltr'><strong>equitibus</strong></span> <span class='ocrx_word' id='word_1_222' title='bbox 1757 2601 2075 2666; x_wconf 85' lang='lat' dir='ltr'><strong>Romanis</strong></span> <span class='ocrx_word' id='word_1_223' title='bbox 2128 2603 2367 2685; x_wconf 83' lang='lat' dir='ltr'><strong>repeti-</strong></span> 
     </span>
     <span class='ocr_line' id='line_1_32' title="bbox 329 2688 2364 2774; baseline 0 -23"><span class='ocrx_word' id='word_1_224' title='bbox 329 2691 578 2760; x_wconf 77' lang='lat' dir='ltr'><strong>turum;</strong></span> <span class='ocrx_word' id='word_1_225' title='bbox 614 2688 1008 2753; x_wconf 88' lang='lat' dir='ltr'><strong>nominatim</strong></span> <span class='ocrx_word' id='word_1_226' title='bbox 1049 2689 1163 2753; x_wconf 85' lang='lat' dir='ltr'><strong>alii</strong></span> <span class='ocrx_word' id='word_1_227' title='bbox 1199 2690 1780 2774; x_wconf 84' lang='lat' dir='ltr'><strong>compellabantur,</strong></span> <span class='ocrx_word' id='word_1_228' title='bbox 1818 2689 1933 2753; x_wconf 89' lang='lat' dir='ltr'><strong>alii</strong></span> <span class='ocrx_word' id='word_1_229' title='bbox 1971 2689 2364 2772; x_wconf 85' lang='lat' dir='ltr'><strong>citabantur,</strong></span> 
     </span>
     <span class='ocr_line' id='line_1_33' title="bbox 330 2775 2363 2862; baseline 0.001 -24"><span class='ocrx_word' id='word_1_230' title='bbox 330 2775 444 2839; x_wconf 91' lang='lat' dir='ltr'><strong>alii</strong></span> <span class='ocrx_word' id='word_1_231' title='bbox 490 2777 976 2860; x_wconf 81' lang='lat' dir='ltr'><strong>relegabantur3</strong></span> <span class='ocrx_word' id='word_1_232' title='bbox 1033 2777 1248 2842; x_wconf 87' lang='lat' dir='ltr'><strong>aditus</strong></span> <span class='ocrx_word' id='word_1_233' title='bbox 1294 2777 1690 2862; x_wconf 87' lang='lat' dir='ltr'><strong>templorum</strong></span> <span class='ocrx_word' id='word_1_234' title='bbox 1736 2781 1925 2841; x_wconf 85' lang='lat' dir='ltr'><strong>erant</strong></span> <span class='ocrx_word' id='word_1_235' title='bbox 1968 2798 2101 2842; x_wconf 91' lang='lat' dir='ltr'><strong>non</strong></span> <span class='ocrx_word' id='word_1_236' title='bbox 2148 2778 2363 2842; x_wconf 88' lang='grc'>33111111</span> 
     </span>
     <span class='ocr_line' id='line_1_34' title="bbox 328 2863 2430 2947; baseline 0.001 -21"><span class='ocrx_word' id='word_1_237' title='bbox 328 2863 670 2947; x_wconf 88' lang='lat' dir='ltr'><strong>praesidiis</strong></span> <span class='ocrx_word' id='word_1_238' title='bbox 730 2869 794 2927; x_wconf 89' lang='lat' dir='ltr'><strong>et</strong></span> <span class='ocrx_word' id='word_1_239' title='bbox 839 2887 1062 2946; x_wconf 88' lang='lat' dir='ltr'><strong>manu,</strong></span> <span class='ocrx_word' id='word_1_240' title='bbox 1117 2887 1344 2930; x_wconf 87' lang='lat' dir='ltr'><strong>verum</strong></span> <span class='ocrx_word' id='word_1_241' title='bbox 1390 2867 1586 2930; x_wconf 90' lang='lat' dir='ltr'><strong>etiam</strong></span> <span class='ocrx_word' id='word_1_242' title='bbox 1633 2865 2051 2930; x_wconf 87' lang='lat' dir='ltr'><strong>demolitione</strong></span> <span class='ocrx_word' id='word_1_243' title='bbox 2096 2865 2361 2930; x_wconf 88' lang='lat' dir='ltr'><strong>sublati.</strong></span> <span class='ocrx_word' id='word_1_244' title='bbox 2386 2881 2430 2920; x_wconf 76' lang='lat'><strong>³⁰</strong></span> 
     </span>
     <span class='ocr_line' id='line_1_35' title="bbox 329 2951 2361 3054; baseline 0.002 -40"><span class='ocrx_word' id='word_1_245' title='bbox 329 2951 520 3016; x_wconf 90' lang='lat' dir='ltr'><strong>Alter</strong></span> <span class='ocrx_word' id='word_1_246' title='bbox 576 2952 828 3034; x_wconf 88' lang='lat' dir='ltr'><strong>consul,</strong></span> <span class='ocrx_word' id='word_1_247' title='bbox 884 2956 958 3016; x_wconf 92' lang='lat' dir='ltr'><strong>ut</strong></span> <span class='ocrx_word' id='word_1_248' title='bbox 1014 2973 1115 3016; x_wconf 90' lang='lat' dir='ltr'><strong>me</strong></span> <span class='ocrx_word' id='word_1_249' title='bbox 1164 2956 1229 3016; x_wconf 89' lang='grc'><strong>31</strong></span> <span class='ocrx_word' id='word_1_250' title='bbox 1276 2975 1415 3017; x_wconf 85' lang='grc'>1313</span> <span class='ocrx_word' id='word_1_251' title='bbox 1459 2953 1789 3054; x_wconf 87' lang='lat' dir='ltr'><strong>publicam</strong></span> <span class='ocrx_word' id='word_1_252' title='bbox 1835 2974 1967 3018; x_wconf 92' lang='lat' dir='ltr'><strong>non</strong></span> <span class='ocrx_word' id='word_1_253' title='bbox 2015 2952 2209 3018; x_wconf 91' lang='lat' dir='ltr'><strong>modo</strong></span> <span class='ocrx_word' id='word_1_254' title='bbox 2259 2954 2361 3018; x_wconf 90' lang='lat' dir='ltr'><strong>de-</strong></span> 
     </span>
     <span class='ocr_line' id='line_1_36' title="bbox 331 3039 2361 3127; baseline 0.002 -25"><span class='ocrx_word' id='word_1_255' title='bbox 331 3042 594 3122; x_wconf 87' lang='lat' dir='ltr'><strong>sereret,</strong></span> <span class='ocrx_word' id='word_1_256' title='bbox 641 3039 754 3104; x_wconf 91' lang='lat' dir='ltr'><strong>sed</strong></span> <span class='ocrx_word' id='word_1_257' title='bbox 801 3040 1002 3104; x_wconf 89' lang='lat' dir='ltr'><strong>etiam</strong></span> <span class='ocrx_word' id='word_1_258' title='bbox 1046 3040 1351 3105; x_wconf 88' lang='lat' dir='ltr'><strong>hostibus</strong></span> <span class='ocrx_word' id='word_1_259' title='bbox 1389 3042 1485 3105; x_wconf 91' lang='lat' dir='ltr'><strong>rei</strong></span> <span class='ocrx_word' id='word_1_260' title='bbox 1519 3041 1819 3127; x_wconf 88' lang='lat' dir='ltr'><strong>publicae</strong></span> <span class='ocrx_word' id='word_1_261' title='bbox 1856 3040 2176 3125; x_wconf 83' lang='lat' dir='ltr'><strong>proderet,</strong></span> <span class='ocrx_word' id='word_1_262' title='bbox 2212 3063 2361 3126; x_wconf 85' lang='lat' dir='ltr'><strong>pac·</strong></span> 
     </span>
     <span class='ocr_line' id='line_1_37' title="bbox 329 3126 2361 3229; baseline 0.001 -39"><span class='ocrx_word' id='word_1_263' title='bbox 329 3126 619 3191; x_wconf 90' lang='lat' dir='ltr'><strong>tionibus</strong></span> <span class='ocrx_word' id='word_1_264' title='bbox 668 3149 737 3191; x_wconf 90' lang='lat' dir='ltr'><strong>se</strong></span> <span class='ocrx_word' id='word_1_265' title='bbox 785 3149 1050 3194; x_wconf 86' lang='lat' dir='ltr'><strong>suorum</strong></span> <span class='ocrx_word' id='word_1_266' title='bbox 1097 3128 1535 3229; x_wconf 81' lang='lat' dir='ltr'><strong>praemiorum</strong></span> <span class='ocrx_word' id='word_1_267' title='bbox 1578 3128 1923 3224; x_wconf 85' lang='lat' dir='ltr'><strong>obligarat.</strong></span> <span class='ocrx_word' id='word_1_268' title='bbox 1987 3126 2155 3194; x_wconf 85' lang='lat' dir='ltr'><strong>Erat</strong></span> <span class='ocrx_word' id='word_1_269' title='bbox 2192 3130 2361 3193; x_wconf 88' lang='lat' dir='ltr'><strong>alius</strong></span> 
     </span>
     <span class='ocr_line' id='line_1_38' title="bbox 330 3206 2360 3302; baseline 0.002 -25"><span class='ocrx_word' id='word_1_270' title='bbox 330 3213 412 3277; x_wconf 87' lang='lat' dir='ltr'><strong>ad</strong></span> <span class='ocrx_word' id='word_1_271' title='bbox 473 3219 700 3298; x_wconf 87' lang='lat' dir='ltr'><strong>portas</strong></span> <span class='ocrx_word' id='word_1_272' title='bbox 765 3237 911 3280; x_wconf 92' lang='lat' dir='ltr'><strong>cum</strong></span> <span class='ocrx_word' id='word_1_273' title='bbox 966 3216 1240 3300; x_wconf 86' lang='lat' dir='ltr'><strong>imperio</strong></span> <span class='ocrx_word' id='word_1_274' title='bbox 1300 3216 1370 3280; x_wconf 92' lang='lat' dir='ltr'><strong>in</strong></span> <span class='ocrx_word' id='word_1_275' title='bbox 1424 3206 1686 3280; x_wconf 90' lang='lat' dir='ltr'><strong>multos</strong></span> <span class='ocrx_word' id='word_1_276' title='bbox 1728 3238 1932 3281; x_wconf 88' lang='lat' dir='ltr'><strong>annos</strong></span> <span class='ocrx_word' id='word_1_277' title='bbox 1988 3237 2360 3302; x_wconf 85' lang='lat' dir='ltr'><strong>magnoque</strong></span> 
     </span>
     <span class='ocr_line' id='line_1_39' title="bbox 330 3301 2427 3387; baseline 0.002 -23"><span class='ocrx_word' id='word_1_278' title='bbox 330 3301 644 3385; x_wconf 88' lang='lat' dir='ltr'><strong>exercitu,</strong></span> <span class='ocrx_word' id='word_1_279' title='bbox 706 3322 898 3384; x_wconf 88' lang='lat' dir='ltr'><strong>quem</strong></span> <span class='ocrx_word' id='word_1_280' title='bbox 964 3324 1086 3387; x_wconf 87' lang='lat' dir='ltr'><strong>ego</strong></span> <span class='ocrx_word' id='word_1_281' title='bbox 1145 3303 1482 3368; x_wconf 89' lang='lat' dir='ltr'><strong>inimicum</strong></span> <span class='ocrx_word' id='word_1_282' title='bbox 1535 3304 1699 3368; x_wconf 89' lang='lat' dir='ltr'><strong>mihi</strong></span> <span class='ocrx_word' id='word_1_283' title='bbox 1752 3304 1954 3369; x_wconf 83' lang='lat' dir='ltr'><strong>fuisse</strong></span> <span class='ocrx_word' id='word_1_284' title='bbox 2006 3325 2141 3369; x_wconf 93' lang='lat' dir='ltr'><strong>non</strong></span> <span class='ocrx_word' id='word_1_285' title='bbox 2194 3305 2427 3385; x_wconf 73' lang='lat' dir='ltr'><strong>dicu,³⁵</strong></span> 
     </span>
     <span class='ocr_line' id='line_1_40' title="bbox 328 3387 2357 3490; baseline 0.004 -42"><span class='ocrx_word' id='word_1_286' title='bbox 328 3387 641 3468; x_wconf 87' lang='lat' dir='ltr'><strong>tacuisse,</strong></span> <span class='ocrx_word' id='word_1_287' title='bbox 714 3411 861 3490; x_wconf 81' lang='lat' dir='ltr'><strong>cum</strong></span> <span class='ocrx_word' id='word_1_288' title='bbox 926 3390 1247 3454; x_wconf 88' lang='lat' dir='ltr'><strong>diceretur</strong></span> <span class='ocrx_word' id='word_1_289' title='bbox 1314 3413 1455 3455; x_wconf 89' lang='lat' dir='ltr'><strong>esse</strong></span> <span class='ocrx_word' id='word_1_290' title='bbox 1516 3391 1847 3473; x_wconf 85' lang='grc'>1311313113,</span> <span class='ocrx_word' id='word_1_291' title='bbox 1911 3393 2063 3458; x_wconf 83' lang='grc'>3313.</span> <span class='ocrx_word' id='word_1_292' title='bbox 2172 3392 2357 3457; x_wconf 86' lang='lat' dir='ltr'><strong>Duae</strong></span> 
     </span>
     <span class='ocr_line' id='line_1_41' title="bbox 327 3476 2354 3564; baseline 0.003 -28"><span class='ocrx_word' id='word_1_293' title='bbox 327 3477 548 3555; x_wconf 89' lang='lat' dir='ltr'><strong>partes</strong></span> <span class='ocrx_word' id='word_1_294' title='bbox 605 3495 745 3540; x_wconf 90' lang='lat' dir='ltr'><strong>esse</strong></span> <span class='ocrx_word' id='word_1_295' title='bbox 801 3476 872 3540; x_wconf 89' lang='lat' dir='ltr'><strong>in</strong></span> <span class='ocrx_word' id='word_1_296' title='bbox 916 3497 986 3540; x_wconf 87' lang='lat' dir='ltr'><strong>re</strong></span> <span class='ocrx_word' id='word_1_297' title='bbox 1032 3477 1295 3560; x_wconf 88' lang='lat' dir='ltr'><strong>publica</strong></span> <span class='ocrx_word' id='word_1_298' title='bbox 1342 3499 1487 3542; x_wconf 89' lang='lat' dir='ltr'><strong>cum</strong></span> <span class='ocrx_word' id='word_1_299' title='bbox 1531 3483 1944 3564; x_wconf 88' lang='lat' dir='ltr'><strong>putarentur,</strong></span> <span class='ocrx_word' id='word_1_300' title='bbox 1998 3480 2207 3545; x_wconf 84' lang='lat' dir='ltr'><strong>altera</strong></span> <span class='ocrx_word' id='word_1_301' title='bbox 2252 3501 2354 3545; x_wconf 89' lang='lat' dir='ltr'><strong>me</strong></span> 
     </span>
    </p>
   </div>
  </div>
 </body>
</html>
