2534 3875
808 161 961 218 CAP.
997 120 1209 226 34—[36
1246 169 1278 229 s
1316 170 1542 220 71—75.
2071 167 2210 252 ‘331

178 287 2028 462 ξξξξξξξξξξξξξξξξξξξξξξξξξξξξοξξξῑξξξξξ
2059 314 2216 462 ξξξ

947 445 966 479 5
1748 447 1767 481 5
2185 437 2214 448 “’

180 482 571 548 didatorum.
1896 494 1900 498 '

316 569 413 634 At
457 570 630 635 enim
669 569 810 656 agit
846 593 1099 637 mecum
1135 575 1393 637 austere
1430 575 1497 646 et
1534 570 1747 638 Stoice
1785 570 1970 657 Cato,
2013 578 2216 658 negat
2253 596 2322 646 '74

74 676 113 718 ⁶
178 680 410 724 verum
464 679 607 724 esse
654 658 829 724 allici
874 659 1385 725 benivolentiam
1429 661 1605 745 cibo,
1661 664 1864 747 negat
1905 661 2216 727 iudicium

178 747 523 813 hominum
558 746 629 822 in
667 747 1161 832 magistratibus
1198 748 1586 814 mandandis
1623 749 1953 834 corrumpi
1987 750 2216 835 volup-

180 835 436 900 tatibus
483 838 804 919 oportere.
882 835 1082 922 Erg0,
1129 835 1212 901 ad
1257 858 1485 901 cenam
1529 837 1868 922 petitionis
1915 860 2112 904 causa
2158 839 2217 903 si

185 923 337 1008 quis
381 926 603 1006 vocat,
648 923 1154 989 condemnetur?
1246 923 1571 1011 ‘Quippe',
1613 926 1852 1010 inquit3
1909 925 2008 992 ‘tu
2053 927 2218 991 mihi

183 1033 515 1077 summum
559 1012 923 1097 imperium,
968 1026 1295 1078 summam
1341 1013 1820 1098 auctoritatem,
1865 1017 1941 1080 tu
1985 1015 2218 1100 guber-

80 1120 151 1160 ιο
181 1100 421 1166 nacula
480 1099 579 1165 rei
639 1100 939 1185 publicae
1004 1105 1191 1186 petas
1255 1101 1550 1166 fovendis
1615 1101 1956 1167 hominum
2010 1103 2218 1169 sensi-

182 1188 307 1253 bus
354 1191 424 1252 et
466 1187 851 1254 deliniendis
896 1189 1135 1254 animis
1183 1194 1251 1274 et
1297 1189 1678 1255 adhibendis
1723 1191 2215 1276 voluptatibus?

180 1275 425 1342 Utrum
481 1276 917 1361 lenocinium',
968 1277 1207 1362 inquit,
1262 1275 1328 1341 ‘a
1381 1298 1579 1363 grege
1633 1278 1950 1344 delicatae
2002 1280 2218 1345 iuven·

182 1365 349 1430 tutis
406 1386 493 1430 an
546 1365 726 1430 orbis
780 1370 1102 1430 terrarum
1148 1366 1496 1449 imperium
1543 1387 1584 1430 a
1627 1369 1871 1452 populo
1917 1367 2217 1434 Romano

180 1451 525 1536 petebasP'
579 1452 935 1518 Horribilis
978 1454 1217 1537 orati03
1252 1453 1368 1518 sed
1405 1475 1550 1518 eam
1577 1475 1752 1537 usus,
1793 1456 1948 1538 vita,
1985 1477 2218 1540 mores,

90 1560 155 1602 ιε
184 1542 421 1608 civitas
462 1540 615 1626 ipsa
649 1542 917 1626 respuit.
984 1541 1211 1626 Neque
1247 1545 1470 1606 tamen
1509 1541 2022 1626 Lacedaemonii,
2073 1566 2218 1610 auc-

179 1634 365 1696 tores
410 1629 603 1694 istius
648 1629 818 1694 vitae
865 1633 1061 1714 atque
1109 1630 1443 1712 orationis,
1482 1630 1594 1714 qui
1631 1630 1976 1696 cotidianis
2011 1633 2218 1716 epulis

178 1719 253 1783 in
324 1717 563 1783 robore
627 1718 1041 1802 accumbunt,
1112 1739 1323 1803 neque
1393 1739 1548 1784 vero
1622 1717 1876 1800 Cretes,
1944 1741 2219 1803 quorum

179 1827 375 1872 nemo
422 1805 717 1890 gustavit
759 1827 1068 1892 umquam
1116 1806 1380 1890 cubans,
1423 1807 1658 1871 melius
1696 1828 1892 1890 quam
1939 1806 2219 1872 Romani

182 1895 514 1981 homines,
578 1893 689 1980 qui
747 1898 1047 1981 tempora
1108 1894 1472 1981 voluptatis
1536 1895 1911 1980 laborisque
1981 1895 2221 1980 disper-

96 2004 156 2045 so
183 1984 394 2067 tiunt,
456 2004 561 2048 res
616 1983 913 2069 publicas
977 2005 1129 2049 suas
1192 1984 1627 2068 retinuerunt3
1684 2006 1962 2073 quorum
2028 1984 2220 2049 alteri

180 2094 317 2138 uno
363 2071 645 2138 adventu
686 2072 900 2137 nostri
943 2072 1263 2138 exercitus
1311 2071 1510 2137 deleti
1555 2077 1727 2155 sunt,
1772 2072 1964 2138 alteri
2007 2072 2220 2137 nostri

182 2160 449 2246 imperii
526 2160 852 2245 praesidio
935 2160 1345 2245 disciplinam
1428 2183 1613 2226 suam
1694 2162 2002 2247 legesque
2074 2182 2220 2226 con-

186 2252 472 2314 servant.
561 2246 773 2323 Quare
826 2249 992 2332 noli,
1048 2247 1241 2331 Cato,
1297 2250 1616 2315 maiorum
1661 2249 1996 2334 instituta,
2052 2270 2220 2333 quae
2239 2232 2326 2358 37}

184 2358 292 2403 res
347 2336 512 2421 ipsa,
558 2358 723 2421 quae
769 2336 1158 2403 diuturnitas
1204 2336 1464 2421 imperii
1497 2338 1900 2423 comprobat,
1944 2337 2330 2433 nimium&

98 2444 157 2485 25
189 2446 418 2491 severa
469 2425 766 2490 oratione
821 2425 1306 2510 reprehendere.
1351 2443 1362 2477 ¹
1397 2425 1551 2489 Fuit
1605 2424 1832 2490 eodem
1879 2447 1956 2490 ex
2003 2425 2219 2491 studio

187 2512 290 2577 vir
356 2513 646 2578 eruditus
711 2514 883 2599 apud
937 2518 1161 2599 patres
1213 2478 1478 2579 nostros
1532 2516 1601 2579 et
1652 2513 1967 2578 honestus
2021 2514 2218 2580 homo

188 2604 259 2666 et
327 2600 600 2685 nobilis,
672 2600 746 2677 Q.
800 2601 1075 2668 Tubero.
1184 2600 1281 2686 Is,
1353 2623 1501 2668 cum
1565 2602 1828 2687 epulum
1901 2601 1975 2678 Q.
2016 2602 2221 2668 Maxi·

186 2710 337 2755 mus
390 2687 463 2755 P.
499 2689 819 2773 Africani,
872 2690 1094 2775 patrui
1140 2690 1268 2773 sui,
1322 2690 1584 2755 nomine
1629 2691 1874 2775 populo
1919 2690 2218 2757 Romano

190 2776 409 2861 daret,
453 2782 727 2863 rogatus
773 2783 875 2843 est
919 2800 959 2843 a
1003 2778 1313 2859 Maximo,
1357 2781 1432 2842 ut
1477 2778 1837 2844 triclinium
1883 2782 2221 2863 sterneret,

105 2886 163 2925 so
191 2888 340 2932 cum
413 2872 587 2931 esset
650 2865 906 2933 Tubero
980 2866 1267 2932 eiusdem
1338 2865 1638 2931 Africani
1710 2866 1954 2932 sororis
2027 2867 2221 2933 filius.

189 2953 411 3038 Atque
455 2954 587 3033 ille,
632 2954 828 3021 homo
868 2954 1345 3021 eruditissimus
1383 2977 1460 3021 ac
1495 2952 1772 3037 Stoicus,
1818 2955 2056 3019 stravit
2089 2954 2223 3038 pel-

188 3039 407 3107 liculis
477 3041 771 3107 haedinis
826 3043 1101 3109 lectulos
1155 3042 1524 3109 Punicanos
1580 3046 1648 3107 et
1705 3041 2008 3127 exposuit
2061 3064 2223 3108 vasa

191 3128 431 3213 Samia,
477 3131 665 3215 quasi
709 3151 864 3196 vero
911 3135 1083 3197 esset
1128 3129 1456 3216 Diogenes
1495 3130 1776 3215 Cynicus
1821 3134 2119 3195 mortuus
2157 3135 2225 3195 et

190 3238 327 3283 non
372 3217 577 3283 divini
619 3218 904 3286 hominis
941 3219 1239 3284 Africani
1277 3240 1454 3284 mors
1489 3219 1979 3303 honestaretur3
2029 3240 2222 3303 quem

5 3354 8 3363 .
108 3322 163 3364 ³⁵
192 3328 341 3371 cum
385 3327 690 3393 supremo
736 3308 873 3387 eius
912 3308 1014 3372 die
1050 3306 1378 3372 Maximus
1425 3307 1742 3392 laudaret,
1788 3306 2038 3393 gratias
2086 3306 2224 3393 egit

192 3393 290 3458 dis
354 3393 865 3482 immortalibus,
929 3395 1102 3481 quod
1165 3395 1281 3460 ille
1341 3396 1444 3460 vir
1506 3396 1576 3460 in
1638 3396 1764 3461 hac
1827 3416 1897 3459 re
1961 3394 2225 3480 publica

192 3482 611 3566 potissimum
664 3488 857 3549 natus
913 3486 1113 3566 esset3
1164 3503 1427 3549 necesse
1474 3485 1646 3549 enim
1690 3482 1894 3549 fuisse
1941 3482 2038 3548 ibi
2083 3504 2225 3550 esse
