<?xml version="1.0" encoding="UTF-8"?>
<!DOCTYPE html PUBLIC "-//W3C//DTD XHTML 1.0 Transitional//EN"
    "http://www.w3.org/TR/xhtml1/DTD/xhtml1-transitional.dtd">
<html xmlns="http://www.w3.org/1999/xhtml" xml:lang="en" lang="en">
 <head>
  <title>
</title>
<meta http-equiv="Content-Type" content="text/html;charset=utf-8" />
  <meta name='ocr-system' content='tesseract 3.04.00' />
  <meta name='ocr-capabilities' content='ocr_page ocr_carea ocr_par ocr_line ocrx_word'/>
</head>
<body>
  <div class='ocr_page' id='page_1' title='image "./scriptaquaemans03mlgoog_0550.png"; bbox 0 0 2534 3875; ppageno 0'>
   <div class='ocr_carea' id='block_1_1' title="bbox 171 513 239 563">
    <p class='ocr_par' dir='ltr' id='par_1_1' title="bbox 171 513 239 563">
     <span class='ocr_line' id='line_1_1' title="bbox 171 513 239 563; baseline -0.015 0"><span class='ocrx_word' id='word_1_1' title='bbox 171 513 239 563; x_wconf 79' lang='lat'><strong>60</strong></span> 
     </span>
    </p>
   </div>
   <div class='ocr_carea' id='block_1_2' title="bbox 171 1570 238 1619">
    <p class='ocr_par' dir='ltr' id='par_1_2' title="bbox 171 1570 238 1619">
     <span class='ocr_line' id='line_1_2' title="bbox 171 1570 238 1619; baseline -0.015 0"><span class='ocrx_word' id='word_1_2' title='bbox 171 1570 238 1619; x_wconf 79' lang='lat'><strong>61</strong></span> 
     </span>
    </p>
   </div>
   <div class='ocr_carea' id='block_1_3' title="bbox 276 168 1738 238">
    <p class='ocr_par' dir='ltr' id='par_1_3' title="bbox 276 168 1738 238">
     <span class='ocr_line' id='line_1_3' title="bbox 276 168 1738 238; baseline -0.009 0"><span class='ocrx_word' id='word_1_3' title='bbox 276 174 410 238; x_wconf 84' lang='lat'><strong>412</strong></span> <span class='ocrx_word' id='word_1_4' title='bbox 839 170 984 228; x_wconf 82' lang='lat' dir='ltr'><strong>PRO</strong></span> <span class='ocrx_word' id='word_1_5' title='bbox 1023 172 1086 227; x_wconf 88' lang='lat' dir='ltr'><strong>L.</strong></span> <span class='ocrx_word' id='word_1_6' title='bbox 1123 170 1407 227; x_wconf 81' lang='lat' dir='ltr'>FLACCO</span> <span class='ocrx_word' id='word_1_7' title='bbox 1448 168 1738 226; x_wconf 84' lang='lat' dir='ltr'><strong>ORATIO.</strong></span> 
     </span>
    </p>
   </div>
   <div class='ocr_carea' id='block_1_4' title="bbox 275 314 2409 2256">
    <p class='ocr_par' dir='ltr' id='par_1_4' title="bbox 275 314 2409 2256">
     <span class='ocr_line' id='line_1_4' title="bbox 278 314 2325 399; baseline -0.001 -18"><span class='ocrx_word' id='word_1_8' title='bbox 278 316 437 395; x_wconf 82' lang='lat' dir='ltr'><strong>Quis</strong></span> <span class='ocrx_word' id='word_1_9' title='bbox 505 316 676 382; x_wconf 90' lang='lat' dir='ltr'><strong>enim</strong></span> <span class='ocrx_word' id='word_1_10' title='bbox 743 320 912 398; x_wconf 90' lang='lat' dir='ltr'><strong>erat,</strong></span> <span class='ocrx_word' id='word_1_11' title='bbox 978 316 1090 399; x_wconf 88' lang='lat' dir='ltr'><strong>qui</strong></span> <span class='ocrx_word' id='word_1_12' title='bbox 1143 338 1278 380; x_wconf 90' lang='grc'>11011</span> <span class='ocrx_word' id='word_1_13' title='bbox 1334 314 1533 381; x_wconf 88' lang='lat' dir='ltr'><strong>sciret</strong></span> <span class='ocrx_word' id='word_1_14' title='bbox 1582 315 1654 379; x_wconf 92' lang='lat' dir='ltr'><strong>in</strong></span> <span class='ocrx_word' id='word_1_15' title='bbox 1710 315 2017 380; x_wconf 86' lang='lat' dir='ltr'><strong>ornandis</strong></span> <span class='ocrx_word' id='word_1_16' title='bbox 2071 316 2325 381; x_wconf 81' lang='lat' dir='ltr'><strong>studio-</strong></span> 
     </span>
     <span class='ocr_line' id='line_1_5' title="bbox 277 402 2323 489; baseline -0.001 -18"><span class='ocrx_word' id='word_1_17' title='bbox 277 408 516 471; x_wconf 89' lang='lat' dir='ltr'><strong>siorem</strong></span> <span class='ocrx_word' id='word_1_18' title='bbox 588 404 1043 469; x_wconf 70' lang='lat' dir='ltr'>Mithridatem</span> <span class='ocrx_word' id='word_1_19' title='bbox 1120 426 1319 489; x_wconf 88' lang='lat' dir='ltr'><strong>quam</strong></span> <span class='ocrx_word' id='word_1_20' title='bbox 1389 404 1462 468; x_wconf 93' lang='lat' dir='ltr'><strong>in</strong></span> <span class='ocrx_word' id='word_1_21' title='bbox 1534 402 1895 489; x_wconf 83' lang='lat' dir='ltr'><strong>spoliandis</strong></span> <span class='ocrx_word' id='word_1_22' title='bbox 1960 402 2323 468; x_wconf 81' lang='lat' dir='ltr'><strong>Trallianis</strong></span> 
     </span>
     <span class='ocr_line' id='line_1_6' title="bbox 276 489 2326 577; baseline -0.001 -18"><span class='ocrx_word' id='word_1_23' title='bbox 276 492 524 559; x_wconf 76' lang='lat' dir='ltr'><strong>fuisse?</strong></span> <span class='ocrx_word' id='word_1_24' title='bbox 591 489 771 568; x_wconf 83' lang='lat' dir='ltr'><strong>Quae</strong></span> <span class='ocrx_word' id='word_1_25' title='bbox 818 492 1079 577; x_wconf 88' lang='lat' dir='ltr'><strong>quidem</strong></span> <span class='ocrx_word' id='word_1_26' title='bbox 1127 515 1168 557; x_wconf 89' lang='lat' dir='ltr'><strong>a</strong></span> <span class='ocrx_word' id='word_1_27' title='bbox 1212 514 1317 557; x_wconf 92' lang='lat' dir='ltr'><strong>me</strong></span> <span class='ocrx_word' id='word_1_28' title='bbox 1365 493 1440 576; x_wconf 90' lang='lat' dir='ltr'><strong>si,</strong></span> <span class='ocrx_word' id='word_1_29' title='bbox 1484 494 1563 557; x_wconf 92' lang='lat' dir='ltr'><strong>ut</strong></span> <span class='ocrx_word' id='word_1_30' title='bbox 1608 490 1881 557; x_wconf 88' lang='lat' dir='ltr'><strong>dicenda</strong></span> <span class='ocrx_word' id='word_1_31' title='bbox 1928 496 2101 575; x_wconf 88' lang='lat' dir='ltr'><strong>sunt,</strong></span> <span class='ocrx_word' id='word_1_32' title='bbox 2148 492 2326 557; x_wconf 84' lang='lat' dir='ltr'><strong>dice-</strong></span> 
     </span>
     <span class='ocr_line' id='line_1_7' title="bbox 275 580 2325 667; baseline -0.001 -19"><span class='ocrx_word' id='word_1_33' title='bbox 275 586 531 664; x_wconf 88' lang='lat' dir='ltr'><strong>rentur,</strong></span> <span class='ocrx_word' id='word_1_34' title='bbox 604 581 869 667; x_wconf 80' lang='lat' dir='ltr'><strong>gravius</strong></span> <span class='ocrx_word' id='word_1_35' title='bbox 942 602 1235 666; x_wconf 82' lang='lat' dir='ltr'><strong>agerem,</strong></span> <span class='ocrx_word' id='word_1_36' title='bbox 1307 580 1581 663; x_wconf 88' lang='lat' dir='ltr'><strong>iudices,</strong></span> <span class='ocrx_word' id='word_1_37' title='bbox 1656 602 1855 665; x_wconf 89' lang='lat' dir='ltr'><strong>quam</strong></span> <span class='ocrx_word' id='word_1_38' title='bbox 1918 580 2129 665; x_wconf 89' lang='lat' dir='ltr'><strong>adhuc</strong></span> <span class='ocrx_word' id='word_1_39' title='bbox 2194 580 2325 665; x_wconf 87' lang='lat' dir='ltr'><strong>egi,</strong></span> 
     </span>
     <span class='ocr_line' id='line_1_8' title="bbox 278 667 2384 756; baseline -0.004 -21"><span class='ocrx_word' id='word_1_40' title='bbox 278 673 594 756; x_wconf 88' lang='lat' dir='ltr'><strong>quantam</strong></span> <span class='ocrx_word' id='word_1_41' title='bbox 615 668 931 735; x_wconf 87' lang='lat' dir='ltr'><strong>Asiaticis</strong></span> <span class='ocrx_word' id='word_1_42' title='bbox 959 670 1242 734; x_wconf 89' lang='lat' dir='ltr'><strong>testibus</strong></span> <span class='ocrx_word' id='word_1_43' title='bbox 1271 669 1467 734; x_wconf 88' lang='lat' dir='ltr'><strong>fidem</strong></span> <span class='ocrx_word' id='word_1_44' title='bbox 1493 668 1739 733; x_wconf 87' lang='lat' dir='ltr'><strong>habere</strong></span> <span class='ocrx_word' id='word_1_45' title='bbox 1766 690 1883 733; x_wconf 86' lang='lat' dir='ltr'><strong>vos</strong></span> <span class='ocrx_word' id='word_1_46' title='bbox 1912 667 2320 753; x_wconf 78' lang='lat' dir='ltr'><strong>conveniret3</strong></span> <span class='ocrx_word' id='word_1_47' title='bbox 2360 685 2384 727; x_wconf 75' lang='lat'><strong>5</strong></span> 
     </span>
     <span class='ocr_line' id='line_1_9' title="bbox 275 755 2325 825; baseline -0.001 -2"><span class='ocrx_word' id='word_1_48' title='bbox 275 780 648 825; x_wconf 77' lang='lat' dir='ltr'>revocarem</span> <span class='ocrx_word' id='word_1_49' title='bbox 695 759 950 822; x_wconf 89' lang='lat' dir='ltr'><strong>animos</strong></span> <span class='ocrx_word' id='word_1_50' title='bbox 988 761 1247 823; x_wconf 82' lang='lat' dir='ltr'><strong>vestros</strong></span> <span class='ocrx_word' id='word_1_51' title='bbox 1288 758 1371 822; x_wconf 89' lang='lat' dir='ltr'><strong>ad</strong></span> <span class='ocrx_word' id='word_1_52' title='bbox 1406 755 1842 821; x_wconf 87' lang='lat' dir='ltr'><strong>Mithridatici</strong></span> <span class='ocrx_word' id='word_1_53' title='bbox 1877 756 2038 821; x_wconf 89' lang='lat' dir='ltr'><strong>belli</strong></span> <span class='ocrx_word' id='word_1_54' title='bbox 2076 778 2325 821; x_wconf 88' lang='lat' dir='ltr'><strong>memo-</strong></span> 
     </span>
     <span class='ocr_line' id='line_1_10' title="bbox 275 844 2326 930; baseline -0.001 -18"><span class='ocrx_word' id='word_1_55' title='bbox 275 848 471 930; x_wconf 83' lang='lat' dir='ltr'><strong>riam,</strong></span> <span class='ocrx_word' id='word_1_56' title='bbox 532 846 615 911; x_wconf 92' lang='lat' dir='ltr'><strong>ad</strong></span> <span class='ocrx_word' id='word_1_57' title='bbox 670 846 856 910; x_wconf 91' lang='lat' dir='ltr'><strong>illam</strong></span> <span class='ocrx_word' id='word_1_58' title='bbox 910 844 1362 911; x_wconf 82' lang='lat' dir='ltr'><strong>universorum</strong></span> <span class='ocrx_word' id='word_1_59' title='bbox 1418 844 1657 910; x_wconf 84' lang='lat' dir='ltr'><strong>civium</strong></span> <span class='ocrx_word' id='word_1_60' title='bbox 1703 844 2156 910; x_wconf 88' lang='lat' dir='ltr'><strong>Romanorum</strong></span> <span class='ocrx_word' id='word_1_61' title='bbox 2202 867 2326 929; x_wconf 88' lang='lat' dir='ltr'><strong>per</strong></span> 
     </span>
     <span class='ocr_line' id='line_1_11' title="bbox 276 932 2325 1019; baseline -0.001 -19"><span class='ocrx_word' id='word_1_62' title='bbox 276 939 382 1001; x_wconf 90' lang='lat' dir='ltr'><strong>tot</strong></span> <span class='ocrx_word' id='word_1_63' title='bbox 437 935 632 999; x_wconf 90' lang='lat' dir='ltr'><strong>urbes</strong></span> <span class='ocrx_word' id='word_1_64' title='bbox 678 954 808 998; x_wconf 92' lang='lat' dir='ltr'><strong>uno</strong></span> <span class='ocrx_word' id='word_1_65' title='bbox 854 936 1095 1017; x_wconf 89' lang='lat' dir='ltr'><strong>puncto</strong></span> <span class='ocrx_word' id='word_1_66' title='bbox 1142 933 1463 1019; x_wconf 87' lang='lat' dir='ltr'><strong>temporis</strong></span> <span class='ocrx_word' id='word_1_67' title='bbox 1508 933 1817 997; x_wconf 79' lang='lat' dir='ltr'><strong>miseram</strong></span> <span class='ocrx_word' id='word_1_68' title='bbox 1862 932 2325 1017; x_wconf 77' lang='lat' dir='ltr'><strong>crudelemque</strong></span> 
     </span>
     <span class='ocr_line' id='line_1_12' title="bbox 276 1021 2325 1107; baseline -0 -19"><span class='ocrx_word' id='word_1_69' title='bbox 276 1023 566 1104; x_wconf 89' lang='lat' dir='ltr'><strong>caedem,</strong></span> <span class='ocrx_word' id='word_1_70' title='bbox 619 1024 956 1107; x_wconf 87' lang='lat' dir='ltr'><strong>praetores</strong></span> <span class='ocrx_word' id='word_1_71' title='bbox 1001 1025 1276 1087; x_wconf 69' lang='lat' dir='ltr'><strong>‘nostros</strong></span> <span class='ocrx_word' id='word_1_72' title='bbox 1339 1022 1620 1105; x_wconf 90' lang='lat' dir='ltr'><strong>deditos,</strong></span> <span class='ocrx_word' id='word_1_73' title='bbox 1673 1021 1931 1106; x_wconf 85' lang='lat' dir='ltr'><strong>legatos</strong></span> <span class='ocrx_word' id='word_1_74' title='bbox 1987 1022 2058 1086; x_wconf 91' lang='grc'><strong>111</strong></span> <span class='ocrx_word' id='word_1_75' title='bbox 2102 1022 2325 1087; x_wconf 81' lang='lat' dir='ltr'><strong>vincla</strong></span> 
     </span>
     <span class='ocr_line' id='line_1_13' title="bbox 279 1108 2409 1195; baseline -0 -19"><span class='ocrx_word' id='word_1_76' title='bbox 279 1112 633 1194; x_wconf 88' lang='lat' dir='ltr'><strong>coniectos,</strong></span> <span class='ocrx_word' id='word_1_77' title='bbox 715 1109 1000 1174; x_wconf 88' lang='lat' dir='ltr'><strong>nominis</strong></span> <span class='ocrx_word' id='word_1_78' title='bbox 1075 1132 1279 1195; x_wconf 87' lang='lat' dir='ltr'><strong>prope</strong></span> <span class='ocrx_word' id='word_1_79' title='bbox 1353 1108 1637 1175; x_wconf 87' lang='lat' dir='ltr'><strong>Romani</strong></span> <span class='ocrx_word' id='word_1_80' title='bbox 1710 1110 2094 1175; x_wconf 83' lang='lat' dir='ltr'><strong>memoriam</strong></span> <span class='ocrx_word' id='word_1_81' title='bbox 2169 1133 2322 1177; x_wconf 90' lang='lat' dir='ltr'><strong>cum</strong></span> <span class='ocrx_word' id='word_1_82' title='bbox 2354 1126 2409 1168; x_wconf 78' lang='grc' dir='ltr'><strong>ιο</strong></span> 
     </span>
     <span class='ocr_line' id='line_1_14' title="bbox 277 1196 2322 1284; baseline -0.001 -19"><span class='ocrx_word' id='word_1_83' title='bbox 277 1200 561 1284; x_wconf 85' lang='lat' dir='ltr'><strong>vestigio</strong></span> <span class='ocrx_word' id='word_1_84' title='bbox 634 1198 895 1283; x_wconf 89' lang='lat' dir='ltr'><strong>imperii</strong></span> <span class='ocrx_word' id='word_1_85' title='bbox 968 1219 1105 1263; x_wconf 90' lang='lat' dir='ltr'><strong>non</strong></span> <span class='ocrx_word' id='word_1_86' title='bbox 1165 1199 1361 1263; x_wconf 90' lang='lat' dir='ltr'><strong>modo</strong></span> <span class='ocrx_word' id='word_1_87' title='bbox 1427 1220 1507 1263; x_wconf 87' lang='lat' dir='ltr'><strong>ex</strong></span> <span class='ocrx_word' id='word_1_88' title='bbox 1572 1198 1835 1264; x_wconf 87' lang='lat' dir='ltr'><strong>sedibus</strong></span> <span class='ocrx_word' id='word_1_89' title='bbox 1900 1196 2322 1283; x_wconf 87' lang='lat' dir='ltr'><strong>Graecorum,</strong></span> 
     </span>
     <span class='ocr_line' id='line_1_15' title="bbox 276 1285 2322 1352; baseline 0 0"><span class='ocrx_word' id='word_1_90' title='bbox 276 1308 503 1352; x_wconf 83' lang='lat' dir='ltr'><strong>verum</strong></span> <span class='ocrx_word' id='word_1_91' title='bbox 571 1287 770 1350; x_wconf 89' lang='lat' dir='ltr'><strong>etiam</strong></span> <span class='ocrx_word' id='word_1_92' title='bbox 827 1307 906 1350; x_wconf 85' lang='lat' dir='ltr'><strong>ex</strong></span> <span class='ocrx_word' id='word_1_93' title='bbox 961 1286 1206 1351; x_wconf 86' lang='lat' dir='ltr'><strong>litteris</strong></span> <span class='ocrx_word' id='word_1_94' title='bbox 1262 1308 1405 1351; x_wconf 90' lang='grc'>6666</span> <span class='ocrx_word' id='word_1_95' title='bbox 1461 1286 1764 1351; x_wconf 88' lang='lat' dir='ltr'><strong>deletam.</strong></span> <span class='ocrx_word' id='word_1_96' title='bbox 1862 1285 2322 1352; x_wconf 72' lang='lat' dir='ltr'><strong>Mithridatem</strong></span> 
     </span>
     <span class='ocr_line' id='line_1_16' title="bbox 280 1373 2321 1460; baseline -0 -20"><span class='ocrx_word' id='word_1_97' title='bbox 280 1375 490 1458; x_wconf 90' lang='lat' dir='ltr'><strong>deum,</strong></span> <span class='ocrx_word' id='word_1_98' title='bbox 537 1374 729 1439; x_wconf 91' lang='lat' dir='ltr'><strong>illum</strong></span> <span class='ocrx_word' id='word_1_99' title='bbox 765 1378 1043 1460; x_wconf 89' lang='lat' dir='ltr'><strong>patrem,</strong></span> <span class='ocrx_word' id='word_1_100' title='bbox 1080 1376 1269 1441; x_wconf 91' lang='lat' dir='ltr'><strong>illum</strong></span> <span class='ocrx_word' id='word_1_101' title='bbox 1308 1379 1838 1441; x_wconf 72' lang='lat' dir='ltr'><strong>conservatorem</strong></span> <span class='ocrx_word' id='word_1_102' title='bbox 1872 1373 2091 1459; x_wconf 88' lang='lat' dir='ltr'><strong>Asiae,</strong></span> <span class='ocrx_word' id='word_1_103' title='bbox 2126 1375 2321 1440; x_wconf 87' lang='lat' dir='ltr'><strong>illum</strong></span> 
     </span>
     <span class='ocr_line' id='line_1_17' title="bbox 276 1460 2319 1547; baseline 0 -20"><span class='ocrx_word' id='word_1_104' title='bbox 276 1462 592 1547; x_wconf 82' lang='lat' dir='ltr'><strong>Euhium,</strong></span> <span class='ocrx_word' id='word_1_105' title='bbox 672 1462 738 1527; x_wconf 90' lang='lat' dir='ltr'>N</span> <span class='ocrx_word' id='word_1_106' title='bbox 738 1462 984 1547; x_wconf 83' lang='lat' dir='ltr'><strong>ysium,</strong></span> <span class='ocrx_word' id='word_1_107' title='bbox 1055 1460 1415 1547; x_wconf 88' lang='lat' dir='ltr'><strong>Bacchum,</strong></span> <span class='ocrx_word' id='word_1_108' title='bbox 1486 1462 1796 1528; x_wconf 89' lang='lat' dir='ltr'><strong>Liberum</strong></span> <span class='ocrx_word' id='word_1_109' title='bbox 1866 1464 2319 1530; x_wconf 86' lang='lat' dir='ltr'><strong>nominabant.</strong></span> 
     </span>
     <span class='ocr_line' id='line_1_18' title="bbox 277 1550 2404 1636; baseline -0.001 -21"><span class='ocrx_word' id='word_1_110' title='bbox 277 1550 500 1616; x_wconf 89' lang='lat' dir='ltr'><strong>Unum</strong></span> <span class='ocrx_word' id='word_1_111' title='bbox 545 1555 740 1635; x_wconf 88' lang='lat' dir='ltr'><strong>atque</strong></span> <span class='ocrx_word' id='word_1_112' title='bbox 787 1552 960 1615; x_wconf 90' lang='lat' dir='ltr'><strong>idem</strong></span> <span class='ocrx_word' id='word_1_113' title='bbox 999 1556 1141 1617; x_wconf 90' lang='lat' dir='ltr'><strong>erat</strong></span> <span class='ocrx_word' id='word_1_114' title='bbox 1178 1556 1460 1636; x_wconf 75' lang='lat' dir='ltr'><strong>tempuS,</strong></span> <span class='ocrx_word' id='word_1_115' title='bbox 1505 1573 1652 1616; x_wconf 89' lang='lat' dir='ltr'><strong>cum</strong></span> <span class='ocrx_word' id='word_1_116' title='bbox 1689 1550 1761 1615; x_wconf 90' lang='lat' dir='ltr'><strong>L.</strong></span> <span class='ocrx_word' id='word_1_117' title='bbox 1789 1550 2021 1617; x_wconf 88' lang='lat' dir='ltr'><strong>Flacco</strong></span> <span class='ocrx_word' id='word_1_118' title='bbox 2060 1554 2318 1617; x_wconf 88' lang='lat' dir='ltr'><strong>consuli</strong></span> <span class='ocrx_word' id='word_1_119' title='bbox 2350 1570 2404 1613; x_wconf 80' lang='lat'><strong>15</strong></span> 
     </span>
     <span class='ocr_line' id='line_1_19' title="bbox 275 1638 2320 1726; baseline 0 -22"><span class='ocrx_word' id='word_1_120' title='bbox 275 1643 505 1724; x_wconf 87' lang='lat' dir='ltr'><strong>portas</strong></span> <span class='ocrx_word' id='word_1_121' title='bbox 551 1644 698 1705; x_wconf 88' lang='lat' dir='ltr'><strong>tota</strong></span> <span class='ocrx_word' id='word_1_122' title='bbox 735 1639 899 1705; x_wconf 89' lang='lat' dir='ltr'><strong>Asia</strong></span> <span class='ocrx_word' id='word_1_123' title='bbox 945 1639 1307 1719; x_wconf 89' lang='lat' dir='ltr'><strong>claudebat,</strong></span> <span class='ocrx_word' id='word_1_124' title='bbox 1356 1638 1811 1726; x_wconf 79' lang='lat' dir='ltr'><strong>Cappadocem</strong></span> <span class='ocrx_word' id='word_1_125' title='bbox 1857 1644 2075 1705; x_wconf 89' lang='lat' dir='ltr'><strong>autem</strong></span> <span class='ocrx_word' id='word_1_126' title='bbox 2124 1640 2320 1705; x_wconf 89' lang='lat' dir='ltr'><strong>illum</strong></span> 
     </span>
     <span class='ocr_line' id='line_1_20' title="bbox 276 1728 2319 1812; baseline 0 -19"><span class='ocrx_word' id='word_1_127' title='bbox 276 1750 412 1793; x_wconf 90' lang='lat' dir='ltr'><strong>non</strong></span> <span class='ocrx_word' id='word_1_128' title='bbox 456 1728 650 1793; x_wconf 91' lang='lat' dir='ltr'><strong>modo</strong></span> <span class='ocrx_word' id='word_1_129' title='bbox 697 1728 1056 1812; x_wconf 89' lang='lat' dir='ltr'><strong>recipiebat</strong></span> <span class='ocrx_word' id='word_1_130' title='bbox 1101 1728 1235 1794; x_wconf 88' lang='lat' dir='ltr'><strong>suis</strong></span> <span class='ocrx_word' id='word_1_131' title='bbox 1282 1728 1576 1812; x_wconf 74' lang='lat' dir='ltr'><strong>urbibuS,</strong></span> <span class='ocrx_word' id='word_1_132' title='bbox 1621 1750 1846 1794; x_wconf 86' lang='lat' dir='ltr'><strong>verum</strong></span> <span class='ocrx_word' id='word_1_133' title='bbox 1893 1728 2095 1793; x_wconf 90' lang='lat' dir='ltr'><strong>etiam</strong></span> <span class='ocrx_word' id='word_1_134' title='bbox 2137 1729 2319 1794; x_wconf 88' lang='lat' dir='ltr'><strong>ultro</strong></span> 
     </span>
     <span class='ocr_line' id='line_1_21' title="bbox 277 1815 2320 1902; baseline 0 -21"><span class='ocrx_word' id='word_1_135' title='bbox 277 1817 572 1881; x_wconf 85' lang='lat' dir='ltr'><strong>vocabat.</strong></span> <span class='ocrx_word' id='word_1_136' title='bbox 637 1815 866 1881; x_wconf 85' lang='lat' dir='ltr'><strong>Liceat</strong></span> <span class='ocrx_word' id='word_1_137' title='bbox 901 1816 1064 1881; x_wconf 87' lang='lat' dir='ltr'><strong>haec</strong></span> <span class='ocrx_word' id='word_1_138' title='bbox 1099 1817 1312 1901; x_wconf 89' lang='lat' dir='ltr'><strong>nobis,</strong></span> <span class='ocrx_word' id='word_1_139' title='bbox 1352 1817 1409 1881; x_wconf 90' lang='lat' dir='ltr'><strong>si</strong></span> <span class='ocrx_word' id='word_1_140' title='bbox 1446 1817 1747 1882; x_wconf 85' lang='lat' dir='ltr'><strong>oblivisci</strong></span> <span class='ocrx_word' id='word_1_141' title='bbox 1780 1839 1915 1882; x_wconf 88' lang='lat' dir='ltr'><strong>non</strong></span> <span class='ocrx_word' id='word_1_142' title='bbox 1947 1838 2320 1902; x_wconf 88' lang='lat' dir='ltr'><strong>possumus,</strong></span> 
     </span>
     <span class='ocr_line' id='line_1_22' title="bbox 280 1904 2318 1990; baseline 0 -20"><span class='ocrx_word' id='word_1_143' title='bbox 280 1908 350 1970; x_wconf 90' lang='lat' dir='ltr'><strong>at</strong></span> <span class='ocrx_word' id='word_1_144' title='bbox 403 1907 646 1989; x_wconf 90' lang='lat' dir='ltr'><strong>tacere,</strong></span> <span class='ocrx_word' id='word_1_145' title='bbox 703 1906 900 1971; x_wconf 87' lang='lat' dir='ltr'><strong>liceat</strong></span> <span class='ocrx_word' id='word_1_146' title='bbox 953 1904 1118 1970; x_wconf 91' lang='lat' dir='ltr'><strong>mihi</strong></span> <span class='ocrx_word' id='word_1_147' title='bbox 1172 1907 1394 1990; x_wconf 91' lang='lat' dir='ltr'><strong>potius</strong></span> <span class='ocrx_word' id='word_1_148' title='bbox 1451 1906 1529 1971; x_wconf 89' lang='lat' dir='ltr'><strong>de</strong></span> <span class='ocrx_word' id='word_1_149' title='bbox 1586 1905 1859 1972; x_wconf 85' lang='lat' dir='ltr'><strong>levitate</strong></span> <span class='ocrx_word' id='word_1_150' title='bbox 1916 1904 2318 1972; x_wconf 85' lang='lat' dir='ltr'><strong>Graecorum</strong></span> 
     </span>
     <span class='ocr_line' id='line_1_23' title="bbox 279 1993 2404 2078; baseline -0.001 -20"><span class='ocrx_word' id='word_1_151' title='bbox 279 1994 462 2078; x_wconf 88' lang='lat' dir='ltr'><strong>queri</strong></span> <span class='ocrx_word' id='word_1_152' title='bbox 510 2016 706 2078; x_wconf 88' lang='lat' dir='ltr'><strong>quam</strong></span> <span class='ocrx_word' id='word_1_153' title='bbox 753 1993 830 2058; x_wconf 90' lang='lat' dir='ltr'><strong>de</strong></span> <span class='ocrx_word' id='word_1_154' title='bbox 878 1993 1301 2078; x_wconf 83' lang='lat' dir='ltr'><strong>crudelitate3</strong></span> <span class='ocrx_word' id='word_1_155' title='bbox 1356 1995 1816 2060; x_wconf 87' lang='lat' dir='ltr'><strong>auctoritatem</strong></span> <span class='ocrx_word' id='word_1_156' title='bbox 1861 1994 1979 2059; x_wconf 91' lang='lat' dir='ltr'><strong>isti</strong></span> <span class='ocrx_word' id='word_1_157' title='bbox 2024 1994 2317 2061; x_wconf 88' lang='lat' dir='ltr'><strong>habeant</strong></span> <span class='ocrx_word' id='word_1_158' title='bbox 2346 2015 2404 2055; x_wconf 76' lang='grc'><strong>60</strong></span> 
     </span>
     <span class='ocr_line' id='line_1_24' title="bbox 279 2081 2317 2167; baseline 0.001 -21"><span class='ocrx_word' id='word_1_159' title='bbox 279 2082 454 2164; x_wconf 86' lang='lat' dir='ltr'><strong>apud</strong></span> <span class='ocrx_word' id='word_1_160' title='bbox 501 2103 640 2166; x_wconf 91' lang='lat' dir='ltr'><strong>eos,</strong></span> <span class='ocrx_word' id='word_1_161' title='bbox 686 2103 849 2166; x_wconf 88' lang='lat' dir='ltr'><strong>quos</strong></span> <span class='ocrx_word' id='word_1_162' title='bbox 898 2103 1040 2146; x_wconf 90' lang='lat' dir='ltr'><strong>esse</strong></span> <span class='ocrx_word' id='word_1_163' title='bbox 1086 2083 1354 2147; x_wconf 89' lang='lat' dir='ltr'><strong>omnino</strong></span> <span class='ocrx_word' id='word_1_164' title='bbox 1398 2082 1794 2148; x_wconf 77' lang='lat' dir='ltr'><strong>noluerunt?</strong></span> <span class='ocrx_word' id='word_1_165' title='bbox 1885 2081 2079 2167; x_wconf 89' lang='lat' dir='ltr'><strong>Nam,</strong></span> <span class='ocrx_word' id='word_1_166' title='bbox 2125 2105 2317 2167; x_wconf 90' lang='lat' dir='ltr'><strong>quos-</strong></span> 
     </span>
     <span class='ocr_line' id='line_1_25' title="bbox 281 2172 2316 2256; baseline 0.001 -22"><span class='ocrx_word' id='word_1_167' title='bbox 281 2191 554 2254; x_wconf 79' lang='lat' dir='ltr'><strong>cumque</strong></span> <span class='ocrx_word' id='word_1_168' title='bbox 582 2173 957 2253; x_wconf 90' lang='lat' dir='ltr'><strong>potuerunt,</strong></span> <span class='ocrx_word' id='word_1_169' title='bbox 985 2172 1258 2256; x_wconf 84' lang='lat' dir='ltr'><strong>togatos</strong></span> <span class='ocrx_word' id='word_1_170' title='bbox 1288 2172 1780 2254; x_wconf 87' lang='lat' dir='ltr'><strong>interemerunt,</strong></span> <span class='ocrx_word' id='word_1_171' title='bbox 1805 2192 2044 2236; x_wconf 87' lang='lat' dir='ltr'><strong>nomen</strong></span> <span class='ocrx_word' id='word_1_172' title='bbox 2073 2172 2316 2237; x_wconf 87' lang='lat' dir='ltr'><strong>civium</strong></span> 
     </span>
    </p>
   </div>
   <div class='ocr_carea' id='block_1_5' title="bbox 2526 220 2529 773">
    <p class='ocr_par' dir='ltr' id='par_1_5' title="bbox 2526 220 2529 773">
     <span class='ocr_line' id='line_1_26' title="bbox 2526 220 2529 773; baseline 0 0"><span class='ocrx_word' id='word_1_173' title='bbox 2526 220 2529 773; x_wconf 95' lang='lat' dir='ltr'><strong> </strong></span> 
     </span>
    </p>
   </div>
   <div class='ocr_carea' id='block_1_6' title="bbox 172 2257 2317 2344">
    <p class='ocr_par' dir='ltr' id='par_1_6' title="bbox 172 2257 2317 2344">
     <span class='ocr_line' id='line_1_27' title="bbox 172 2257 2317 2344; baseline 0 -20"><span class='ocrx_word' id='word_1_174' title='bbox 172 2259 258 2324; x_wconf 82' lang='lat'><strong>26</strong></span> <span class='ocrx_word' id='word_1_175' title='bbox 279 2257 755 2342; x_wconf 88' lang='lat' dir='ltr'><strong>Romanorum,</strong></span> <span class='ocrx_word' id='word_1_176' title='bbox 813 2261 1129 2343; x_wconf 91' lang='lat' dir='ltr'><strong>quantum</strong></span> <span class='ocrx_word' id='word_1_177' title='bbox 1181 2259 1254 2322; x_wconf 90' lang='lat' dir='ltr'><strong>in</strong></span> <span class='ocrx_word' id='word_1_178' title='bbox 1299 2260 1460 2343; x_wconf 87' lang='lat' dir='ltr'><strong>ipsis</strong></span> <span class='ocrx_word' id='word_1_179' title='bbox 1504 2259 1658 2344; x_wconf 86' lang='lat' dir='ltr'><strong>fuit,</strong></span> <span class='ocrx_word' id='word_1_180' title='bbox 1718 2260 2144 2325; x_wconf 87' lang='lat' dir='ltr'><strong>sustulerunt.</strong></span> <span class='ocrx_word' id='word_1_181' title='bbox 2234 2259 2317 2324; x_wconf 90' lang='lat' dir='ltr'><strong>In</strong></span> 
     </span>
    </p>
   </div>
   <div class='ocr_carea' id='block_1_7' title="bbox 170 2979 240 3028">
    <p class='ocr_par' dir='ltr' id='par_1_7' title="bbox 170 2979 240 3028">
     <span class='ocr_line' id='line_1_28' title="bbox 170 2979 240 3028; baseline -0.014 0"><span class='ocrx_word' id='word_1_182' title='bbox 170 2979 240 3028; x_wconf 77' lang='lat'><strong>62</strong></span> 
     </span>
    </p>
   </div>
   <div class='ocr_carea' id='block_1_8' title="bbox 276 2346 2528 3577">
    <p class='ocr_par' dir='ltr' id='par_1_8' title="bbox 276 2346 2528 3577">
     <span class='ocr_line' id='line_1_29' title="bbox 279 2346 2314 2433; baseline 0.001 -23"><span class='ocrx_word' id='word_1_183' title='bbox 279 2346 403 2411; x_wconf 90' lang='lat' dir='ltr'><strong>hac</strong></span> <span class='ocrx_word' id='word_1_184' title='bbox 449 2346 654 2430; x_wconf 86' lang='lat' dir='ltr'><strong>igitur</strong></span> <span class='ocrx_word' id='word_1_185' title='bbox 699 2347 860 2412; x_wconf 90' lang='lat' dir='ltr'><strong>urbe</strong></span> <span class='ocrx_word' id='word_1_186' title='bbox 908 2369 978 2412; x_wconf 91' lang='grc'><strong>66</strong></span> <span class='ocrx_word' id='word_1_187' title='bbox 1023 2347 1303 2433; x_wconf 88' lang='lat' dir='ltr'><strong>iactant,</strong></span> <span class='ocrx_word' id='word_1_188' title='bbox 1363 2369 1559 2432; x_wconf 91' lang='grc'>(1116111</span> <span class='ocrx_word' id='word_1_189' title='bbox 1606 2348 1908 2432; x_wconf 89' lang='lat' dir='ltr'><strong>oderunt,</strong></span> <span class='ocrx_word' id='word_1_190' title='bbox 1964 2348 2137 2432; x_wconf 86' lang='lat' dir='ltr'><strong>apud</strong></span> <span class='ocrx_word' id='word_1_191' title='bbox 2183 2370 2314 2432; x_wconf 89' lang='lat' dir='ltr'><strong>eos,</strong></span> 
     </span>
     <span class='ocr_line' id='line_1_30' title="bbox 280 2435 2528 2520; baseline -0.001 -21"><span class='ocrx_word' id='word_1_192' title='bbox 280 2456 443 2518; x_wconf 87' lang='lat' dir='ltr'><strong>quos</strong></span> <span class='ocrx_word' id='word_1_193' title='bbox 489 2435 682 2499; x_wconf 83' lang='lat' dir='ltr'><strong>inviti</strong></span> <span class='ocrx_word' id='word_1_194' title='bbox 725 2435 975 2519; x_wconf 85' lang='lat' dir='ltr'><strong>vident,</strong></span> <span class='ocrx_word' id='word_1_195' title='bbox 1031 2435 1103 2499; x_wconf 92' lang='lat' dir='ltr'><strong>in</strong></span> <span class='ocrx_word' id='word_1_196' title='bbox 1148 2457 1226 2501; x_wconf 90' lang='grc'><strong>66</strong></span> <span class='ocrx_word' id='word_1_197' title='bbox 1268 2456 1341 2500; x_wconf 84' lang='grc'><strong>16</strong></span> <span class='ocrx_word' id='word_1_198' title='bbox 1386 2436 1677 2520; x_wconf 89' lang='lat' dir='ltr'><strong>publica,</strong></span> <span class='ocrx_word' id='word_1_199' title='bbox 1724 2437 1807 2500; x_wconf 88' lang='lat' dir='ltr'><strong>ad</strong></span> <span class='ocrx_word' id='word_1_200' title='bbox 1854 2457 2050 2520; x_wconf 90' lang='lat' dir='ltr'><strong>quam</strong></span> <span class='ocrx_word' id='word_1_201' title='bbox 2098 2439 2314 2520; x_wconf 87' lang='lat' dir='ltr'><strong>oppri-</strong></span> <span class='ocrx_word' id='word_1_202' title='bbox 2342 2455 2398 2497; x_wconf 77' lang='lat'><strong>25</strong></span> <span class='ocrx_word' id='word_1_203' title='bbox 2527 2455 2528 2460; x_wconf 49' lang='lat'>¹</span> 
     </span>
     <span class='ocr_line' id='line_1_31' title="bbox 277 2522 2317 2610; baseline 0.001 -24"><span class='ocrx_word' id='word_1_204' title='bbox 277 2522 580 2587; x_wconf 88' lang='lat' dir='ltr'><strong>mendam</strong></span> <span class='ocrx_word' id='word_1_205' title='bbox 623 2544 760 2586; x_wconf 90' lang='lat' dir='ltr'><strong>non</strong></span> <span class='ocrx_word' id='word_1_206' title='bbox 803 2525 1060 2588; x_wconf 88' lang='lat' dir='ltr'><strong>animus</strong></span> <span class='ocrx_word' id='word_1_207' title='bbox 1099 2525 1211 2608; x_wconf 89' lang='grc'>616,</span> <span class='ocrx_word' id='word_1_208' title='bbox 1257 2524 1371 2588; x_wconf 91' lang='lat' dir='ltr'><strong>sed</strong></span> <span class='ocrx_word' id='word_1_209' title='bbox 1407 2525 1579 2589; x_wconf 86' lang='lat' dir='ltr'><strong>vires</strong></span> <span class='ocrx_word' id='word_1_210' title='bbox 1617 2523 2003 2589; x_wconf 77' lang='lat' dir='ltr'><strong>defuerunt?</strong></span> <span class='ocrx_word' id='word_1_211' title='bbox 2079 2525 2317 2610; x_wconf 89' lang='lat' dir='ltr'><strong>Adspi-</strong></span> 
     </span>
     <span class='ocr_line' id='line_1_32' title="bbox 278 2610 2315 2697; baseline 0.002 -23"><span class='ocrx_word' id='word_1_212' title='bbox 278 2611 459 2675; x_wconf 89' lang='lat' dir='ltr'><strong>ciant</strong></span> <span class='ocrx_word' id='word_1_213' title='bbox 502 2611 678 2675; x_wconf 90' lang='grc'>1111116</span> <span class='ocrx_word' id='word_1_214' title='bbox 722 2610 950 2675; x_wconf 89' lang='lat' dir='ltr'><strong>florem</strong></span> <span class='ocrx_word' id='word_1_215' title='bbox 988 2612 1358 2697; x_wconf 83' lang='lat' dir='ltr'><strong>legatorum</strong></span> <span class='ocrx_word' id='word_1_216' title='bbox 1394 2613 1937 2696; x_wconf 88' lang='lat' dir='ltr'><strong>laudatorumque</strong></span> <span class='ocrx_word' id='word_1_217' title='bbox 1974 2612 2197 2678; x_wconf 82' lang='lat' dir='ltr'><strong>Flacci</strong></span> <span class='ocrx_word' id='word_1_218' title='bbox 2234 2635 2315 2678; x_wconf 83' lang='lat' dir='ltr'><strong>ex</strong></span> 
     </span>
     <span class='ocr_line' id='line_1_33' title="bbox 278 2698 2312 2786; baseline 0.002 -24"><span class='ocrx_word' id='word_1_219' title='bbox 278 2719 434 2762; x_wconf 86' lang='lat' dir='ltr'><strong>vera</strong></span> <span class='ocrx_word' id='word_1_220' title='bbox 489 2701 684 2782; x_wconf 91' lang='lat' dir='ltr'><strong>atque</strong></span> <span class='ocrx_word' id='word_1_221' title='bbox 739 2698 1000 2784; x_wconf 81' lang='lat' dir='ltr'><strong>integra</strong></span> <span class='ocrx_word' id='word_1_222' title='bbox 1055 2699 1353 2785; x_wconf 81' lang='lat' dir='ltr'><strong>Graecia3</strong></span> <span class='ocrx_word' id='word_1_223' title='bbox 1413 2704 1554 2765; x_wconf 89' lang='lat' dir='ltr'><strong>tum</strong></span> <span class='ocrx_word' id='word_1_224' title='bbox 1612 2722 1682 2766; x_wconf 89' lang='grc'><strong>66</strong></span> <span class='ocrx_word' id='word_1_225' title='bbox 1736 2700 1867 2784; x_wconf 89' lang='lat' dir='ltr'><strong>ipsi</strong></span> <span class='ocrx_word' id='word_1_226' title='bbox 1924 2702 2312 2786; x_wconf 85' lang='lat' dir='ltr'><strong>expendant,</strong></span> 
     </span>
     <span class='ocr_line' id='line_1_34' title="bbox 278 2785 2309 2876; baseline 0.002 -26"><span class='ocrx_word' id='word_1_227' title='bbox 278 2789 419 2851; x_wconf 87' lang='lat' dir='ltr'><strong>tum</strong></span> <span class='ocrx_word' id='word_1_228' title='bbox 466 2808 612 2851; x_wconf 89' lang='lat' dir='ltr'><strong>cum</strong></span> <span class='ocrx_word' id='word_1_229' title='bbox 656 2785 759 2850; x_wconf 89' lang='lat' dir='ltr'><strong>his</strong></span> <span class='ocrx_word' id='word_1_230' title='bbox 807 2808 875 2850; x_wconf 89' lang='grc'><strong>66</strong></span> <span class='ocrx_word' id='word_1_231' title='bbox 927 2792 1336 2872; x_wconf 88' lang='lat' dir='ltr'><strong>comparent,</strong></span> <span class='ocrx_word' id='word_1_232' title='bbox 1382 2792 1551 2872; x_wconf 90' lang='lat' dir='ltr'><strong>tum,</strong></span> <span class='ocrx_word' id='word_1_233' title='bbox 1598 2789 1655 2853; x_wconf 92' lang='grc'><strong>61</strong></span> <span class='ocrx_word' id='word_1_234' title='bbox 1702 2788 2051 2873; x_wconf 88' lang='lat' dir='ltr'><strong>audebunt,</strong></span> <span class='ocrx_word' id='word_1_235' title='bbox 2098 2790 2309 2876; x_wconf 83' lang='lat' dir='ltr'><strong>digni-</strong></span> 
     </span>
     <span class='ocr_line' id='line_1_35' title="bbox 277 2874 2391 2959; baseline -0 -20"><span class='ocrx_word' id='word_1_236' title='bbox 277 2874 406 2939; x_wconf 86' lang='lat' dir='ltr'><strong>tati</strong></span> <span class='ocrx_word' id='word_1_237' title='bbox 449 2874 684 2939; x_wconf 91' lang='lat' dir='ltr'><strong>horum</strong></span> <span class='ocrx_word' id='word_1_238' title='bbox 731 2879 1136 2959; x_wconf 80' lang='lat' dir='ltr'><strong>anteponant</strong></span> <span class='ocrx_word' id='word_1_239' title='bbox 1182 2897 1387 2943; x_wconf 89' lang='lat' dir='ltr'><strong>suam.</strong></span> <span class='ocrx_word' id='word_1_240' title='bbox 2336 2897 2391 2938; x_wconf 73' lang='grc'><strong>60</strong></span> 
     </span>
     <span class='ocr_line' id='line_1_36' title="bbox 416 2962 2309 3051; baseline 0.003 -25"><span class='ocrx_word' id='word_1_241' title='bbox 416 2963 678 3027; x_wconf 88' lang='lat' dir='ltr'><strong>Adsunt</strong></span> <span class='ocrx_word' id='word_1_242' title='bbox 742 2962 1204 3042; x_wconf 88' lang='lat' dir='ltr'><strong>Athenienses,</strong></span> <span class='ocrx_word' id='word_1_243' title='bbox 1276 2965 1445 3030; x_wconf 90' lang='lat' dir='ltr'><strong>unde</strong></span> <span class='ocrx_word' id='word_1_244' title='bbox 1517 2965 1921 3048; x_wconf 84' lang='lat' dir='ltr'><strong>humanitas,</strong></span> <span class='ocrx_word' id='word_1_245' title='bbox 1992 2965 2309 3051; x_wconf 89' lang='lat' dir='ltr'><strong>doctrina,</strong></span> 
     </span>
     <span class='ocr_line' id='line_1_37' title="bbox 277 3050 2307 3138; baseline 0.002 -22"><span class='ocrx_word' id='word_1_246' title='bbox 277 3051 533 3136; x_wconf 86' lang='lat' dir='ltr'><strong>religi0‚</strong></span> <span class='ocrx_word' id='word_1_247' title='bbox 565 3050 810 3137; x_wconf 84' lang='lat' dir='ltr'><strong>fruges,</strong></span> <span class='ocrx_word' id='word_1_248' title='bbox 847 3053 1010 3136; x_wconf 90' lang='lat' dir='ltr'><strong>iura,</strong></span> <span class='ocrx_word' id='word_1_249' title='bbox 1046 3053 1226 3138; x_wconf 85' lang='lat' dir='ltr'><strong>leges</strong></span> <span class='ocrx_word' id='word_1_250' title='bbox 1265 3057 1450 3118; x_wconf 89' lang='lat' dir='ltr'><strong>ortae</strong></span> <span class='ocrx_word' id='word_1_251' title='bbox 1490 3057 1685 3138; x_wconf 88' lang='lat' dir='ltr'><strong>atque</strong></span> <span class='ocrx_word' id='word_1_252' title='bbox 1722 3055 1793 3117; x_wconf 91' lang='lat' dir='ltr'><strong>in</strong></span> <span class='ocrx_word' id='word_1_253' title='bbox 1831 3074 2058 3119; x_wconf 89' lang='lat' dir='ltr'><strong>omnes</strong></span> <span class='ocrx_word' id='word_1_254' title='bbox 2096 3059 2307 3120; x_wconf 86' lang='lat' dir='ltr'><strong>terras</strong></span> 
     </span>
     <span class='ocr_line' id='line_1_38' title="bbox 279 3139 2307 3227; baseline 0.001 -24"><span class='ocrx_word' id='word_1_255' title='bbox 279 3139 671 3204; x_wconf 85' lang='lat' dir='ltr'><strong>distributae</strong></span> <span class='ocrx_word' id='word_1_256' title='bbox 742 3143 1092 3223; x_wconf 61' lang='lat' dir='ltr'><strong>putantum</strong></span> <span class='ocrx_word' id='word_1_257' title='bbox 1165 3141 1244 3205; x_wconf 93' lang='lat' dir='ltr'><strong>de</strong></span> <span class='ocrx_word' id='word_1_258' title='bbox 1312 3163 1588 3226; x_wconf 91' lang='lat' dir='ltr'><strong>quorum</strong></span> <span class='ocrx_word' id='word_1_259' title='bbox 1652 3142 1832 3206; x_wconf 89' lang='lat' dir='ltr'><strong>urbis</strong></span> <span class='ocrx_word' id='word_1_260' title='bbox 1895 3142 2307 3227; x_wconf 86' lang='lat' dir='ltr'><strong>possessione</strong></span> 
     </span>
     <span class='ocr_line' id='line_1_39' title="bbox 276 3227 2307 3313; baseline 0.002 -22"><span class='ocrx_word' id='word_1_261' title='bbox 276 3232 552 3312; x_wconf 86' lang='lat' dir='ltr'><strong>propter</strong></span> <span class='ocrx_word' id='word_1_262' title='bbox 621 3227 1173 3313; x_wconf 88' lang='lat' dir='ltr'><strong>pulchritudinem</strong></span> <span class='ocrx_word' id='word_1_263' title='bbox 1249 3229 1452 3294; x_wconf 92' lang='lat' dir='ltr'><strong>etiam</strong></span> <span class='ocrx_word' id='word_1_264' title='bbox 1522 3230 1695 3294; x_wconf 87' lang='lat' dir='ltr'><strong>inter</strong></span> <span class='ocrx_word' id='word_1_265' title='bbox 1759 3230 1913 3294; x_wconf 88' lang='lat' dir='ltr'><strong>deos</strong></span> <span class='ocrx_word' id='word_1_266' title='bbox 1980 3234 2307 3296; x_wconf 85' lang='lat' dir='ltr'><strong>certamen</strong></span> 
     </span>
     <span class='ocr_line' id='line_1_40' title="bbox 277 3315 2383 3404; baseline 0.003 -26"><span class='ocrx_word' id='word_1_267' title='bbox 277 3315 482 3379; x_wconf 89' lang='lat' dir='ltr'><strong>fuisse</strong></span> <span class='ocrx_word' id='word_1_268' title='bbox 535 3315 862 3400; x_wconf 87' lang='lat' dir='ltr'><strong>proditum</strong></span> <span class='ocrx_word' id='word_1_269' title='bbox 926 3320 1054 3401; x_wconf 79' lang='lat' dir='ltr'><strong>est3</strong></span> <span class='ocrx_word' id='word_1_270' title='bbox 1111 3339 1277 3400; x_wconf 90' lang='lat' dir='ltr'><strong>quae</strong></span> <span class='ocrx_word' id='word_1_271' title='bbox 1332 3320 1664 3383; x_wconf 86' lang='lat' dir='ltr'><strong>vetustate</strong></span> <span class='ocrx_word' id='word_1_272' title='bbox 1720 3339 1798 3383; x_wconf 92' lang='lat' dir='ltr'><strong>ea</strong></span> <span class='ocrx_word' id='word_1_273' title='bbox 1852 3322 1980 3402; x_wconf 87' lang='lat' dir='ltr'><strong>est,</strong></span> <span class='ocrx_word' id='word_1_274' title='bbox 2034 3323 2111 3383; x_wconf 90' lang='lat' dir='ltr'><strong>ut</strong></span> <span class='ocrx_word' id='word_1_275' title='bbox 2164 3319 2308 3404; x_wconf 89' lang='lat' dir='ltr'><strong>ipsa</strong></span> <span class='ocrx_word' id='word_1_276' title='bbox 2332 3335 2383 3376; x_wconf 77' lang='lat'><strong>⁸⁵</strong></span> 
     </span>
     <span class='ocr_line' id='line_1_41' title="bbox 277 3403 2308 3489; baseline 0.003 -24"><span class='ocrx_word' id='word_1_277' title='bbox 277 3422 357 3465; x_wconf 85' lang='lat' dir='ltr'><strong>ex</strong></span> <span class='ocrx_word' id='word_1_278' title='bbox 412 3423 552 3468; x_wconf 87' lang='lat' dir='ltr'><strong>sese</strong></span> <span class='ocrx_word' id='word_1_279' title='bbox 609 3423 763 3468; x_wconf 88' lang='lat' dir='ltr'><strong>suos</strong></span> <span class='ocrx_word' id='word_1_280' title='bbox 818 3403 991 3469; x_wconf 86' lang='lat' dir='ltr'><strong>cives</strong></span> <span class='ocrx_word' id='word_1_281' title='bbox 1047 3406 1352 3489; x_wconf 88' lang='lat' dir='ltr'><strong>genuisse</strong></span> <span class='ocrx_word' id='word_1_282' title='bbox 1400 3405 1651 3470; x_wconf 87' lang='lat' dir='ltr'><strong>dicatur</strong></span> <span class='ocrx_word' id='word_1_283' title='bbox 1697 3411 1766 3471; x_wconf 88' lang='lat' dir='ltr'><strong>et</strong></span> <span class='ocrx_word' id='word_1_284' title='bbox 1811 3429 2036 3472; x_wconf 87' lang='lat' dir='ltr'><strong>eorum</strong></span> <span class='ocrx_word' id='word_1_285' title='bbox 2084 3407 2308 3472; x_wconf 90' lang='lat' dir='ltr'><strong>eadem</strong></span> 
     </span>
     <span class='ocr_line' id='line_1_42' title="bbox 277 3492 2303 3577; baseline 0.004 -25"><span class='ocrx_word' id='word_1_286' title='bbox 277 3492 454 3553; x_wconf 86' lang='lat' dir='ltr'><strong>terra</strong></span> <span class='ocrx_word' id='word_1_287' title='bbox 497 3512 760 3574; x_wconf 70' lang='grc'>11616116,</span> <span class='ocrx_word' id='word_1_288' title='bbox 808 3492 1022 3577; x_wconf 86' lang='lat' dir='ltr'><strong>altrix,</strong></span> <span class='ocrx_word' id='word_1_289' title='bbox 1066 3493 1287 3576; x_wconf 88' lang='lat' dir='ltr'><strong>patria</strong></span> <span class='ocrx_word' id='word_1_290' title='bbox 1333 3492 1601 3575; x_wconf 90' lang='lat' dir='ltr'><strong>dicatur,</strong></span> <span class='ocrx_word' id='word_1_291' title='bbox 1648 3495 2040 3560; x_wconf 87' lang='lat' dir='ltr'><strong>auctoritate</strong></span> <span class='ocrx_word' id='word_1_292' title='bbox 2089 3500 2303 3561; x_wconf 87' lang='lat' dir='ltr'><strong>autem</strong></span> 
     </span>
    </p>
   </div>
  </div>
 </body>
</html>
