2534 3875
779 180 1206 237 ADNOTATIO
1245 182 1559 239 CRITICA.
2008 187 2184 244 LXIX

149 342 292 381 num
335 323 526 395 potius
573 340 743 394 quam
788 340 902 380 non
947 340 1090 379 recc.
1129 324 1254 379 edd.
1294 328 1523 393 praeter
1557 324 1737 381 Klotz.
1774 327 1835 381 in
1880 328 2003 383 cod.
2034 346 2070 383 a
2104 330 2187 397 (et

151 403 183 450 3
217 397 340 465 all.)
380 412 503 451 esse
540 394 775 465 opinati,
811 395 872 450 in
907 412 1019 463 quo
1054 397 1120 449 ut
1155 396 1216 449 in
1242 396 1364 451 rell.
1394 412 1517 449 esse
1544 414 1657 452 non
1684 397 1941 455 Vollerto
1970 400 2187 455 tacenti

150 466 342 537 magis
390 468 556 520 credo
593 482 762 534 quam
798 464 1204 535 Lagomarsino
1241 468 1440 521 contra
1474 466 1735 535 testanfii3
1784 468 1858 523 ad
1892 488 1947 540 p.
1987 476 2072 525 80.
2097 477 2183 527 35.

155 568 220 579 --
271 537 332 591 P.
371 543 494 593 259.
523 542 594 591 20
643 539 844 591 summi
895 539 1008 591 viri
1059 542 1111 591 et
1164 538 1374 593 clariss,
1432 540 1571 593 cives
1624 538 1741 593 fere
1798 556 1944 596 omn.
2003 541 2183 609 codd.,

209 608 342 663 alm.
382 607 458 676 ΙΙ,
505 607 713 674 Klotz„
759 604 991 675 Eberh.,
1039 606 1233 677 Hein.,
1275 610 1475 663 summi
1520 614 1571 663 et
1616 612 1748 665 clar.
1786 613 1900 667 viri
1935 628 1971 665 a
2009 611 2186 683 (fallit

152 681 320 749 Lag.)
359 680 418 733 et
451 678 620 747 pauci
657 677 779 745 all„
817 678 1002 733 Halm.
1040 676 1084 744 Ι,
1120 676 1311 748 Kays„
1348 695 1488 748 quos
1527 684 1751 735 secutus
1788 697 1985 749 essem,
2024 698 2186 752 prae-

155 749 356 805 sertim
393 765 520 803 cum
553 767 608 819 p.
648 754 769 803 340.
789 755 859 803 33
898 766 976 817 sq.
1006 764 1188 818 paene
1225 748 1425 803 codem
1460 750 1647 819 modo,
1686 753 1837 819 quod
1876 754 1991 821 opt.
2022 753 2183 809 codd.

153 821 387 887 habent,
427 820 509 875 sic
546 818 913 874 dilafiaverint
949 818 1120 875 dett:
1159 821 1292 875 clar.
1331 822 1443 875 viri
1480 839 1515 876 a
1676 828 1855 877 ornat.
1886 825 2036 891 civis,
2073 823 2186 878 nisi

153 892 279 947 cod.
320 890 372 946 A
408 890 646 945 haberet
679 893 878 945 summi
912 896 964 944 et
999 891 1130 947 clar.
1168 893 1282 946 viri
1318 893 1454 947 civis
1488 895 1542 961 (c
1568 934 1581 946 .
1610 910 1664 961 p.
1696 898 1817 948 432.
1839 898 1889 961 2,
1926 893 2027 947 ubi
2064 894 2187 951 P¹G

151 962 374 1017 habent
408 963 605 1017 summi
638 962 751 1016 viri
784 967 836 1016 et
871 962 1080 1016 clariss.
1109 962 1261 1032 viri).
1294 990 1358 1003 -—
1388 960 1447 1017 P.
1478 968 1598 1017 259.
1621 968 1692 1017 24
1719 965 1856 1019 mihi
1883 981 1990 1019 om.
2021 966 2182 1020 codd.

153 1034 298 1096 aAs'
335 1039 367 1087 5
398 1031 511 1100 all,
547 1030 733 1086 Halm.
769 1032 812 1099 I,
851 1032 976 1086 add.
1013 1030 1214 1101 pleriq.
1255 1032 1434 1101 codd.,
1471 1033 1593 1089 rell.
1622 1033 1748 1088 edd.
1783 1065 1849 1075 -
1879 1034 1939 1088 P.
1970 1040 2093 1091 259.
2116 1042 2187 1089 26

151 1120 363 1173 semper
397 1105 491 1170 fui
527 1103 685 1158 codd.
722 1104 947 1173 praeter
983 1102 1079 1157 aA
1117 1106 1174 1157 et
1209 1108 1242 1157 5
1282 1103 1403 1171 all.,
1441 1103 1625 1159 Halm.
1664 1104 1718 1170 I,
1756 1104 1945 1175 Kays„
1981 1106 2184 1174 Klotz„

153 1174 323 1229 Hein.
365 1204 430 1216 —
467 1173 528 1228 P.
558 1179 680 1228 259.
704 1179 771 1229 32
811 1176 1156 1229 auctoritate
1189 1190 1304 1228 non
1341 1175 1502 1229 codd.
1532 1176 1615 1233 ἃς
1642 1175 1840 1244 solum,
1882 1177 1983 1231 sed
2012 1177 2187 1231 etiam

155 1246 276 1313 aA,
328 1247 707 1301 auctoritatem
751 1246 922 1300 secati
965 1244 1114 1312 rell,
1165 1246 1289 1299 edd.
1342 1276 1406 1286 —-
1455 1244 1515 1300 P.
1554 1252 1676 1301 259.
1709 1252 1777 1301 36
1824 1249 2033 1314 factam
2080 1264 2189 1303 esse

154 1316 336 1371 etiam
373 1316 530 1370 codd.
562 1315 672 1369 aA.
697 1342 762 1355 ...
783 1314 842 1369 Ρ.
873 1321 994 1369 260.
1018 1321 1052 1369 4
1089 1318 1405 1386 ayyreyarit
1431 1317 1553 1371 cod.
1584 1332 1619 1369 a
1644 1316 1758 1384 all„
1796 1318 1979 1372 Halm.
2010 1320 2050 1387 I,
2090 1320 2187 1373 ad-

152 1387 405 1457 yrey‘arit
439 1386 508 1452 A,
543 1386 734 1455 Kaya,
771 1384 994 1454 Eberh.‚
1034 1389 1409 1458 aqqreqavcrit
1442 1386 1641 1457 pleriq.
1682 1387 1862 1457 codd.,
1897 1388 2085 1443 Halm.
2116 1389 2187 1457 ΙΙ,

154 1458 373 1525 Klotz„
429 1456 619 1523 Hein.;
677 1455 750 1511 ad
794 1473 848 1525 p.
889 1462 972 1511 79.
1004 1463 1088 1513 36.
1140 1488 1204 1497 ——
1252 1456 1313 1510 P.
1353 1462 1475 1512 260.
1508 1464 1539 1511 5
1585 1462 1700 1513 iam
1744 1458 1970 1529 Pluyg.,
2028 1458 2185 1527 Bak„

153 1528 364 1583 Eberh.
405 1558 470 1569 --
508 1527 567 1583 P.
606 1533 728 1582 260.
762 1533 828 1583 16
866 1528 1147 1583 biberunt
1192 1528 1379 1583 Madv.
1427 1530 1575 1583 auct.
1612 1527 1797 1582 Halm.
1836 1529 1913 1596 Il,
1962 1529 2191 1599 Eberh.,

154 1601 344 1666 Hein.,
382 1599 442 1653 et
475 1598 557 1653 sic
595 1600 754 1653 codd.
783 1597 880 1651 aA
917 1598 989 1665 et,
1028 1600 1094 1653 ut
1121 1598 1391 1669 suspicor,
1428 1599 1635 1669 plume,
1674 1600 1911 1655 biberint
1937 1600 2089 1669 vulg.
2122 1632 2187 1641 -

155 1670 217 1725 P.
257 1676 481 1725 26019
531 1686 612 1738 sq.
659 1670 800 1723 vivis
844 1669 1072 1739 reliquis
1116 1670 1413 1725 codd.bcs
1460 1670 1581 1738 all„
1627 1669 1814 1725 Halm.
1862 1670 1939 1738 ΙΙ,
1986 1671 2188 1738 Klotz„

155 1740 324 1796 Hein.
376 1770 440 1781 -—
487 1738 548 1794 P.
595 1744 718 1794 260.
749 1745 817 1794 22
885 1742 947 1795 id
1002 1756 1110 1795 om.
1167 1741 1325 1795 codd.
1350 1740 1445 1795 aA
1499 1740 1622 1808 all„
1686 1740 1919 1808 Eberh.,
1973 1741 2191 1795 habent

155 1812 358 1883 pleriq.
396 1810 574 1878 codd.,
612 1809 818 1877 Halm,
856 1808 1058 1878 Klotz„
1095 1810 1258 1867 Hein.
1301 1840 1364 1851 —-
1403 1811 1484 1866 Ib.
1513 1828 1727 1868 secern.
1768 1813 1927 1867 codd.
1958 1812 2052 1867 aA
2074 1812 2187 1879 all„

157 1885 292 1939 disc.
331 1883 486 1952 vulg.
526 1911 591 1922 --
630 1879 691 1937 P.
731 1887 850 1935 260.
873 1885 942 1935 25
979 1883 1151 1952 faces,
1197 1896 1312 1935 non
1346 1882 1545 1952 fasces,
1590 1900 1645 1940 v.
1684 1888 1752 1938 26
1790 1885 1887 1951 sit,
1933 1899 2051 1938 non
2084 1888 2190 1952 sat,

160 1963 254 2018 (cx
292 1954 402 2023 sil.)
441 1952 560 2008 cod.
591 1969 643 2009 a.
676 1983 740 1993 -
768 1954 828 2008 P.
860 1958 980 2008 260.
1001 1959 1070 2008 27
1108 1955 1207 2010 hoc
1231 1954 1385 2009 vobis
1410 1953 1573 2010 codd.
1604 1954 1747 2009 aAb
1776 1954 1893 2021 all„
1929 1953 2116 2009 Halm.
2147 1955 2190 2022 Ι,

156 2026 360 2093 Kays.‚·
405 2023 609 2078 Eberh.
659 2025 780 2094 (hoc
826 2024 1125 2092 om.-a11.),
1170 2025 1324 2079 vobis
1368 2026 1465 2080 hoc
1508 2024 1711 2096 pleriq.
1750 2026 1940 2091 codd.,
1986 2025 2189 2092 Klotz„

159 2096 352 2151 Halm.
387 2094 458 2163 ΙΙ,
493 2093 657 2150 Hein.
691 2125 755 2135 -
784 2094 844 2149 P.
875 2101 998 2149 260.
1021 2101 1088 2149 37
1131 2095 1274 2150 Tam
1308 2101 1371 2150 tu
1406 2095 1515 2152 bis
1554 2097 1613 2150 et
1647 2095 1865 2165 pleriq„
1901 2112 2017 2150 non
2055 2099 2189 2165 opt„

159 2167 346 2234 codd.,
379 2164 563 2220 Halm.
599 2165 670 2234 ΙΙ,
708 2165 908 2233 Klotz„
936 2164 1127 2233 Hein.;
1166 2167 1427 2234 Iuppiter
1455 2165 1631 2222 etiam
1659 2166 1774 2220 aA.
1807 2197 1871 2206 —
1901 2166 1982 2222 Ib.
2013 2184 2093 2234 sq.
2122 2168 2194 2236 [a

158 2237 437 2307 Romulo]
460 2235 678 2293 'I‘ifiblen
718 2235 990 2291 Fleckeia
1029 2253 1157 2292 ann.
1199 2242 1338 2292 1857
1376 2255 1427 2306 p.
1468 2243 1591 2304 800,
1626 2237 1717 2291 Ka
1755 2253 1796 2292 e.
1829 2267 1893 2276 -
1924 2238 1984 2290 P.
2014 2242 2136 2291 261.
2157 2241 2190 2290 3

159 2311 281 2365 aris
309 2307 675 2374 subabsurde,
711 2308 777 2362 ut
803 2307 944 2362 mihi
971 2306 1212 2373 videtur,
1239 2307 1441 2376 pleriq.
1472 2308 1649 2375 codd.,
1734 2307 1864 2364 alm.
1893 2306 1961 2374 Π,
1990 2306 2189 2374 Klotz„

159 2378 353 2446 Hein.,
392 2395 500 2433 om.
537 2378 784 2446 aAors',
823 2376 1009 2432 Halm.
1050 2380 1101 2445 Ι,
1137 2376 1337 2446 Kame„
1376 2377 1579 2433 Eberh.
1620 2408 1686 2418 —
1726 2377 1785 2431 P.
1825 2383 1946 2432 261.
1978 2383 2012 2431 4
2083 2394 2189 2432 om·-

156 2450 356 2520 nium]
390 2449 587 2517 Kays.,
623 2449 830 2516 Klotz„
869 2466 978 2503 om.
1017 2448 1317 2504 codd.bcn
1355 2448 1467 2517 all„
1505 2447 1709 2516 Halm„
1746 2447 1970 2516 Eberh.,
2064 2448 2190 2518 ein..

159 2523 233 2576 de
271 2536 308 2574 a
343 2536 460 2574 non
496 2521 744 2588 constat,
781 2520 833 2574 A
867 2519 1059 2574 habet.

308 2623 548 2681 Oratio
585 2625 652 2680 in
689 2625 1065 2682 Cassilinam
1099 2625 1169 2682 H.

305 2731 368 2788 P.
407 2737 528 2787 262.
550 2739 582 2785 3
619 2732 766 2799 ferro
801 2734 1073 2801 flammaq.
1109 2730 1300 2801 potius
1347 2746 1515 2799 quam
1554 2747 1680 2785 cum
1718 2731 1976 2785 omnibus
2013 2737 2192 2800 paene

161 2803 330 2860 codd.
359 2805 568 2870 ferrum
603 2805 978 2872 flammamque
1012 2817 1154 2856 recc.
1185 2802 1314 2857 edd.
1342 2803 1525 2870 magis
1553 2800 1821 2871 Madvigi,
1860 2803 1926 2855 ut
1951 2800 2191 2868 videtur,

161 2874 506 2929 auctoritate
553 2873 822 2927 commoti
867 2889 1038 2941 quam
1083 2872 1293 2927 codicis
1341 2888 1376 2926 a
1421 2871 1906 2942 (Gemblacensem
1952 2887 2193 2926 comme-

159 2946 395 3000 morant
439 2947 498 2998 et
544 2945 681 2999 ‘non
725 2943 970 3014 optimos
1014 2943 1239 3013 libros')
1286 2944 1510 3012 praeter
1547 2942 1858 3012 Klotzium,
1906 2943 2006 3011 qui
2039 2945 2193 2996 recte

159 3013 422 3086 Madvigi
475 3015 728 3085 argutias
782 3013 995 3068 stridet.
1070 3013 1203 3068 Non
1255 3015 1423 3068 modo
1470 3013 1594 3067 Val.
1640 3013 1787 3068 Max.
1845 3012 1991 3067 dixiss
2033 3013 2112 3066 III
2160 3019 2193 3066 2

161 3089 275 3141 ext.
316 3093 351 3140 3
396 3087 695 3156 compedes,
745 3085 870 3140 Sen.
919 3086 1094 3140 contr.
1136 3091 1218 3140 19.
1242 3092 1269 3139 1
1310 3103 1385 3140 m.
1432 3090 1678 3152 catenas,
1725 3085 1935 3154 Fronto
1984 3099 2069 3153 ep.
2118 3085 2192 3137 M.

161 3159 325 3214 Caes,
364 3156 392 3209 1
429 3163 530 3212 6.2
577 3176 632 3228 p.
671 3163 736 3211 31
785 3155 950 3212 Nieb.
999 3159 1126 3224 (252
1172 3155 1339 3223 Nab.)
1396 3155 1627 3210 seem-im
1686 3155 2008 3221 Tenediam,
2063 3152 2192 3209 Tac.

161 3245 294 3282 ann.
327 3227 408 3282 IV
435 3233 503 3284 29
540 3229 710 3284 robur
745 3233 796 3284 et
830 3243 1030 3282 saxum
1064 3227 1293 3293 minari,
1330 3243 1401 3280 ne
1437 3229 1635 3295 poetas
1674 3225 1905 3280 afferam
1935 3223 2081 3294 (Val.
2111 3223 2193 3277 Fl.

159 3299 188 3352 Ι
227 3303 336 3354 337
375 3299 633 3368 cratera),
671 3300 770 3353 sed
806 3297 931 3368 ipse
969 3294 1082 3352 Cic.
1115 3299 1190 3366 (p.
1223 3303 1345 3352 367.
1370 3302 1474 3364 11,)
1513 3296 1644 3350 fam.
1674 3296 1753 3350 XI
1780 3303 1829 3350 3.
1852 3302 1885 3350 3
1922 3311 2095 3349 arma.
2128 3323 2193 3333 -—

160 3369 221 3424 P.
253 3375 379 3425 262.
401 3375 437 3423 4
471 3371 814 3424 minitantem
851 3367 1012 3422 codd.
1053 3367 1149 3421 aA
1175 3383 1413 3436 quoque.
1444 3397 1514 3408 --
1540 3367 1603 3421 P.
1630 3373 1751 3421 262.
1775 3371 1841 3420 12
1866 3366 2195 3434 perhorres-c,

163 3441 460 3495 codd.bcs
498 3440 624 3508 soli,
660 3437 842 3494 Halm.
883 3439 952 3506 H,
987 3437 1170 3494 Klotz.
1199 3469 1267 3479 —
1298 3439 1358 3493 P.
1388 3443 1510 3493 263.
1535 3444 1561 3491 1
1592 3453 1715 3492 cum
1750 3453 1818 3492 ex
1843 3437 1978 3490 urbe
2004 3439 2080 3488 est
2104 3451 2197 3489 ex-

155 3512 366 3582 pulsus
407 3509 764 3581 coddbois,
819 3509 1005 3564 Halm.
1043 3508 1123 3580 ΙΙ,
1171 3525 1294 3564 cum
1338 3515 1417 3564 est
1460 3523 1527 3563 ex
1572 3508 1705 3562 arbe
1743 3507 1942 3577 pulsus
1984 3504 2196 3572 Klotz.;
