2534 3875
814 193 970 252 CAP.
1009 201 1183 250 9——13
1222 200 1253 261 ἓ
1291 201 1520 250 22--32.
2151 195 2192 258 9

142 339 403 404 factum
464 342 657 405 esset.
746 339 921 404 Nam
977 361 1123 405 cum
1176 339 1340 405 facit
1393 340 1542 424 ipsa
1593 337 1849 405 familia
1899 338 2038 404 vim
2095 361 2193 404 ar·
2231 361 2302 410 28

144 427 354 492 matis
412 427 739 493 coactisve
793 426 1169 493 hominibus
1226 431 1296 492 et
1350 426 1659 493 damnum
1719 427 2002 510 cuipiam
2061 427 2195 509 dat,

144 516 219 580 id
274 515 430 581 dolo
477 516 655 580 malo
700 515 845 580 fieri
896 537 1161 581 necesse
1220 519 1351 600 est3
1407 536 1556 580 cum
1601 519 1823 580 autem
1869 517 2194 580 rationem

146 604 297 686 init,
344 607 420 670 ut
461 625 545 670 ea
588 605 725 688 fiat,
769 602 1025 669 familia
1066 604 1215 720 ipsa
1256 625 1392 668 non
1435 603 1614 688 facit,
1661 603 1739 669 fit
1783 606 2002 669 autem
2041 602 2192 668 dolo

90 708 119 750 5
145 693 331 757 malo
368 693 535 759 eius.
606 691 791 778 Ergo
830 691 1053 757 addito
1101 691 1318 758 ‘DOLO
1363 690 1582 758 MALO'
1631 691 1873 756 actoris
1921 693 1988 756 et
2031 691 2197 776 peti

144 780 317 846 toris
347 780 425 845 fit
452 801 651 848 causa
680 779 1028 866 copiosior.
1082 778 1326 846 Utrum
1364 778 1537 844 enim
1575 779 1919 844 ostendere
1953 783 2197 865 potest,

146 869 291 934 sive
339 889 484 934 eam
530 869 748 955 ipsam
792 867 1114 934 familiam
1170 868 1300 934 sibi
1357 869 1666 932 damnum
1723 865 2003 951 dedisse,
2059 867 2196 933 sive

146 956 429 1023 consilio
490 962 559 1024 et
616 978 817 1043 opera
876 957 1017 1022 eius
1070 955 1367 1022 familiae
1424 954 1674 1020 factum
1739 975 1909 1040 esse,
1974 955 2196 1020 vincat

146 1067 419 1110 necesse
464 1049 582 1110 est.

64 1151 123 1190 1⁰
286 1131 547 1199 Videtis
606 1137 945 1220 praetores
1006 1155 1127 1219 per
1180 1133 1306 1199 hos
1367 1155 1576 1199 annos
1629 1132 2017 1204 interdicere
2069 1131 2259 1202 hoc

148 1221 367 1304 modo,
418 1223 585 1287 velut
634 1223 797 1287 inter
850 1243 955 1287 me
1012 1225 1079 1286 et
1137 1219 1225 1287 M.
1278 1219 1652 1286 Claudium.
1725 1221 1934 1287 UNDE
1999 1237 2193 1286 DOLO

146 1327 349 1374 mo
394 1327 555 1394 Tuo,
596 1309 687 1376 M.
714 1309 959 1394 Tunm,
1002 1308 1092 1375 M.
1120 1306 1484 1376 ememus
1531 1328 1673 1375 Aur
1720 1327 2012 1375 FAMILIA
2057 1326 2196 1374 Am·

145 1415 624 1464 PnocnRA‘ron
676 1415 836 1464 mus
898 1416 972 1463 v.1
1028 1414 1398 1464 neruosus
1452 1415 1609 1481 nsr,
1665 1401 1882 1462 cetera
1933 1419 2014 1462 ex
2067 1395 2197 1460 for·

146 1487 357 1552 mula.
447 1484 517 1550 Si
526 1537 545 1570 ,
606 1486 723 1552 ubi
774 1487 873 1552 ita
925 1486 1348 1552 interdictum
1400 1488 1506 1550 est
1556 1490 1627 1550 et
1681 1485 1946 1569 sponsio
2000 1484 2198 1566 facta,

59 1592 115 1634 1⁵
147 1595 279 1660 ego
338 1596 442 1639 me
488 1574 573 1640 ad
617 1575 895 1640 iudicem
940 1574 1037 1640 sic
1080 1573 1453 1655 defendam,
1509 1579 1584 1638 ut
1627 1574 1694 1639 vi
1737 1595 1844 1638 me
1889 1572 2197 1638 deiecisse

146 1663 489 1747 confitear,
536 1663 687 1728 dolo
734 1663 911 1728 malo
946 1683 1203 1748 negem,
1248 1661 1470 1745 ecquis
1516 1683 1621 1726 me
1667 1661 1934 1726 audiat?
2007 1658 2074 1724 N
2077 1682 2163 1725 on
2187 1675 2305 1744 (30)

147 1751 389 1836 opinor
436 1750 793 1836 equidem,
810 1750 989 1835 quia,
1034 1750 1095 1815 si
1134 1751 1207 1815 vi
1248 1749 1454 1814 deieci
1497 1747 1585 1814 M.
1629 1747 1992 1830 Claudium,
2037 1747 2190 1812 dolo

148 1841 333 1906 malo
373 1839 603 1924 deieci3
646 1840 719 1904 in
752 1839 822 1904 vi
866 1839 1041 1904 enim
1088 1837 1276 1904 dolus
1321 1839 1534 1904 malus
1581 1837 1773 1922 inest,
1819 1841 1886 1902 et
1924 1835 2197 1901 Claudio

146 1928 481 1995 utrumvis
536 1929 702 1994 satis
758 1931 861 1994 est
914 1927 1187 2012 planum
1240 1926 1483 2011 faeere,
1537 1927 1644 1994 vel
1699 1948 1770 1991 se
1813 1949 1858 1991 a
1901 1947 2020 2026 me·
2053 1924 2197 2009 ipso

58 2036 118 2075 20
148 2019 223 2083 vi
271 2017 597 2083 deiectum
642 2038 812 2100 esse,
864 2018 972 2081 vel
1018 2038 1123 2081 me
1170 2015 1518 2081 consilium
1563 2015 1793 2098 inisse,
1837 2018 1914 2079 ut
1957 2013 2026 2078 vi
2070 2013 2198 2077 dei·

145 2109 428 2172 ceretur.
500 2104 660 2171 Plus
701 2106 911 2191 igitur
954 2106 1145 2170 datur
1191 2102 1485 2187 Claudio,
1531 2125 1678 2168 cum
1721 2105 1818 2167 ita
1863 2101 2198 2166 interdici·
2236 2118 2308 2167 30

147 2200 295 2277 tur,
352 2194 521 2258 unde
582 2194 734 2259 dolo
794 2194 971 2258 malo
1029 2214 1177 2257 meo
1234 2193 1304 2258 vi
1359 2190 1646 2256 deiectus
1703 2192 1822 2272 sit,
1881 2212 2084 2275 quam
2143 2190 2200 2252 si

149 2283 451 2365 daretur,
504 2283 677 2347 unde
736 2305 777 2347 a
830 2303 936 2347 me
991 2280 1061 2347 vi
1115 2280 1402 2345 deiectus
1457 2282 1648 2345 esset.
1740 2278 1916 2343 Nam
1962 2278 2032 2342 in
2075 2278 2202 2342 hoc

146 2370 541 2473 posteriore,
572 2370 706 2435 nisi
738 2370 881 2454 ipse
920 2372 1183 2471 egomet
1218 2368 1613 2451 deiecissem,
1648 2367 1974 2433 vincerem
2013 2387 2202 2449 spon-

60 2476 117 2517 25
150 2459 442 2541 sionem3
496 2460 567 2523 in
610 2458 729 2523 illo
775 2458 1023 2543 priore,
1066 2456 1184 2522 ubi
1230 2456 1420 2521 dolus
1465 2456 1679 2521 malus
1727 2454 2016 2538 additur,
2064 2452 2202 2519 sive

149 2546 507 2613 consilium
552 2546 821 2611 inissem
869 2550 989 2628 [‚ut
1040 2547 1107 2611 vi
1154 2544 1571 2626 deicereturJ,
1631 2544 1767 2609 sive
1805 2543 1968 2645 ‘ipse
2031 2542 2200 2607 deie-

150 2635 423 2717 cissem,
476 2656 741 2700 necesse
796 2640 940 2700 erat
988 2637 1060 2699 te
1116 2633 1269 2699 dol-o
1325 2633 1501 2697 malo
1555 2654 1702 2697 meo
1757 2630 1826 2697 vi
1881 2632 2202 2697 deiectum
2227 2681 2308 2743 13

150 2722 451 2788 iudicari.
541 2722 686 2789 Hoc
743 2721 1077 2808 persimile
1136 2726 1333 2805 atque
1393 2721 1554 2786 adeo
1611 2722 1808 2805 plane
1865 2720 2040 2784 idem
2101 2722 2270 2805 est3

151 2812 233 2876 in
286 2810 414 2875 hoc
466 2811 731 2893 iudicio,
790 2814 1302 2896 recuperatores.
1396 2809 1650 2885 Quaero
1711 2808 1883 2874 enim
1939 2808 2060 2873 abs
2115 2811 2200 2888 te,

60 2918 119 2957 ao
152 2901 220 2965 si
256 2898 355 2964 ita
382 2898 691 2964 iudicium
718 2900 947 2965 datum
976 2902 1175 2963 esset·
1220 2896 1565 2973 Qum'rffl
1593 2914 1942 2962 mem-affl
1968 2912 2200 2961 PARET

150 3007 203 3055 Δ
260 3004 557 3053 FAMILIA
609 2984 901 3052 P.FA131
951 3007 1028 3052 vl
1082 3002 1478 3053 noum-Inus
1535 3002 1844 3051 ARMATIS
1899 3000 2204 3049 DAMNUM

150 3074 247 3140 M.
286 3074 563 3141 TULLIO
598 3093 863 3159 DATUM,
908 3074 1064 3161 quid
1097 3074 1397 3159 habereS,
1443 3072 1616 3157 quod
1661 3073 1952 3139 diceres?
1997 3071 2202 3152 Nihil,

153 3165 413 3247 opinor.
502 3162 755 3229 Fateris
813 3163 987 3229 enim
1036 3163 1255 3228 omnia
1293 3166 1370 3226 -et
1413 3161 1737 3226 familiam
1783 3160 1855 3225 P.
1899 3159 2065 3223 Fabi
2109 3158 2204 3222 fe-

152 3253 329 3317 cisse
374 3254 443 3315 et
486 3251 553 3316 vi
597 3251 975 3318 hominibus
1023 3250 1294 3317 armatis
1339 3249 1590 3316 fecisse.
1671 3248 1862 3324 Quod
1907 3247 2204 3311 additum

63 3358 121 3399 35
154 3344 263 3405 est
310 3338 533 3405 DOLO
576 3339 816 3423 MALO',
858 3340 930 3405 id
975 3344 1039 3405 te
1086 3338 1396 3404 adiuvare
1441 3343 1656 3422 putaS,
1701 3336 1772 3401 in
1817 3356 1946 3420 quo
1983 3334 2202 3436 oppri-

154 3432 368 3493 mitur
408 3430 482 3491 ct
528 3428 891 3495 excluditur
935 3420 1149 3494 Omnis
1195 3431 1314 3491 tua
1360 3426 1692 3491 defensio?
1775 3422 1948 3489 Nam
1997 3424 2052 3486 si
2098 3421 2205 3486 ad-
2242 3438 2310 3487 32

156 3516 377 3581 ditum
428 3515 501 3579 id
550 3538 685 3581 non
743 3519 917 3581 esset
972 3538 1047 3583 ac
1100 3514 1227 3580 tibi
1283 3514 1550 3580 libitum
1605 3515 1778 3578 esset
1835 3511 1934 3575 ita
1993 3509 2204 3575 defen·

2221 1099 2303 1164 12
