2534 3875
775 169 930 226 ΑΒΝ
936 169 1200 226 ΟΤΑΤΙΟ
1238 170 1544 227 ORITIGA.
1963 174 2165 230 LXVII

131 308 255 362 cod.
295 324 346 365 a.
368 340 436 351 —
456 311 517 366 P.
537 318 658 367 253.
681 318 750 368 35
780 329 864 381 sq.
893 312 1068 369 locum
1094 310 1200 382 (310
1228 311 1403 367 etiam
1430 312 1645 383 Adps')
1670 331 1905 371 vacuum
1931 317 2164 386 fecisses,

129 395 246 434 non
282 383 646 451 vacuefecisti,
684 383 806 438 eod.
837 400 888 437 a.
918 413 986 424 -
1013 382 1076 438 P.
1105 388 1225 437 254.
1248 390 1281 437 9
1318 385 1551 453 spirituc
1586 387 1725 441 caeli
1750 385 1974 455 Eberh.,
2010 405 2063 442 v.
2099 393 2164 442 10

130 453 332 507 horum
367 469 476 509 csse
511 452 741 522 Eberh.,
789 454 957 522 Kays.
997 452 1142 507 falso
1180 453 1251 507 de
1290 454 1412 509 cod.
1454 471 1489 509 a
1524 452 1595 525 (13
1630 455 1809 510 habet
1844 459 1945 512 celi
1978 460 2083 527 sps
2108 461 2167 513 et

131 538 213 576 cx.
255 522 346 577 sil.
385 539 494 579 esse
536 526 750 595 horum)
793 522 1121 579 testimonio
1170 524 1479 582 credentes,
1530 556 1599 566 —
1640 525 1700 583 P.
1740 532 1862 581 254.
1897 533 1964 582 14
2008 534 2167 584 tw'um

132 610 240 647 om.
273 593 398 648 cod.
438 611 474 648 a
510 594 632 663 all.,
669 612 784 649 non
819 596 896 662 A,
933 594 1119 649 Halm.
1156 594 1200 663 l,
1240 595 1372 652 secl.
1410 596 1580 665 Kays.
1620 626 1689 637 —
1726 598 1788 653 P.
1826 603 2039 654 254.15
2076 600 2165 654 Ac

131 670 318 719 tamen
352 664 514 721 Boot.
554 666 629 721 ad
663 665 785 721 Att.
805 665 883 721 VI
922 672 971 721 1.
991 671 1040 719 2.
1082 696 1147 706 -
1185 664 1245 719 Ρ.
1286 671 1407 723 254.
1436 672 1499 720 17
1529 672 1722 736 postca
1758 683 1865 724 om.
1906 668 2091 725 Halm.
2121 670 2164 737 Ι,

132 736 333 805 Kaya,
369 734 572 791 Eberh.
612 752 649 791 a
685 736 805 792 cod.
835 752 872 791 a
909 735 1107 791 abesse
1141 736 1289 803 falso
1328 739 1419 806 (ex
1456 736 1564 805 311.)
1600 736 1731 793 rati.
1762 770 1829 779 —
1858 738 1918 792 P.
1948 746 2071 795 254.
2098 747 2165 795 17

133 806 381 861 alterum
415 808 660 877 quotiens
701 824 808 863 om.
840 806 1016 863 etiam
1044 806 1166 863 cod.
1197 824 1248 875 a,
1276 810 1524 877 quotiens
1549 824 1674 865 vero
1701 811 1929 878 praeter
1954 810 2165 866 mustos

133 877 230 931 all.
255 878 439 932 habet
465 877 635 933 etiam
666 877 734 933 A.
765 908 832 919 —-
863 878 924 934 P.
953 884 1075 934 254.
1099 884 1165 933 18
1202 878 1428 933 voluisti
1452 878 1643 947 potius
1672 896 1843 948 quam
1870 886 2089 937 coactus
2114 898 2169 937 cs

134 948 432 1004 codd.bos
471 948 592 1011 all.,
639 947 827 1003 Halm.
862 948 942 1017 H,
979 948 1162 1004 Klotz.
1193 979 1260 990 -—
1289 949 1351 1002 P.
1382 953 1501 1004 254.
1525 955 1592 1004 21
1630 951 1806 1021 lagia,
1841 952 2020 1022 nihil]
2057 968 2167 1007 om.

134 1019 298 1075 codd.
317 1018 394 1072 bs
417 1018 528 1087 all.,
547 1018 734 1074 Halm.
753 1019 825 1089 11,
844 1019 1046 1089 Klotz„
1069 1021 1260 1074 tuetur
1276 1019 1479 1074 Eberh.
1501 1019 1628 1075 fort.
1650 1022 1819 1075 recsse.
1840 1052 1905 1063 -
1921 1022 2171 1078 15,·ηί1ιίῐ

131 1092 349 1145 moliris
377 1106 485 1147 om.
515 1106 584 1145 ex
611 1090 802 1145 Halmi
829 1090 990 1145 codd.
1021 1107 1164 1145 unus
1184 1105 1234 1158 ς,
1263 1092 1561 1159 praeterea
1578 1089 1645 1159 A,
1674 1090 1858 1146 Halm.
1880 1093 1951 1161 II,
1980 1092 2165 1148 Klotz.

134 1192 203 1201 -
242 1161 304 1214 P.
346 1166 471 1215 254.
501 1167 568 1216 22
605 1163 711 1217 tibi
743 1164 860 1217 iam
895 1160 1070 1217 etiam
1107 1160 1229 1216 cod.
1271 1178 1307 1215 a
1344 1177 1413 1215 ex
1448 1160 1562 1229 311,
1600 1164 1715 1217 iam
1750 1165 1856 1218 tibi
1893 1164 1957 1218 A.
1999 1194 2067 1205 -—·
2103 1165 2167 1221 P.

134 1237 257 1287 254.
280 1237 351 1285 23
379 1234 498 1287 sica
523 1234 635 1288 ieta
661 1231 826 1289 codd.
845 1232 962 1286 bos
991 1231 1104 1299 all.,
1133 1231 1315 1285 Halm.
1338 1231 1407 1299 11,
1436 1231 1639 1299 Klotz„
1668 1232 1831 1287 Hein.
1852 1264 1919 1273 —
1939 1233 2021 1289 Ib.
2045 1252 2169 1290 vcro

132 1318 318 1371 paene
347 1317 494 1356 omn.
525 1302 707 1371 codd„
741 1302 928 1357 Halm.
957 1302 1000 1370 I,
1037 1302 1226 1372 Kays,
1254 1301 1479 1369 Eberh„
1506 1301 1687 1370 Hein.,
1719 1320 1825 1359 om.
1855 1320 1970 1358 non
1996 1304 2167 1360 modo

133 1373 169 1426 d
211 1375 272 1427 eb
313 1372 461 1428 ‘cod.
502 1371 674 1441 0013,
722 1373 824 1428 sed
861 1372 1035 1428 etiam
1073 1390 1110 1427 a
1145 1376 1238 1443 (ex
1276 1373 1387 1441 311.)
1425 1375 1485 1427 et
1520 1374 1595 1441 A,
1642 1373 1825 1430 Halm.
1864 1374 1933 1442 II,
1980 1375 2165 1431 Klotz.

135 1476 202 1485 —
240 1442 326 1497 Ib.
358 1460 440 1512 sq.
479 1445 666 1513 aliquo
701 1461 834 1499 casu
871 1444 1032 1499 codd.
1063 1444 1198 1511 bes,
1234 1443 1419 1498 Halm.
1448 1443 1518 1511 Π,
1555 1443 1736 1499 Klotz.
1768 1475 1836 1485 -
1864 1444 1924 1499 P.
1958 1452 2078 1501 254.
2099 1454 2171 1501 24

132 1517 356 1585 [tamen
390 1544 463 1555 —
494 1515 680 1585 potes]
705 1514 1039 1569 Heumanno
1077 1517 1223 1569 auct.
1251 1531 1392 1569 recc.
1424 1514 1550 1569 edd.
1578 1516 1805 1583 praeter
1830 1514 2033 1583 Klotz„
2071 1516 2169 1585 qui

135 1603 240 1639 scr.
271 1601 306 1639 e
343 1591 376 1639 2
398 1584 539 1654 ng.
577 1588 792 1641 diutius
817 1603 1014 1653 carere,
1054 1601 1160 1640 om.
1189 1584 1378 1639 Halm.
1409 1584 1477 1653 ΙΙ,
1516 1584 1745 1639 dubitat
1770 1586 2167 1642 Luterbacher.

138 1656 483 1711 ‘Jahresben
503 1655 564 1709 in
582 1656 851 1714 Zeitschr.
871 1656 910 1713 f.
933 1656 986 1712 d.
1008 1655 1072 1711 G.
1091 1656 1206 1711 W.’
1234 1661 1372 1711 1883
1391 1675 1447 1726 Ρ.
1468 1661 1538 1710 24
1566 1671 1649 1711 ex,
1668 1687 1733 1695 -
1754 1656 1815 1710 Ρ.
1834 1662 1957 1714 254.
1980 1663 2046 1713 31
2068 1664 2170 1713 tot-

135 1745 236 1797 que
255 1726 421 1782 codd.
442 1726 526 1781 ad
549 1730 608 1783 et.
625 1728 906 1794 ParcenS„
925 1726 1130 1781 Eberh.
1152 1728 1393 1797 (comma
1420 1726 1528 1781 del.
1549 1725 1737 1781 iussus
1763 1727 1987 1796 typoth.
2010 1729 2169 1785 obse-

137 1799 300 1852 cutus
319 1813 437 1852 non
455 1798 582 1867 est),
601 1804 680 1854 tot
695 1815 763 1853 cx
781 1800 870 1921 (ἐκ
889 1799 988 1869 tot)
1008 1799 1138 1856 cett.
1161 1798 1254 1868 (ad
1275 1816 1330 1867 p.
1348 1804 1433 1851 39.
1449 1798 1521 1869 4).
1540 1828 1597 1837 -
1614 1797 1675 1852 Ρ.
1698 1804 1817 1853 255.
1836 1806 1867 1851 2
1888 1800 1988 1853 hoc
2006 1799 2167 1854 codd.

135 1869 252 1923 1003
283 1869 379 1922 all.
415 1870 541 1940 (tibi
557 1870 655 1925 hoc
672 1870 762 1941 w),
846 1868 975 1923 alm.
995 1868 1064 1935 11,
1091 1867 1294 1935 Klotz„
1321 1867 1505 1937 Hein.,
1535 1883 1641 1923 om.
1665 1868 1759 1922 aA
1777 1867 1891 1938 all.,
1920 1868 2103 1924 Halm.
2127 1872 2169 1938 I,

135 1941 328 2009 Kays„
347 1939 554 1996 Eberh.
578 1972 642 1982 —
661 1941 744 1996 Ib.
762 1942 980 2009 ferwnd.
1002 1939 1176 1994 etiam
1197 1940 1318 1995 cod.
1342 1956 1393 2007 a,
1420 1942 1627 2008 ferend.
1647 1940 1800 2008 vulg.
1824 1971 1890 1981 -
1911 1940 1971 1995 P.
1992 1946 2112 1996 255.
2136 1949 2169 1996 8

137 2013 312 2068 oculis
332 2013 577 2066 omnium
596 2011 757 2066 codd.
776 2011 814 2065 b
827 2026 893 2065 cs
915 2011 1028 2079 all.,
1058 2010 1240 2066 Halm.
1261 2010 1331 2078 ΙΙ,
1361 2010 1563 2079 Klotz„
1591 2010 1775 2079 Hein„
1796 2014 2041 2067 omnium
2060 2028 2169 2067 om.

137 2089 168 2136 2
185 2081 352 2137 codd.
371 2112 439 2122 —
455 2081 515 2137 P.
533 2088 653 2138 255.
673 2088 738 2136 13
752 2099 850 2138 nec
865 2081 1026 2138 codd.
1041 2082 1118 2135 bs
1134 2080 1258 2149 soli,
1273 2081 1457 2136 Halm.
1474 2081 1539 2150 Π,
1555 2081 1736 2138 Klofiz.
1751 2102 1765 2147 ς
1781 2081 1855 2136 ad
1872 2099 1926 2150 Ρ.
1947 2088 2064 2137 189.
2086 2090 2169 2140 16.

139 2184 203 2193 -
224 2152 307 2206 Ib.
330 2159 415 2222 tu,
443 2154 658 2222 opinor,
678 2152 890 2208 Cobeto
919 2155 1064 2208 auct.
1093 2153 1282 2222 Kays„
1309 2151 1511 2207 Eberh.
1542 2183 1609 2192 —
1637 2152 1699 2206 P.
1720 2157 1841 2206 255.
1865 2157 1933 2207 15
1961 2155 2078 2208 odit
2105 2170 2172 2207 ac

139 2241 248 2279 om.
278 2225 444 2280 codd.
472 2225 584 2280 aA.
616 2253 682 2265 -
710 2223 770 2280 P.
791 2229 914 2280 255.
937 2231 1003 2278 16
1031 2225 1134 2279 diu
1160 2225 1304 2278 nihil
1332 2229 1381 2276 tc
1407 2222 1592 2278 Halm.
1621 2222 1689 2291 11,
1720 2221 1921 2289 Klotz„
1950 2221 2169 2290 Eberh,

137 2293 332 2362 Heia„
379 2295 442 2349 et
477 2294 559 2349 sic
596 2295 716 2350 eod.
753 2295 829 2363 A,
877 2295 1085 2419 teffiut
1119 2296 1204 2363 dc)
1239 2295 1385 2348 nihil
1420 2301 1453 2348 5
1491 2293 1652 2350 codd.
1692 2293 1857 2362 ng.,
1902 2291 2087 2348 Halm.
2128 2294 2171 2362 Ι,

137 2365 327 2435 Kays„
357 2367 462 2421 diu
497 2367 563 2420 de
597 2371 649 2422 te
682 2367 828 2422 nihil
862 2381 900 2420 a
1018 2407 1050 2434 .,
1085 2366 1188 2420 diu
1213 2366 1358 2420 nihil
1386 2365 1453 2419 dc
1476 2370 1527 2420 te
1554 2364 1630 2418 bs
1660 2364 1773 2432 all.,
1811 2365 1956 2418 nihil
1981 2366 2085 2419 diu
2122 2381 2171 2432 c,

136 2438 202 2492 de
248 2443 300 2491 te
335 2438 442 2492 diu
465 2438 609 2492 nihil
641 2438 685 2493 t.
722 2467 794 2478 -
828 2437 892 2491 P.
927 2441 1048 2492 255.
1071 2442 1138 2491 23
1174 2437 1577 2506 neqlcyucndas
1614 2433 1737 2490 cod.
1773 2436 1824 2489 A
1859 2435 2173 2505 (uertendas

139 2507 306 2578 adp),
345 2526 400 2564 v.
439 2513 510 2562 24
535 2509 631 2564 od
665 2509 918 2563 winccnd.
957 2506 1077 2575 aA,
1115 2507 1662 2576 perfrinqwndasque
1697 2521 1757 2572 a,
1806 2522 1859 2559 v.
1899 2511 1968 2560 25
2006 2506 2067 2560 eb
2102 2512 2173 2561 30

137 2581 360 2645 ferwnd.
410 2579 474 2634 A.
535 2609 602 2620 --
656 2578 716 2634 P.
755 2585 876 2634 255.
907 2584 976 2634 28
1032 2579 1237 2632 timere
1291 2607 1359 2619 —
1413 2578 1614 2632 videre
1674 2575 1923 2632 Richter.
1980 2592 2167 2646 progr.

137 2651 409 2706 Rastenb.
443 2655 580 2705 1861
609 2669 665 2720 Ρ.
697 2656 779 2705 16.
811 2680 878 2691 —
906 2648 965 2704 P.
998 2654 1118 2704 255.
1141 2655 1207 2703 31
1237 2650 1289 2702 εἰ
1314 2649 1494 2715 falsus
1520 2647 1643 2702 eod.
1672 2645 1737 2701 A.
1770 2678 1837 2687 —
1865 2645 1923 2702 P.
1956 2652 2081 2702 255.
2102 2653 2171 2702 33

138 2726 222 2778 ita
249 2739 360 2778 om.
391 2721 552 2778 codd.
582 2721 722 2789 boe,
753 2720 956 2789 Klossz„
984 2719 1188 2785 Halm„
1215 2718 1385 2788 Kaye.
1416 2749 1482 2759 -
1514 2717 1577 2773 P.
1608 2723 1728 2773 255.
1748 2723 1817 2772 36
1846 2719 1921 2773 ad
1946 2718 2173 2788 praeter

141 2795 262 2850 cod.
295 2811 333 2849 a
369 2795 430 2846 et
465 2808 533 2847 ex
568 2792 786 2848 Baiteri
822 2791 910 2846 311.
941 2792 992 2845 A
1027 2795 1048 2862 (
1163 2792 1202 2845 d
1237 2790 1399 2855 σθω-..ς
1438 2789 1513 2845 ad
1539 2807 1593 2859 p.
1628 2795 1746 2844 166.
1768 2789 1825 2859 6)
1858 2804 1975 2842 non
2001 2787 2171 2844 modo

141 2865 294 2920 Serv.
315 2865 488 2932 Verg.
527 2864 593 2918 A.
623 2866 648 2917 I
685 2870 779 2930 24,
826 2863 1018 2933 Pomp.
1049 2807 1268 2917 wmm.
1305 2859 1435 2918 'LV
1471 2877 1524 2929 p.
1555 2865 1675 2914 273.
1697 2865 1794 2926 21,
1833 2857 2063 2914 Cledon.
2106 2860 2169 2912 T.

138 2936 190 2989 V
227 2956 284 3007 Ρ.
327 2942 412 2991 77.
444 2941 502 3002 7,
558 2935 659 2988 sed
713 2933 886 2990 etiam
934 2933 1085 2988 Serv.
1134 2930 1343 2987 Comm.
1392 2931 1457 2986 Τ.
1494 2929 1572 2984 IV
1607 2947 1662 3000 Ρ.
1702 2935 1825 2985 442.
1863 2936 1956 2997 15,
2014 2929 2169 2998 Serg.

137 3007 302 3078 Expl.
342 3006 419 3061 ib.
461 3012 582 3060 517.
602 3013 689 3074 22,
727 3004 943 3060 Audae.
980 3005 1240 3074 Excerpt.
1263 3002 1369 3055 VII
1410 3018 1465 3070 p.
1506 3006 1627 3056 354.
1657 3006 1725 3056 28
1772 3001 1870 3070 (ad
1910 3002 2174 3055 Marcum

137 3080 443 3150 Lepidum,
490 3078 623 3132 cett.
661 3075 1018 3147 grammatici
1067 3077 1142 3130 ad
1181 3076 1445 3128 Marcum
1480 3073 1743 3139 Laecam,
1790 3073 1867 3127 ad
1905 3073 1993 3126 M.
2029 3070 2172 3124 Lae-

129 3153 336 3222 pidum
384 3147 507 3203 cod.
547 3151 619 3215 a).
656 3179 726 3190 --
762 3146 823 3202 P.
861 3152 1036 3202 256.1
1083 3147 1271 3201 domui
1314 3142 1495 3198 Klotz.
1536 3158 1567 3197 e
1606 3141 1809 3196 codd.l
1846 3143 1906 3196 et
1942 3148 1974 3196 3
2012 3142 2180 3209 ng.,

138 3240 193 3292 p.
224 3227 352 3276 257.
373 3225 442 3274 32
479 3235 512 3273 0
550 3219 712 3274 codd.
739 3217 892 3274 dlor
911 3218 1110 3287 5ng.,
1149 3221 1271 3270 260.
1293 3220 1363 3270 23
1402 3230 1433 3269 e
1463 3213 1625 3268 codd.
1653 3213 1691 3266 b
1710 3214 1788 3266 τί.
1816 3218 1845 3266 1
1875 3211 1974 3292 Ιιβ.
2005 3212 2175 3280 (domi

137 3310 240 3348 suo
285 3293 372 3362 a),
419 3295 594 3344 267.2
642 3307 747 3344 sua
792 3291 1017 3358 sponte,
1067 3293 1185 3342 267.
1208 3293 1277 3340 20
1324 3301 1357 3340 0
1405 3284 1859 3352 codd.r†‚3ng.
1904 3296 2182 3349 lgnorans

141 3364 318 3418 etiam
364 3378 401 3415 a
444 3361 654 3416 habere
690 3363 880 3416 domui
913 3377 1021 3415 suc.
1063 3391 1126 3400 -
1165 3357 1228 3413 Ρ.
1264 3361 1387 3411 256.
1410 3363 1444 3410 3
1480 3357 1615 3424 quia
1653 3353 1813 3410 codd.
1856 3352 1965 3408 aA.
2004 3383 2071 3393 —-
2110 3351 2173 3409 P.

141 3440 264 3490 256.
285 3441 322 3488 6
360 3438 562 3502 optum.
601 3431 762 3487 codd.
792 3430 912 3499 aA,
949 3431 1130 3500 optim.
1160 3427 1335 3498 vulg„
1372 3425 1540 3482 simil.
1617 3425 1757 3479 lura.
1788 3453 1857 3467 —
1883 3423 1965 3479 Ib.
2011 3423 2189 3478 Mar-

141 3507 336 3564 cellum
363 3503 526 3560 codd.
554 3505 780 3573 practer
806 3502 900 3558 aA
927 3505 1054 3569 (om.
1075 3502 1156 3565 M)
1186 3501 1245 3554 et
1273 3499 1414 3554 duos
1446 3497 1559 3564 all.,
1663 3497 1788 3563 otz„
1818 3493 1986 3564 Kays.
2016 3523 2085 3536 --
2111 3494 2173 3548 P.

1673 3602 1743 3654 e*
