2534 3875
599 163 755 216 CAP.
798 168 935 216 7-9
974 168 1004 227 ἓ
1045 169 1268 218 17-22.
1860 163 1943 227 81

0 303 264 390 ztigalia
321 305 634 385 maxima,
681 306 982 370 fortunae
1029 306 1463 391 plurimorum
1511 305 1749 372 civium
1796 328 1948 372 con-

0 397 168 457 ictae
216 414 364 457 cum
410 414 480 457 re
526 392 792 478 publica
838 392 1285 459 defendantur.

34 478 368 556 Quoniam
425 481 502 546 de
561 503 798 568 genere
844 482 1004 550 belli
1052 482 1212 564 dixi,
1265 504 1439 547 nunc
1496 483 1573 548 de
1620 483 1946 569 magnitu-

0 590 51 634 ie
102 590 316 653 pauca
361 568 588 634 dicam.
679 569 909 635 Potest
955 570 1129 635 enim
1174 570 1301 636 hoc
1338 571 1482 655 dici,
1529 571 1691 635 belli
1737 592 1945 656 genus

5 678 46 722 6
106 656 208 721 ita
259 658 727 739 necessarium,
782 662 858 723 ut
913 659 1001 723 sit
1048 659 1431 745 gerendum,
1483 680 1618 725 non
1664 680 1807 724 esse
1851 658 1950 723 ita

0 768 245 831 gnum,
289 750 365 810 ut
411 746 498 812 sit
544 746 1149 831 pertimescendum.
1222 746 1304 811 In
1352 768 1478 831 quo
1524 742 1815 811 maxime
1853 748 1948 811 la-

0 833 277 898 vandum
325 838 450 917 est,
495 856 578 899 ne
622 837 796 899 forte
843 856 920 899 ea
965 836 1182 919 vobis,
1229 857 1393 919 quae
1447 835 1949 922 diligentissime

0 921 310 987 »videnda
355 926 527 1006 sunt,
573 923 1045 988 contemnenda
1090 945 1231 988 esse
1278 924 1638 989 videantur.
1727 923 1948 1006 Atque

22 1031 259 1075 omnes
306 1010 700 1096 intellegant
745 1033 848 1076 me
886 1011 957 1076 L.
985 1011 1259 1077 Lucullo
1308 1015 1564 1076 tantum
1611 1012 1947 1095 impertire

0 1097 148 1182 ldis,
183 1104 498 1181 quantum
536 1099 694 1163 forti
722 1099 864 1164 viro
904 1103 972 1163 et
1009 1099 1289 1183 sapienti
1324 1099 1577 1165 homini
1607 1106 1675 1166 et
1704 1121 1947 1185 magno

0 1186 298 1272 peratori
354 1187 694 1268 debeatur,
751 1186 892 1252 dico
951 1188 1088 1252 eius
1136 1187 1419 1253 adventu
1466 1190 1785 1253 maximas
1830 1187 1950 1252 Mi-

0 1274 188 1339 ·idati
227 1274 446 1357 copias
484 1276 787 1340 omnibus
824 1276 1020 1340 rebus
1059 1280 1327 1340 ornatas
1367 1281 1562 1359 atque
1590 1277 1947 1341 instructas

0 1384 142 1437 sse,
208 1363 559 1447 urbemque
604 1363 806 1428 Asiae
851 1363 1287 1428 clarissimam
1332 1365 1650 1448 nobisque
1698 1364 1950 1430 amicis-

0 1472 148 1515 1am
197 1448 658 1533 Cyzicenorum
715 1452 1051 1516 obsessam
1099 1473 1240 1515 esse
1290 1452 1373 1518 ab
1418 1452 1565 1536 ipso
1613 1472 1769 1538 rege
1816 1475 1949 1517 ma·

0 1562 85 1603 aa
116 1538 531 1603 multitudine
559 1544 626 1603 et
654 1544 1106 1625 oppugnatam
1126 1540 1723 1623 vehementissime3
1753 1562 1949 1624 quam

17 1626 342 1691 Lucullus
388 1626 644 1709 virtute,
692 1628 1100 1711 assiduitate,
1146 1628 1421 1693 consilio
1470 1628 1741 1692 summis
1780 1628 1949 1693 obsi-

0 1715 126 1779 »nis
165 1715 468 1797 periculis
505 1716 836 1799 liberavit3
875 1717 958 1781 ab
989 1717 1216 1781 eodem
1243 1717 1641 1800 imperatore
1670 1719 1945 1781 classem
1984 1733 2048 1781 21

0 1824 224 1889 ,gnam
273 1806 341 1867 et
386 1807 702 1887 ornatam,
740 1826 906 1887 quae
952 1804 1222 1870 ducibus
1262 1804 1661 1870 Sertorianis
1699 1804 1782 1869 ad
1818 1804 1946 1869 Ita-

0 1914 67 1957 m
128 1890 344 1956 studio
395 1894 617 1976 [atque
664 1892 840 1974 odio]
889 1892 1296 1959 inflammata
1340 1898 1707 1979 raperetur,
1762 1914 1948 1978 supe·

0 2002 129 2046 am
160 2001 300 2045 esse
332 1984 523 2064 atque
554 1981 954 2066 depressam3
983 2003 1257 2068 magnas
1287 1983 1577 2048 hostium
1607 1986 1949 2066 praeterea

0 2069 138 2154 >ias
195 2067 418 2133 multis
465 2069 732 2152 proeliis
780 2091 923 2134 esse
971 2069 1216 2134 deletas
1262 2070 1790 2156 patefactumque
1836 2091 1949 2134 no·

1 2158 68 2221 is
108 2156 482 2242 legionibus
511 2178 651 2221 esse
678 2157 982 2241 Pontum,
1010 2159 1122 2242 qui
1151 2164 1346 2223 antea
1375 2159 1616 2242 populo
1646 2158 1947 2222 Romano

17 2245 213 2311 omni
250 2244 430 2310 aditu
468 2246 727 2310 clausus
764 2246 1031 2330 fuisset3
1071 2245 1357 2330 Sinopen
1394 2251 1588 2330 atque
1626 2246 1947 2329 Amisum,

0 2335 151 2399 ibus
187 2333 259 2397 in
295 2333 550 2419 oppidis
590 2340 778 2399 erant
813 2335 1145 2400 domicilia
1178 2337 1374 2420 regiS,
1412 2335 1713 2399 omnibus
1752 2335 1946 2398 rebus

0 2426 182 2487 latas
230 2444 304 2486 ac
349 2421 622 2486 refertas
671 2427 1047 2507 ceterasque
1092 2424 1287 2487 urbes
1338 2424 1533 2487 Ponti
1579 2426 1646 2486 et
1692 2420 1946 2507 Cappa·

0 2511 140 2577 ziae
195 2512 553 2593 permultas
609 2532 739 2576 uno
798 2511 979 2576 aditu
1037 2511 1447 2595 adventuque
1500 2532 1643 2575 esse
1690 2516 1944 2596 captas3

0 2620 138 2683 gem
184 2597 537 2682 spoliatum
583 2620 788 2684 regno
827 2600 1042 2684 patrio
1092 2603 1288 2683 atque
1326 2599 1503 2664 avito
1544 2599 1627 2663 ad
1673 2600 1839 2665 alios
1877 2621 1945 2664 se

0 2708 98 2772 ges
177 2693 370 2769 atque
443 2686 526 2751 ad
600 2688 765 2752 alias
811 2691 1063 2772 gentes
1139 2687 1500 2770 supplicem
1563 2687 1947 2772 contulisse3

0 2795 108 2860 [ue
165 2773 326 2839 haec
381 2775 601 2839 omnia
660 2776 862 2841 salvis
909 2775 1136 2860 populi
1181 2774 1464 2840 Romani
1510 2775 1702 2840 sociis
1750 2780 1947 2859 atque

3 2860 193 2948 egris
257 2862 688 2948 vectigalibus
754 2885 895 2928 esse
961 2867 1161 2949 gesta.
1254 2862 1429 2928 Satis
1488 2864 1723 2947 opinor
1786 2863 1949 2928 haec

0 2972 54 3016 :e
93 2948 326 3033 laudis,
363 2955 563 3034 atque
599 2951 722 3033 ita,
752 2951 1055 3035 Quirites,
1093 2955 1167 3015 ut
1203 2951 1330 3016 hoc
1366 2973 1484 3017 vos
1521 2951 1947 3037 intellegatis,

0 3038 179 3104 1ullo
213 3038 511 3123 istorum,
550 3040 662 3122 qui
697 3039 850 3104 huic
887 3041 1260 3104 obtrectant
1297 3040 1432 3126 legi
1470 3044 1666 3123 atque
1695 3060 1948 3122 causae,

24 3126 381 3192 Lucullum
429 3127 737 3192 similiter
783 3149 860 3192 ex
905 3128 1031 3194 hoc
1074 3129 1222 3193 loco
1269 3149 1412 3192 esse
1457 3128 1813 3193 laudatum.
1974 3178 2016 3242 9

45 3214 442 3297 Requiretur
494 3215 778 3281 fortasse
832 3238 1029 3299 nunc,
1084 3237 1277 3300 quem
1326 3216 1405 3280 ad
1452 3215 1744 3298 modum,
1799 3236 1946 3279 cum
1964 3270 2032 3318 Ἠ

0 3324 76 3368 ec
133 3303 230 3365 ita
284 3302 444 3386 sint,
497 3304 820 3387 reliquum
880 3305 1092 3390 possit
1137 3325 1450 3390 magnum
1497 3325 1636 3368 esse
1683 3302 1946 3367 bellum.

3 3391 327 3473 gnoscite,
375 3392 689 3476 Quirites3
723 3413 858 3458 non
904 3393 1075 3457 enim
1121 3393 1246 3458 hoc
1294 3393 1433 3456 sine
1480 3412 1675 3455 causa
1722 3389 1947 3473 quaeri

0 3480 194 3544 [etur.
255 3478 549 3546 Primum
586 3502 665 3545 ex
694 3502 810 3546 suo
839 3502 1042 3567 regno
1072 3481 1165 3547 sic
1191 3479 1606 3544 Mithridates
1635 3477 1949 3564 profugit,

18 3590 302 3634 010.11.2.
1595 3587 1627 3636 6

1976 453 2016 513 3

1964 541 2036 589 2⁴]
