2534 3875
831 179 984 236 cAP.
1023 187 1163 236 6—8
1202 187 1233 245 ς
1276 188 1501 240 15—20.
2040 187 2169 252 195

117 325 432 390 Romano
479 323 759 388 maxime
805 326 1254 390 consulturum
1290 331 1541 412 putent,
1588 332 1654 394 et
1693 350 1857 394 unus
1897 329 2166 415 quisque

123 412 352 477 studio
408 415 476 476 et
532 411 843 496 suffragio
901 434 1018 478 suo
1075 414 1252 478 viam
1308 416 1434 480 sibi
1494 416 1576 481 ad
1621 416 2005 482 beneficium
2049 419 2165 483 im-

115 500 522 585 petrandum
579 501 832 565 munire
877 502 1108 586 possit.
1198 501 1345 569 Hoc
1390 503 1656 570 tribuno
1702 505 1913 590 plebis
1960 506 2162 589 potis-

121 590 374 653 simum
401 588 582 653 venit
607 588 678 653 in
707 594 1010 674 mentem,
1045 591 1365 675 populum
1392 591 1763 658 Romanum
1789 593 2161 660 universum

53 697 84 736 5
116 677 394 762 privare
441 677 791 762 suffragiiS,
837 700 1078 762 paucas
1125 678 1339 745 tribus
1386 700 1521 745 non
1566 686 1744 746 certa
1788 681 2161 747 condicione

111 765 290 830 iuris
301 815 322 848 ,
394 765 508 829 sed
583 767 779 831 sortis
853 766 1166 832 beneficio
1235 767 1513 833 fortuito
1580 769 1661 834 ad
1722 769 2159 854 usurpandam

113 854 507 918 libertatem
553 875 803 919 vocare.
866 853 1115 938 ἹΤΕΜ’,
1167 855 1410 939 inquit,
1464 855 1877 936 ‘EODEMQUE
1915 857 2162 942 MODO',

111 943 346 1024 capite
401 941 637 1024 altero,
691 941 806 1007 ‘ur
861 959 1169 1010 com'rns
1224 961 1620 1012 Pon-1⁸1r1c1s
1666 946 1971 1012 MAxnn’.
2060 945 2161 1012 Ne

110 1030 252 1095 hoc
281 1029 544 1113 quidem
572 1028 756 1114 vidit,
789 1031 1072 1096 maiores
1100 1036 1365 1099 nostros
1392 1037 1537 1098 tam
1564 1033 1766 1099 fuisse
1793 1035 2160 1119 populareS,

53 1137 78 1176 o
109 1123 226 1200 ut,
293 1117 468 1201 quod
530 1139 646 1202 per
707 1119 1023 1202 populum
1087 1121 1295 1186 creari
1352 1121 1455 1186 fas
1509 1143 1644 1187 non
1699 1125 1842 1187 erat
1893 1127 2161 1206 propter

106 1205 514 1292 religionem
570 1227 929 1291 sacrorum,
988 1207 1059 1272 in
1118 1231 1194 1274 eo
1247 1213 1473 1274 tamen
1529 1212 1800 1295 propter
1857 1211 2160 1294 amplitu-

107 1295 345 1359 dinem
399 1294 744 1360 sacerdotii
789 1295 1118 1360 voluerint
1171 1299 1416 1381 populo
1478 1298 1851 1383 supplicari.
1939 1299 2159 1383 Atque

103 1384 248 1449 hoc
293 1383 468 1448 idem
517 1382 593 1447 de
631 1383 862 1448 ceteris
901 1384 1279 1450 sacerdotiis
1320 1385 1432 1450 Cn.
1461 1385 1813 1470 DomitiuS,
1858 1387 2160 1453 tribunus

102 1471 366 1557 plebis,
420 1471 522 1535 vir
567 1470 1003 1555 clarissimuS,
1059 1473 1244 1557 tulit,
1301 1473 1471 1557 quod
1525 1475 1808 1558 populus
1854 1496 1969 1558 per
2012 1476 2159 1540 reli-

53 1579 102 1618 15
133 1561 412 1646 gionem
475 1558 836 1624 sacerdotia
896 1559 1207 1625 mandare
1267 1582 1401 1626 non
1461 1565 1748 1645 poterat,
1811 1566 1887 1627 ut
1946 1562 2159 1628 minor

102 1669 276 1733 pars
337 1647 564 1731 populi
607 1651 978 1730 vocaretur3
1035 1649 1117 1713 ab
1174 1671 1252 1712 ea
1306 1652 1493 1732 parte
1550 1649 1661 1734 qui
1708 1654 1881 1714 esset
1926 1649 2157 1734 factae,

101 1739 167 1802 is
225 1759 268 1800 a
316 1735 593 1821 collegio
639 1738 1075 1820 cooptaretur.
1162 1735 1429 1822 Videte,
1477 1737 1631 1820 quid
1676 1737 1938 1802 intersit
1982 1738 2155 1803 inter

104 1825 235 1890 On.
255 1823 640 1907 Domitium,
670 1823 1006 1890 tribunum
1033 1824 1267 1908 plebiS,
1295 1825 1623 1890 hominem
1654 1825 2153 1909 nobilissimum,

101 1918 176 1979 et
231 1911 306 1977 P.
355 1910 648 1994 Rullum,
713 1912 822 1998 qui
881 1912 1261 1997 temptavit,
1324 1917 1400 1979 ut
1452 1913 1709 1999 opinor,
1766 1914 2154 2000 patientiam

53 2020 74 2060 a
101 2004 430 2084 vestram,
467 2021 612 2066 cum
651 2022 720 2065 se
755 2001 1045 2067 nobilem
1082 2024 1224 2066 esse
1263 2001 1525 2067 diceret.
1587 2002 1935 2086 DomitiuS,
1982 2005 2152 2089 quod

98 2112 235 2174 per
291 2088 716 2154 caerimonias
772 2089 998 2173 populi
1042 2090 1184 2155 fieri
1228 2111 1362 2154 non
1406 2093 1690 2175 poterat,
1749 2092 2001 2157 ratione
2047 2093 2153 2157 ad-

101 2180 382 2243 secutus
445 2180 574 2261 est,
636 2180 710 2243 ut
771 2176 864 2260 id,
928 2178 1141 2261 quoad
1204 2183 1457 2261 posset,
1522 2178 1735 2261 quoad
1800 2179 1902 2245 fas
1960 2184 2150 2261 esset,

99 2264 339 2352 quoad
374 2264 616 2349 liceret,
653 2265 881 2349 populi
919 2266 1000 2330 ad
1036 2270 1253 2350 partes
1293 2266 1512 2350 daret;
1548 2266 1671 2349 hic,
1711 2267 1884 2350 quod
1921 2269 2149 2352 populi

98 2374 380 2438 semper
441 2353 776 2436 proprium
838 2352 992 2437 fuit,
1055 2355 1228 2439 quod
1289 2376 1483 2419 nemo
1538 2354 1893 2438 imminuit,
1956 2377 2147 2421 nemo

55 2440 420 2522 smutavit,
466 2440 621 2524 quin
657 2442 736 2525 ei,
781 2442 893 2525 qui
936 2444 1178 2526 populo
1231 2464 1429 2529 agros
1468 2447 1688 2507 essent
1724 2442 2150 2528 adsignaturi,

95 2535 268 2597 ante
321 2530 686 2611 acciperent
731 2551 771 2594 a
816 2531 1058 2614 populo
1104 2531 1509 2606 beneficium,
1556 2553 1750 2616 quam
1790 2532 2035 2615 darent,
2080 2532 2147 2596 id

93 2624 336 2685 totum
395 2617 644 2701 eripere
687 2618 872 2681 vobis
927 2622 1123 2703 atque
1179 2640 1214 2683 e
1265 2619 1569 2684 manibus
1616 2624 1997 2704 extorquere
2043 2643 2146 2687 co-

90 2712 309 2774 natus
359 2709 476 2770 est.
539 2704 678 2789 Ille,
725 2705 896 2789 quod
945 2705 1085 2770 dari
1129 2707 1373 2791 populo
1410 2708 1596 2773 nullo
1634 2708 1827 2773 modo
1865 2712 2147 2791 poterat,

91 2804 339 2863 tamen
404 2793 686 2878 quodam
741 2793 934 2859 modo
993 2794 1194 2878 dedit3
1257 2796 1390 2877 hic,
1455 2796 1627 2880 quod
1693 2797 1893 2861 adimi
1960 2798 2143 2862 nullo

55 2887 310 2972 »pacto
367 2885 609 2966 potest,
665 2885 883 2947 tamen
939 2883 1218 2965 quadam
1263 2884 1518 2949 ratione
1565 2884 1811 2967 eripere
1857 2890 2143 2951 conatur.

244 2969 530 3047 Quaeret
585 2970 937 3055 quispiam,
1001 2971 1069 3035 in
1123 2974 1311 3035 tanta
1364 2972 1602 3037 iniuria
1655 2976 1969 3057 tantaque
2024 2974 2142 3038 im-

88 3060 425 3148 pudentia
478 3059 633 3144 quid
691 3058 1019 3141 spectarit.
1106 3058 1171 3123 N
1174 3081 1258 3124 on
1306 3059 1510 3125 defuit
1556 3061 1928 3143 consilium3
1981 3062 2141 3126 fides

91 3171 268 3235 erga
341 3149 598 3231 plebem
662 3147 1060 3231 Romanam,
1134 3145 1446 3233 Quirites»,
1520 3149 1814 3232 aequitas
1888 3149 1958 3212 in
2021 3171 2137 3214 vos

89 3239 613 3321 libertatemque
657 3239 944 3301 vestram
990 3236 1405 3301 vehementer
1440 3236 1663 3303 defuit.
1735 3235 1928 3301 Iubet
1966 3236 2139 3302 enim

57 3324 380 3394 ‘comitia
444 3324 822 3390 decemviris
877 3324 1119 3389 habere
1173 3324 1464 3389 creandis
1522 3346 1696 3408 eum,
1760 3324 1871 3407 qui
1924 3324 2139 3409 legem

87 3413 354 3481 tulerit.
442 3412 588 3479 Hoc
635 3413 842 3478 dicam
888 3413 1175 3497 planius:
1231 3411 1427 3477 Iubet
1463 3412 1717 3495 Rullus,
1762 3411 1960 3477 homo
2006 3434 2140 3478 non

90 3501 380 3589 cupidus
417 3523 626 3587 neque
664 3505 996 3587 appetem,
1032 3501 1275 3567 habere
1312 3500 1577 3567 comitia
1613 3500 1901 3564 Rullum.
1960 3498 2138 3567 Non·

1712 3601 1819 3656 13*

2202 877 2267 927 18

2196 1758 2260 1806 19

2181 2954 2254 3078 ἕο·
