2534 3875
643 142 801 199 OAP.
844 149 983 197 1-4
1021 149 1052 209 s
1091 149 1248 200 3-9.
1836 145 1964 209 103

0 287 234 353 ntibus
292 291 407 351 aut
453 286 674 372 aequis
721 287 1101 371 remittatis3
1156 292 1301 352 tum
1349 290 1594 370 autem,
1650 310 1796 353 cum
1842 309 1964 373 ego

0 399 57 440 [a
124 396 377 461 quaque
443 375 520 439 de
584 396 655 439 re
727 375 939 440 dicam
994 380 1062 440 et
1117 376 1389 459 diluam,
1453 398 1536 440 ne
1581 376 1735 461 ipsi,
1802 400 1964 462 quae

0 463 261 528 ntraria
308 462 458 546 sint,
501 462 688 528 taciti
727 464 1117 550 cogitationi
1153 468 1410 529 vestrae
1450 464 1807 548 subiciatis,
1854 465 1964 529 sed

0 553 9 616 l
48 555 413 617 extremum
450 553 806 636 expectetis
843 574 1074 636 meque
1113 574 1332 618 meum
1379 552 1633 618 dicendi
1674 553 1964 618 ordinem

0 661 193 706 rvare
254 639 627 724 patiamini3
691 663 837 706 eum
884 662 1222 725 peroraro,
1288 646 1458 725 tum,
1522 642 1579 705 si
1633 641 1788 725 quid
1844 645 1964 705 erit
2008 695 2040 718 f,

0 728 387 812 aeteritum,
446 750 485 793 a
539 750 644 792 me
695 728 1065 815 requiratis.
1164 728 1311 814 Ego
1366 750 1498 812 me,
1557 729 1829 814 iudiceS,
1887 733 1964 793 ad
2008 769 2036 817 *f

0 840 76 881 ‚m
125 837 387 882 causam
435 817 764 900 accedere,
813 839 977 901 quae
1022 816 1157 882 iam
1201 839 1320 902 per
1366 838 1572 882 annos
1620 822 1768 883 octo
1816 840 1968 883 con-

0 926 151 969 auos
198 926 274 969 ex
318 905 646 970 contraria
682 910 870 989 parte
908 904 1209 970 audiatur
1248 909 1445 989 atque
1480 906 1629 990 ipsa
1665 906 1968 990 opinione

0 994 270 1058 »minum
334 991 540 1058 tacita
603 1015 808 1078 prope
872 994 1172 1058 convicta
1236 998 1433 1078 atque
1498 996 1808 1060 damnata
1864 997 1968 1077 sit

0 1081 125 1146 cile
171 1081 508 1167 intelleg03
566 1080 679 1144 sed
725 1081 783 1146 si
829 1082 941 1166 qui
987 1082 1149 1145 mihi
1195 1081 1354 1146 deus
1400 1086 1693 1147 vestram
1736 1083 1818 1148 ad
1865 1105 1968 1149 ιιιιι

0 1169 321 1235 ιᾶίθιιᾶιιιιι
357 1168 866 1234 benivolentiam
906 1169 1292 1253 conciliarit,
1339 1170 1618 1236 efficiam
1655 1171 1968 1257 profecto,

0 1282 6 1319 ι
50 1258 452 1343 intellegatis
489 1256 658 1321 nihil
705 1278 847 1322 esse
893 1257 1143 1321 homini
1189 1261 1326 1322 tam
1363 1259 1726 1324 timendum
1773 1281 1968 1343 quam

1 1347 272 1430 vidiam,
328 1344 496 1409 nihil
541 1345 872 1412 innocenti
918 1349 1221 1429 suscepta
1265 1346 1512 1411 invidia
1557 1352 1697 1412 tam
1744 1351 1968 1432 optan-

0 1458 89 1499 tm
149 1456 344 1519 quam
393 1455 673 1518 aequum
717 1434 1057 1518 iudicium,
1113 1434 1287 1518 quod
1332 1434 1404 1499 in
1449 1436 1574 1501 hoc
1618 1456 1748 1500 uno
1797 1435 1968 1501 deni-

0 1545 56 1588 1e
93 1522 301 1587 falsae
335 1521 644 1586 infamiae
682 1522 831 1586 finis
870 1523 1077 1606 aliqui
1114 1526 1312 1606 atque
1349 1524 1561 1589 exitus
1589 1524 1968 1608 reperiatur.

0 1616 144 1675 uam
191 1610 275 1675 ob
321 1632 460 1675 rem
508 1631 749 1696 magna
795 1632 898 1675 me
945 1632 1094 1695 spes
1140 1614 1341 1693 tenet,
1389 1612 1463 1695 si,
1509 1633 1675 1696 quae
1712 1613 1920 1676 sunt
1900 1637 1972 1677 ιιι

0 1721 147 1783 usa,
185 1698 509 1782 explicare
549 1702 743 1782 atque
782 1699 1002 1763 omnia
1040 1697 1309 1763 dicendo
1340 1700 1650 1790 consequi
1677 1703 1968 1782 potuero

0 1809 107 1852 mc
162 1787 379 1852 locum
433 1808 936 1871 consessumque
982 1790 1304 1870 vestrum,
1361 1809 1554 1872 quem
1608 1788 1711 1851 illi
1766 1789 1972 1853 horti

0 1877 138 1942 lem
195 1874 274 1940 A.
322 1872 624 1941 Cluentio
681 1897 757 1941 ae
810 1874 1315 1940 formidolosum
1367 1875 1511 1942 fore
1557 1880 1972 1961 putaverunt¹

0 1988 84 2030 tm
139 1964 405 2028 tandem
462 1966 600 2028 eius
645 1964 951 2029 fortunae
998 1964 1274 2029 miserae
1320 1966 1729 2050 multumque
1775 1967 1972 2030 iacta-

0 2076 41 2119 ‚e
88 2056 352 2135 portum
399 2074 475 2116 ac
519 2052 894 2138 perfugium
933 2052 1245 2117 futurum.
1311 2052 1605 2118 Tametsi
1642 2055 1971 2137 permulta
2008 2070 2040 2118 3

0 2145 119 2224 mt,
175 2162 337 2226 quae
393 2140 580 2223 mihi,
620 2145 988 2224 ¹antequam
1045 2140 1124 2204 de
1179 2163 1377 2207 causa
1432 2142 1602 2226 dico,
1668 2142 1745 2206 de
1801 2163 1968 2207 eom-

2 2229 244 2294 unibus
317 2228 601 2292 invidiae
667 2229 974 2313 periculis
1051 2229 1321 2293 dicenda
1394 2251 1536 2295 esse
1609 2231 1968 2306 videantur,

0 2340 186 2401 men,
238 2337 319 2381 ne
382 2316 622 2380 diutius
679 2318 975 2382 oratione
1031 2338 1178 2381 mea
1233 2339 1550 2402 suspensa
1604 2318 1968 2402 expectatio

0 2410 161 2470 2stra
205 2408 530 2487 teneatur,
587 2404 929 2489 adgrediar
975 2406 1057 2469 ad
1104 2404 1349 2470 crimen
1395 2429 1541 2471 cum
1587 2407 1705 2471 illa
1752 2407 1968 2490 depre-

0 2496 213 2576 ¹tione,
256 2492 518 2576 iudices,
563 2515 691 2577 qua
737 2494 898 2557 mihi
944 2493 1203 2577 saepius
1241 2494 1555 2559 utendum
1602 2516 1745 2560 esse
1780 2495 1968 2559 intel*

0 2604 117 2669 g0,
180 2581 272 2647 sie
334 2584 409 2645 ut
471 2602 575 2644 me
640 2581 947 2665 audiatis,
1014 2581 1202 2666 quasi
1265 2581 1393 2647 hoc
1450 2586 1748 2668 tempore
1811 2584 1972 2649 haee

0 2692 134 2736 ‚usa
176 2669 461 2754 primum
506 2669 778 2752 dicatur,
825 2670 1018 2735 sicuti
1065 2670 1318 2748 dicitur,
1362 2692 1496 2736 non
1542 2672 1730 2755 quasi
1778 2693 1972 2758 saepe

0 2783 69 2824 m
125 2757 299 2822 dicta
352 2761 418 2822 et
471 2779 828 2842 numquam
882 2758 1164 2842 probata
1223 2759 1330 2823 sit.
1419 2758 1751 2824 Hodierno
1799 2762 1972 2825 enim

2 2870 38 2913 e
94 2846 379 2930 primum
435 2847 674 2910 veteris
727 2846 919 2910 istius
976 2846 1264 2911 criminis
1329 2847 1617 2912 diluendi
1673 2851 1968 2932 potestas

0 2941 38 3001 ‚t
94 2935 273 3017 data,
330 2937 483 2998 ante
534 2934 658 2999 hoc
712 2938 971 3019 tempus
1020 2952 1200 3000 error
1245 2935 1317 2999 in
1361 2936 1485 3000 hac
1529 2958 1728 3001 eausa
1774 2940 1968 3020 atquc

2 3023 184 3089 vidia
234 3025 496 3087 versata
552 3026 672 3087 est.
771 3023 982 3099 Quam
1038 3024 1121 3088 ob
1176 3045 1343 3106 rem,
1410 3023 1561 3089 dum
1617 3024 1968 3088 multorum

0 3133 259 3178 morum
323 3111 720 3175 accusationi
784 3111 1069 3175 breviter
1125 3111 1532 3197 dilucideque
1591 3111 1968 3196 respondeo,

0 3222 199 3284 laem,
234 3203 310 3263 ut
346 3220 467 3281 me,
503 3198 764 3282 iudices,
803 3199 970 3264 sicut
1005 3198 1219 3264 facere
1246 3200 1651 3278 instituistis,
1688 3200 1968 3284 benigne

0 3292 316 3371 tenteque
363 3286 660 3351 audiatis.

68 3374 456 3459 Corrupisse
513 3374 747 3440 dieitur
793 3374 873 3439 A.
920 3374 1258 3440 Cluentius
1315 3374 1623 3439 iudicium
1679 3374 1968 3457 pecunia,
2008 3374 2048 3430 4

0 3488 62 3530 ιο
101 3462 441 3529 inimicum
479 3484 664 3528 suum
703 3463 1132 3547 innocentem,
1173 3462 1459 3528 Statium
1496 3460 1783 3543 Albium,
1824 3482 1968 3526 eon-
