2534 3875
350 171 391 235 8
927 168 1071 224 PRO
1108 169 1183 223 Μ.
1222 167 1490 223 TULLIO
1532 166 1820 222 ORATIO.

352 314 579 380 statim
627 314 902 379 dimittit
948 313 1031 378 ad
1078 313 1343 397 amicos,
1391 333 1667 397 quorum
1713 332 1794 376 ex
1837 308 2176 375 vicinitate
2220 307 2384 372 Thu·
2504 323 2505 396 ᾗ

244 421 313 469 23
352 406 498 468 rina
552 404 725 468 bona
782 406 979 486 atque
1035 402 1316 467 honesta
1371 400 1560 485 copia
1615 401 1877 482 praesto
1938 397 2084 462 fuit.
2177 395 2389 462 Omni·
2504 406 2505 474 l

353 492 475 556 bus
528 493 762 557 acerba
822 513 925 556 res
987 494 1056 555 et
1113 491 1354 554 misera
1405 488 1769 554 videbatur.
1859 485 2028 550 Cum
2085 485 2280 550 amici
2323 487 2392 549 in
2504 497 2505 506 ’

352 603 565 646 comm
610 629 627 646 .
675 630 689 644 .
738 632 751 646 .

1087 665 1360 748 [Desunt
1402 666 1650 745 multa]
2504 717 2505 734 ἦ

354 757 723 822 turbarunt.
2425 766 2457 807 ⁵
2504 797 2505 800 =

488 845 747 928 Audite,
794 865 1056 928 quaeso,
1102 843 1173 907 in
1213 864 1330 908 eas
1377 863 1481 906 res
1493 893 1510 925 ,
1557 863 1720 926 quas
1762 853 2241 922 ›commemor-0,
2279 837 2396 902 ho-

352 933 601 997 minum
675 933 1106 998 honestorum
1175 931 1650 996 testimonium.
1743 930 1951 1011 Haec,
2023 947 2192 1012 quae
2267 925 2399 991 mei

352 1026 556 1086 testes
596 1021 838 1105 dicunt,
872 1021 1119 1084 fatetur
1158 1019 1567 1085 adver-sarius
1605 1040 1716 1084 eos
1754 1039 1906 1082 vere
1944 1016 2182 1098 dicere3
2225 1037 2398 1098 quae
2504 1053 2505 1056 =

352 1110 483 1174 mei
528 1113 731 1175 testes
776 1131 913 1174 non
958 1109 1205 1191 dicunt,
1262 1107 1418 1192 quia
1469 1128 1605 1172 non
1647 1106 1952 1172 viderunt
1995 1126 2115 1170 nec
2159 1104 2400 1184 sciunt,
2504 1143 2505 1146 =

354 1219 433 1262 ea
478 1197 639 1262 dicit
681 1198 823 1282 ipse
870 1197 1295 1262 adversarius,
1369 1195 1600 1260 Nostri
1638 1198 1842 1260 testes
1881 1193 2106 1258 dicunt
2141 1194 2397 1258 occisos
2431 1209 2505 1248 10¹

355 1285 679 1371 homines3
736 1307 1034 1351 cruorem
1090 1287 1161 1350 in
1214 1285 1378 1350 locis
1432 1284 1764 1368 pluribus,
1811 1282 2132 1348 deiectum
2182 1281 2400 1345 aedifi·

355 1375 525 1438 cium
574 1395 643 1438 se
688 1375 927 1439 vidisse
975 1373 1224 1457 dicunt3
1279 1373 1445 1437 nihil
1502 1373 1800 1456 amplius.
1891 1368 2062 1446 Quid
2105 1369 2401 1434 Fabius?
2504 1423 2505 1426 ,

354 1461 611 1526 Horum
646 1463 817 1527 nihil
853 1466 1072 1550 negat.
1145 1459 1314 1536 Quid
1356 1481 1518 1547 ergo
1565 1460 1748 1524 addit
1793 1457 2120 1542 amplius?
2195 1456 2401 1522 Suam

245 1568 315 1617 25
354 1550 675 1616 familiam
750 1551 983 1616 fecisse
1050 1550 1219 1616 dicit.
1322 1549 1464 1625 Quo
1526 1548 1768 1614 modo?
1857 1547 1947 1613 Vi
2017 1546 2400 1612 hominibus

356 1639 644 1704 armatis,
728 1638 869 1714 Quo
918 1639 1179 1706 animo?
1254 1638 1349 1702 Ut
1395 1638 1462 1701 id
1505 1638 1711 1720 fieret,
1760 1636 1933 1720 quod
1976 1635 2230 1700 factum
2279 1640 2400 1699 est.
2431 1649 2505 1691 15¹

289 1736 309 1752 ’·
355 1726 522 1802 Quid
559 1731 663 1793 est
698 1728 809 1793 id?
874 1727 970 1792 Ut
1005 1726 1303 1791 homines
1341 1724 1427 1789 M.
1466 1725 1644 1790 Tulli
1681 1725 2142 1790 occiderentur.
2207 1721 2404 1799 Quod

354 1837 512 1902 crgo
560 1837 635 1881 eo
676 1817 894 1880 animo
931 1815 1183 1880 factum
1220 1818 1340 1897 est,
1383 1817 1462 1878 ut
1496 1813 1796 1878 homines
1831 1835 2032 1878 unum
2067 1812 2142 1876 in
2175 1813 2404 1878 locum

354 1904 801 1988 convenirent,
854 1907 931 1968 ut
978 1925 1161 1968 arma
1208 1906 1541 1989 caperent,
1597 1907 1673 1968 ut
1718 1905 1896 1969 certo
1943 1899 2218 1968 consilio
2267 1923 2403 1967 cer-

353 1998 498 2057 tum
562 1993 632 2057 in
691 1994 908 2057 locum
972 1991 1564 2075 proficiscerentur,
1628 1995 1704 2056 ut
1765 1992 2070 2056 idoneum
2133 1994 2403 2074 tempus

356 2082 690 2165 eligerent,
736 2086 812 2145 ut
853 2080 1119 2145 caedem
1164 2078 1471 2163 facerent,
1517 2079 1585 2144 id
1629 2082 1689 2145 si
1734 2082 2082 2145 voluerunt
2118 2082 2186 2142 et
2225 2080 2404 2165 cogi-
2431 2095 2483 2135 20

354 2173 580 2234 tarunt
641 2172 711 2233 et
769 2168 1207 2254 perfecerunt,
1273 2168 1552 2253 potestis
1617 2190 1764 2233 eam
1826 2169 2267 2249 voluntatem,
2337 2168 2406 2231 id

250 2276 317 2325 26
358 2259 719 2341 consilium,
764 2257 833 2321 id
876 2255 1123 2322 factum
1162 2278 1203 2321 a
1240 2256 1392 2322 dolo
1430 2257 1605 2321 malo
1645 2256 2029 2342 seiungere?
2091 2254 2189 2319 At
2225 2256 2407 2322 istuc

356 2351 573 2411 totum
622 2346 845 2411 ‘DOLO
882 2344 1112 2409 MALO'
1162 2344 1424 2409 additur
1461 2345 1530 2409 in
1565 2344 1691 2411 hoc
1725 2345 1964 2410 iudicio
2003 2345 2142 2409 eius
2179 2366 2408 2429 causa,
2504 2382 2505 2411 ;

356 2435 471 2518 qui
516 2435 674 2519 agit,
720 2455 854 2498 non
890 2433 1087 2514 illius,
1136 2434 1396 2517 quicum
1434 2434 1672 2519 agitur.
1743 2432 1823 2497 Id
1859 2436 1933 2497 ut
1969 2432 2409 2519 intellegatis,
2504 2496 2505 2523 ἶ

354 2526 871 2607 recuperatores,
930 2543 1197 2607 quaese,
1254 2526 1332 2587 ut
1391 2522 1739 2607 diligenter
1799 2520 2183 2605 attendatis3
2249 2544 2409 2607 pro·
2435 2537 2505 2578 2⁵³

252 2663 329 2725 11
354 2609 555 2693 fect0,
602 2611 759 2694 quin
803 2612 898 2673 ita
944 2610 1058 2691 sit,
1103 2632 1237 2675 non
1282 2609 1689 2675 dubitabitis.

244 2740 313 2786 27
492 2698 562 2762 Si
607 2698 703 2763 ita
746 2698 1057 2763 iudicium
1104 2698 1388 2782 daretur,
1434 2703 1508 2763 ut
1552 2698 1619 2763 id
1665 2698 2174 2781 concluderetur,
2221 2700 2410 2783 quod
2504 2712 2505 2727 ¹

356 2810 397 2852 a
466 2786 723 2851 familia
794 2785 1043 2852 factum
1126 2791 1331 2875 esset,
1415 2787 1472 2851 si
1545 2808 1712 2871 quae
1783 2787 2041 2851 familia
2109 2785 2260 2868 ipsa
2335 2789 2410 2853 in

356 2875 550 2940 caede
604 2875 922 2939 interesse
975 2875 1300 2941 noluisset
1353 2879 1421 2939 et
1473 2875 1772 2940 homines
1829 2879 1944 2939 aut
1999 2896 2224 2940 servos
2283 2881 2407 2941 aut

355 2964 595 3028 liberos
644 2964 969 3049 coegisset
1014 2967 1129 3027 aut
1176 2963 1608 3048 conduxisset,
1651 2967 1868 3029 totum
1913 2963 2038 3029 hoc
2083 2962 2402 3029 iudicium
2427 2980 2475 3020 3⁰

356 3058 423 3117 et
459 3053 780 3136 praetoris
820 3051 1134 3117 severitas
1164 3052 1647 3117 dissolveretur.
1711 3050 1924 3117 Nemo
1965 3051 2136 3115 enim
2175 3057 2407 3137 potest

355 3140 480 3205 hoc
525 3140 831 3223 iudicare,
880 3162 1009 3223 qua
1054 3140 1125 3204 in
1168 3162 1239 3205 re
1284 3139 1538 3204 familia
1573 3161 1708 3206 non
1741 3139 2168 3223 interfuisset,
2213 3141 2288 3205 in
2325 3163 2406 3206 ea

354 3250 427 3293 re
466 3251 609 3293 eam
646 3229 859 3313 ipsam
895 3228 1219 3293 familiam
1256 3228 1325 3292 vi
1362 3228 1632 3292 armatis
1669 3228 2046 3293 hominibus
2086 3228 2401 3294 damnum

356 3317 625 3383 dedisse.
706 3315 908 3403 Ergo,
952 3317 1021 3380 id
1070 3317 1225 3399 quia
1266 3319 1532 3401 poterat
1577 3316 1721 3381 fieri
1767 3321 1833 3381 et
1876 3315 2071 3381 facile
2117 3322 2403 3402 poterat,

356 3405 597 3471 idcirco
634 3428 769 3471 non
806 3405 969 3471 satis
1005 3405 1310 3469 habitum
1347 3408 1449 3469 est
1487 3404 1728 3489 quaeri,
1775 3404 1928 3488 quid
1963 3404 2218 3470 familia
2251 3407 2404 3490 ipsa
2427 3422 2478 3463 35

352 3493 642 3575 fecisset,
696 3517 923 3560 verum
981 3493 1180 3559 etiam
1235 3492 1430 3576 illud,
1486 3492 1640 3578 quid
1683 3492 1974 3557 familiae
2023 3492 2173 3557 dolo
2222 3496 2403 3560 malo

248 809 333 871 10

246 886 315 933 24
