2534 3875
280 814 364 879 28

279 892 347 941 58

280 2438 347 2487 59

384 162 518 226 324
944 162 1085 217 PRO
1125 161 1186 217 L.
1224 160 1536 216 MURENA
1574 159 1861 217 ORATIO.

386 329 616 394 garum
684 307 1077 372 curriculum
1137 306 1481 371 incurrere.
1584 304 1784 371 Cuius
1839 306 2306 390 competitores
2367 307 2425 370 si
2522 329 2523 336 ¹

384 395 551 460 nihil
589 394 1017 478 deliquerunt,
1054 394 1367 479 dignitati
1394 415 1616 459 eorum
1646 393 1986 476 concessit,
2021 414 2168 458 cum
2196 398 2424 478 petere

386 483 666 556 destitit·
732 483 834 548 sin
898 489 1117 548 autem
1181 505 1406 547 eorum
1474 482 1710 567 aliquis
1786 481 2078 584 largitus·
2123 487 2266 565 est,
2315 505 2424 547 ex·

382 572 699 656 petendus
736 571 980 637 amicus
1018 575 1135 654 est,
1173 571 1287 655 qui
1325 571 1606 636 alienam
1633 569 1904 655 potius
1884 569 2192 634 iniuriam
2219 591 2423 655 quam

384 682 570 724 suam
615 663 1060 745 persequatur.
2445 675 2466 715 ⁵

518 747 627 812 DE
666 747 981 814 Posrnm
1018 763 1446 830 (flammans,
1483 765 1579 811 DE
1619 744 1834 812 Snnvl
1867 762 2422 812 Annnnscnnns.

520 835 730 901 Venio
768 857 938 900 nunc
976 837 1059 900 ad
1094 834 1182 899 M.
1213 834 1547 918 Catonem,
1567 834 1758 936 quod
1796 837 1898 898 est
1933 834 2420 900 firmamentum

387 946 461 989 ac
505 924 708 988 robur
754 924 961 992 totius
1009 923 1470 1007 accusationis3
1516 923 1627 1007 qui
1663 926 1886 987 tamen
1921 922 2018 986 ita
2057 923 2280 1008 gravis
2321 928 2420 988 est

386 1015 724 1076 aecusator
779 1015 847 1075 et
901 1011 1276 1089 vehemens,
1322 1015 1397 1076 ut
1434 1012 1642 1076 multo
1689 1010 1901 1096 magis
1947 1010 2084 1074 eius
2133 1013 2418 1077 auctori-

383 1104 590 1164 tatem
639 1121 835 1183 quam
881 1099 1398 1164 criminationem
1443 1099 1919 1184 pertimescam.
1987 1096 2070 1162 In
2113 1121 2244 1183 quo
2291 1121 2415 1186 ego
2441 1117 2486 1156 1⁰

386 1191 779 1272 accusatore,
823 1187 1083 1267 iudices,
1129 1188 1415 1274 primum
1461 1187 1626 1252 illud
1672 1186 2085 1270 deprecabor,
2129 1208 2213 1252 ne
2261 1189 2417 1273 quid

384 1275 457 1340 L.
501 1274 809 1340 Murenae
864 1276 1148 1360 dignitas
1193 1276 1402 1359 illius,
1453 1296 1536 1339 ne
1593 1275 1749 1359 quid
1797 1275 2162 1360 expectatio
2208 1277 2416 1341 tribu·

382 1369 597 1447 natus,
632 1386 715 1429 ne
752 1364 909 1448 quid
943 1365 1149 1429 totius
1187 1363 1363 1430 vitae
1402 1363 1709 1446 splendor
1748 1366 1815 1427 et
1845 1362 2138 1449 gravitas
2165 1369 2416 1448 noceat,

383 1452 655 1537 denique
699 1474 781 1517 ne
827 1474 904 1518 ea
951 1453 1073 1518 soli
1116 1453 1268 1517 huic
1314 1452 1535 1517 obsint
1578 1451 1752 1517 bona
1786 1449 1875 1516 M.
1907 1449 2200 1536 Catonis,
2249 1474 2414 1537 quae

383 1541 495 1604 ille
533 1541 809 1625 adeptus
847 1544 967 1619 est,
1002 1544 1077 1604 ut
1114 1541 1342 1605 multis
1378 1540 1687 1624 prodesse
1721 1543 1964 1624 posset.
2026 1537 2142 1604 Bis
2181 1541 2410 1606 consul
2439 1556 2483 1596 15

382 1629 598 1694 fuerat
650 1627 723 1693 P.
778 1628 1127 1693 Africanus
1194 1633 1261 1692 et
1324 1628 1486 1692 duos
1542 1631 1826 1692 terrores
1880 1628 2073 1693 huius
2134 1629 2412 1713 imperii,

385 1716 851 1802 Carthaginem
891 1715 1464 1800 Numantiamque,
1511 1715 1856 1798 deleverat,
1902 1738 2049 1781 011111
2087 1718 2416 1782 accusavit

383 1804 456 1871 L.
510 1804 793 1870 Cottam.
874 1805 1042 1870 Erat
1112 1805 1182 1869 in
1250 1826 1327 1870 eo
1386 1826 1642 1869 summa
1697 1805 2092 1888 eloquentia,
2159 1826 2414 1871 summa

383 1893 570 1979 fides,
628 1915 883 1960 summa
941 1893 1322 1979 integritas,
1376 1892 1732 1959 auctoritas
1779 1896 1996 1978 tanta,
2049 1897 2303 1978 quanta
2347 1895 2413 1958 in

381 1982 657 2067 imperio
712 1982 942 2067 populi
984 1981 1293 2065 Romani,
1347 1981 1521 2066 quod
1575 1981 1756 2045 illius
1803 2003 2000 2066 opera
2043 1982 2410 2047 tenebatur.
2441 1998 2488 2039 2⁶

386 2068 610 2156 Saepe
626 2070 753 2135 hoc
789 2070 1089 2135 maiores-
1108 2074 1273 2134 natu
1307 2069 1518 2134 dicere
1547 2069 1785 2153 audivi,
1819 2069 1990 2134 hanc
2017 2072 2416 2137 accusatoris
2521 2118 2523 2149 Σ

387 2159 691 2223 eximiam
723 2158 911 2239 [vim]
928 2157 1318 2242 dignitatem
1345 2157 1699 2241 plurimum
1719 2156 1792 2222 L.
1811 2155 2042 2223 Cottae
2070 2157 2523 2243 profuisse.

384 2246 451 2311 N
453 2247 756 2312 oluerunt
802 2245 1265 2330 sapientissimi
1313 2244 1638 2329 homines,
1696 2246 1809 2331 qui
1852 2250 1995 2311 tum
2040 2268 2182 2311 rem
2228 2248 2417 2311 illam
2521 2242 2523 2273 ³

384 2335 777 2417 iudicabant,
823 2334 921 2398 ita
966 2355 1354 2418 quemquam
1401 2334 1628 2399 cadere
1673 2333 1744 2398 in
1778 2330 2034 2417 iudicio,
2077 2337 2155 2399 ut
2189 2337 2414 2400 nimiis

386 2421 740 2488 adversarii
809 2421 1057 2487 viribus
1133 2421 1425 2486 abiectus
1499 2421 1844 2487 videretur.
1955 2420 2168 2498 Quid?
2281 2423 2471 2488 Sem

388 2510 663 2575 Galbam
722 2507 905 2593 (nam
958 2510 1274 2573 traditum
1329 2510 1678 2574 memoriae
1735 2510 1861 2594 est)
1905 2532 2120 2575 nonne
2165 2532 2416 2595 proavo

385 2604 529 2681 tuo,
586 2596 947 2662 fortissimo
1004 2600 1199 2681 atque
1256 2596 1718 2663 florentissimo
1778 2598 1952 2681 vire,
2014 2597 2104 2663 Μ.
2160 2598 2421 2685 Catoni,
2518 2600 2520 2603 ’

384 2686 785 2751 incumbenti
840 2684 921 2749 ad
976 2686 1115 2750 eius
1171 2687 1522 2769 perniciem
1578 2686 1856 2771 populus
1902 2686 2239 2752 Romanus
2297 2690 2421 2753 eri·

384 2774 572 2858 puit‘?
665 2770 933 2857 Semper
985 2772 1056 2838 in
1109 2772 1234 2840 hac
1291 2774 1554 2839 civitate
1607 2774 1805 2839 nimis
1851 2775 2110 2860 magnis
2157 2797 2420 2842 accusa-

384 2868 604 2926 torum
668 2861 903 2947 opibus
967 2865 1034 2927 et
1095 2862 1378 2946 populus
1443 2862 1780 2927 universus
1835 2867 1904 2927 et
1957 2863 2286 2948 sapientes
2344 2888 2421 2929 ac
2449 2882 2502 2923 ε·

386 2950 666 3014 multum
710 2950 782 3013 in
825 2954 1162 3033 posterum
1207 2950 1676 3035 prospicientes
1721 2949 1964 3016 iudices
2010 2951 2423 3018 restiterunt.
2521 2994 2523 3033 ÷

385 3037 561 3103 Nolo
599 3043 938 3103 accusator
974 3038 1044 3103 in
1078 3037 1386 3103 iudicium
1424 3038 1787 3122 potentiam
1816 3038 2084 3122 adferat,
2118 3060 2252 3105 non
2280 3042 2422 3106 vim
2522 3042 2523 3065 ³

388 3127 700 3192 maiorem
750 3126 1065 3211 aliquam,
1109 3147 1242 3191 non
1275 3127 1743 3191 auctoritatem
1791 3127 2236 3209 excellentem,
2283 3150 2423 3194 non
2522 3134 2523 3209 ᾖ

385 3216 653 3279 nimiam
728 3215 1031 3301 gratiam.
1136 3212 1420 3278 Valeant
1481 3213 1642 3279 haec
1704 3215 1925 3279 omnia
1987 3215 2071 3280 ad
2133 3179 2423 3283 salutem
2522 3246 2523 3277 1

386 3302 844 3387 innocentium,
891 3302 972 3367 ad
1017 3323 1205 3385 opem
1248 3301 1729 3385 impotentium,
1775 3303 1856 3367 ad
1894 3303 2208 3368 auxilium
2244 3307 2422 3371 cala-
2451 3322 2500 3365 31

387 3392 798 3474 mitosorum,
860 3390 931 3453 in
991 3389 1278 3472 periculo
1342 3411 1496 3455 vero
1561 3394 1631 3453 et
1691 3392 1762 3455 in
1823 3391 2108 3477 pernicie
2172 3392 2423 3459 civium

283 3493 351 3543 60
388 3478 823 3561 repudientur.
912 3475 1086 3541 Nam
1146 3475 1203 3541 si
1262 3477 1408 3562 quis
1453 3477 1580 3543 1100
1623 3478 1794 3544 forte
1839 3478 2038 3563 dicet,
2092 3478 2423 3548 Catonem
