2534 3875
764 205 775 212 ,
843 133 983 190 OAP
1018 139 1196 190 8—10
1232 141 1262 201 g
1303 140 1528 190 19-25,
1985 103 1990 105 ³
2063 135 2193 200 257

177 277 427 362 pridem
483 278 733 362 studes,
788 278 1259 363 relinquentem
1314 300 1517 363 usque
1573 279 1655 344 ad
1708 283 1931 363 portas
1975 301 2196 365 prose·

180 369 477 450 quantur.
2233 417 2276 482 9

310 452 718 538 Quamquam
771 454 925 539 quid
980 455 1257 539 loquor?
1314 458 1382 520 te
1435 458 1512 519 ut
1563 454 1701 519 ulla
1754 477 1857 521 res
1915 455 2196 542 frangat,
2233 495 2302 545 22

178 546 249 606 tu
295 545 371 607 ut
415 563 723 624 umquam
766 545 835 607 te
880 543 1197 628 corrigas,
1249 546 1326 608 tu
1361 547 1436 608 ut
1477 542 1684 607 ullam
1727 541 1955 629 fugam
2001 544 2196 608 medi-

126 649 153 690 5
180 635 335 714 tere,
380 634 456 696 tu
499 635 576 694 ut
619 631 821 695 ullum
869 631 1133 696 exilium
1176 631 1469 717 cogites?
1533 629 1804 696 Utinam
1838 631 1965 696 tibi
1999 631 2198 696 istam

0 722 15 757 '
180 721 463 784 mentem
516 718 583 782 di
634 718 1013 784 inmortales
1070 719 1281 784 duint!
1349 719 1616 784 tametsi
1669 719 1882 802 vide0,
1942 721 1999 784 si
2054 742 2200 785 mea

180 829 336 872 voce
406 806 790 891 perterritus
862 808 955 872 ire
1029 807 1097 872 in
1163 807 1426 872 exilium
1497 808 1785 873 animum
1850 807 2199 891 induxeris,

182 897 427 980 quanta
470 897 827 978 tempestas
870 895 1152 960 invidiae
1187 895 1397 980 nobis,
1441 896 1500 970 si
1535 896 1750 961 minus
1785 895 1857 960 in
1891 917 2198 981 praesens

180 988 439 1068 tempus
520 983 760 1048 recenti
839 984 1155 1050 memoria
1229 985 1540 1049 scelerum
1613 987 1904 1068 tuorum,
1989 989 2062 1050 at
2131 985 2201 1048 in

101 1091 155 1131 ιο
181 1070 636 1172 posteritatem
697 1070 1083 1155 impendeat.
1176 1069 1302 1136 Sed
1369 1076 1470 1137 est
1531 1073 1728 1154 tanti,
1793 1072 1944 1137 dum
2009 1073 2201 1138 modo

180 1161 314 1224 ista
364 1158 456 1224 sit
509 1159 770 1244 privata
822 1160 1165 1226 calamitas
1212 1164 1280 1224 et
1325 1183 1366 1224 a
1409 1159 1506 1224 rei
1549 1161 1849 1245 publicae
1894 1162 2202 1247 periculis

184 1248 578 1333 seiungatur.
688 1245 815 1314 Sed
876 1251 952 1313 tu
1016 1254 1091 1313 ut
1152 1248 1329 1313 vitiis
1393 1247 1524 1312 tuis
1592 1269 2064 1333 commoveare,
2127 1253 2205 1314 ut

180 1337 403 1422 legum
445 1356 691 1421 poenas
735 1336 1176 1420 pertimescaS,
1221 1340 1298 1400 ut
1331 1336 1736 1421 temporibus
1772 1337 1868 1401 rei
1901 1338 2202 1423 publicae

185 1424 394 1507 cedas,
436 1445 570 1489 non
617 1427 720 1489 est
762 1425 1243 1508 postulandum.
1307 1423 1532 1507 Neque
1579 1425 1747 1488 enim
1793 1425 1852 1489 is
1897 1447 1986 1509 es,
2033 1425 2204 1490 Cati-

103 1530 156 1572 15
182 1513 338 1596 lina,
374 1516 449 1576 ut
482 1515 549 1576 te
588 1515 702 1577 aut
736 1513 946 1597 pudor
980 1535 1289 1598 umquam
1327 1535 1368 1577 a
1402 1511 1804 1596 turpitudine
1842 1516 1956 1578 aut
1992 1517 2204 1579 metus

185 1624 227 1666 a
293 1600 575 1686 periculo
640 1604 755 1665 aut
822 1601 994 1666 ratio
1050 1624 1090 1665 a
1141 1602 1361 1666 furore
1419 1600 1756 1666 revocarit.
1857 1600 2064 1676 Quam
2119 1602 2202 1665 ob
2241 1618 2312 1667 23

184 1710 352 1773 rem,
406 1693 482 1753 ut
535 1710 727 1775 saepe
771 1689 903 1755 iam
950 1689 1110 1774 dixi,
1165 1689 1574 1773 proficiscere
1619 1711 1727 1773 ac,
1781 1689 1839 1752 si
1881 1689 2046 1753 mihi
2088 1689 2207 1752 ini-

185 1799 356 1842 mico
366 1827 385 1861 ,
438 1780 522 1843 ut
565 1777 927 1862 praedicas,
981 1781 1096 1843 tuo
1152 1777 1431 1844 conflare
1485 1776 1584 1842 vis
1639 1776 1976 1860 invidiam,
2032 1781 2209 1842 recta

184 1885 387 1951 perge
430 1865 500 1929 in
546 1866 836 1951 exilium3
882 1867 990 1931 vix
1034 1857 1243 1931 feram
1281 1885 1613 1937 sermones
1648 1864 2002 1950 hominum,
2047 1865 2106 1930 si
2139 1864 2208 1928 id

0 1982 15 2006 ·
102 1974 157 2014 20
184 1954 445 2036 feceriS,
490 1955 597 2019 vix
643 1956 881 2021 molem
926 1956 1116 2020 istius
1162 1955 1460 2038 invidiae,
1507 1954 1565 2019 si
1608 1954 1679 2018 in
1723 1954 1983 2019 exilium
2023 1954 2210 2019 iussu

186 2044 472 2108 consulis
543 2043 726 2127 ieris,
798 2043 1150 2109 sustinebo,
1260 2042 1378 2109 Sin
1441 2047 1658 2107 autem
1723 2042 1964 2107 servire
2027 2063 2207 2107 meae

186 2130 369 2195 laudi
414 2135 482 2195 et
524 2131 769 2214 gloriae
815 2132 1043 2215 maviS,
1088 2132 1392 2219 egredere
1438 2153 1582 2195 cum
1627 2130 1979 2215 inportuna
2016 2132 2208 2195 scele-

185 2223 485 2284 ratorum
522 2241 738 2303 manu,
775 2221 993 2285 confer
1028 2224 1094 2285 te
1132 2220 1216 2285 ad
1251 2219 1589 2303 Manlium,
1627 2218 1882 2284 concita
1917 2218 2206 2304 perditos

187 2308 391 2392 cives,
446 2328 704 2371 secerne
756 2310 824 2372 te
880 2332 918 2373 a
971 2308 1189 2392 bonis,
1241 2307 1411 2372 infer
1468 2308 1722 2392 patriae
1775 2307 2048 2391 bellum,
2108 2329 2210 2371 ex-

100 2413 157 2455 25
188 2394 422 2460 sulta
401 2395 605 2480 impio
641 2395 1004 2479 latrocinio,
1048 2400 1123 2461 ut
1160 2418 1199 2461 a
1233 2417 1338 2460 me
1373 2417 1508 2460 non
1544 2395 1785 2460 eiectus
1824 2395 1906 2461 ad
1942 2395 2209 2479 alienoS,

189 2484 306 2549 sed
361 2483 675 2548 invitatus
722 2484 804 2550 ad
848 2488 997 2549 tuos
1043 2484 1173 2549 isse
1216 2484 1513 2549 videaris.
1604 2482 2010 2569 Quamquam
2055 2485 2210 2586 quid
2248 2500 2318 2550 24

188 2593 315 2657 ego
361 2577 428 2636 te
473 2572 763 2655 invitem,
808 2594 849 2638 a
893 2595 1020 2657 quo
1058 2573 1189 2637 iam
1227 2573 1431 2638 sciam
1468 2593 1605 2637 esse
1642 2572 2052 2657 praemissOS‚
2098 2572 2212 2674 (1111

188 2660 319 2726 tibi
374 2660 456 2725 ad
500 2660 740 2725 Forum
785 2660 1125 2725 Aurelium
1178 2661 1736 2747 praestolarentur
1781 2662 2048 2745 armati,
2107 2662 2211 2727 cui

187 2748 326 2813 iam
382 2748 581 2813 sciam
638 2752 897 2832 pactam
954 2754 1021 2815 et
1066 2750 1491 2814 constitutam
1538 2771 1684 2814 cum
1727 2748 1974 2815 Manlio
2024 2749 2212 2834 diem,

102 2855 160 2897 so
190 2859 233 2901 a
289 2859 418 2921 quo
470 2837 665 2902 etiam
712 2837 999 2922 aquilam
1044 2838 1226 2903 illam
1275 2841 1679 2923 argenteam,
1725 2859 1920 2923 quam
1965 2838 2091 2902 tibi
2137 2859 2212 2903 ac

188 2925 326 2989 tuis
366 2925 665 2990 omnibus
702 2925 952 2991 confido
989 2926 1418 3011 perniciosam
1448 2947 1523 2991 ac
1549 2926 1878 2991 funestam
1903 2926 2212 3009 futuram,

190 3012 301 3078 cui
329 3013 503 3077 domi
527 3016 681 3079 tuae
710 3014 1063 3080 sacrarium
1095 3016 1438 3095 [scelerum
1466 3016 1754 3095 tuorum]
1787 3014 2213 3078 constitutum

188 3100 348 3185 fuit,
395 3100 595 3166 sciam
642 3124 781 3167 esse
826 3102 1300 3188 praemissam?
1391 3102 1489 3167 Tu
1534 3105 1609 3166 ut
1653 3101 1772 3165 illa
1818 3123 2034 3166 carere
2081 3101 2214 3164 diu·

188 3190 327 3255 tius
370 3190 640 3275 possis,
714 3213 907 3275 quam
967 3191 1260 3255 venerari
1335 3190 1416 3255 ad
1480 3190 1739 3256 caedem
1801 3189 2212 3274 proficiscens

102 3294 162 3337 85
194 3278 453 3343 solebas
464 3328 483 3362 ‚
538 3302 579 3343 a
632 3279 815 3344 cuius
870 3280 1189 3345 altaribus
1244 3300 1435 3362 saepe
1489 3280 1688 3343 istam
1743 3277 2014 3360 impiam
2070 3276 2214 3341 dex-
2239 3327 2270 3389 1

192 3370 409 3431 teram
471 3366 556 3432 ad
615 3388 836 3431 necem
901 3368 1137 3434 civium
1200 3365 1647 3432 transtulisti?
1749 3363 1884 3428 Ibis
1949 3364 2216 3430 tandem
2251 3405 2322 3452 25

193 3454 566 3539 aliquando,
614 3476 739 3539 quo
784 3459 854 3520 te
898 3456 1029 3521 iam
1066 3455 1314 3541 pridem
1361 3456 1492 3521 ista
1527 3458 1642 3518 tua
1679 3452 1997 3537 cupiditas
2036 3453 2215 3518 effre-

304 3566 417 3610 010.
442 3567 507 3609 11.
538 3570 577 3609 s.
1830 3560 1895 3611 17

0 3171 19 3198 h

2277 3326 2324 3391 Ο
2423 3297 2428 3353 ;
