2534 3875
803 189 958 244 CAP.
997 194 1207 244 22-25
1247 195 1278 255 s
1318 196 1548 245 63—69.
2048 195 2182 259 363

139 334 470 419 probitate
497 332 870 418 pendebat?
934 332 1096 398 Eius
1126 354 1337 417 voceS,
1376 334 1513 398 eius
1542 335 1757 399 minae
1783 334 2181 419 ferebantur,

140 422 274 486 eius
323 426 658 506 aspectus,
714 421 1151 505 concursatiO,
1209 422 1509 506 stipatio,
1559 444 1793 508 greges
1840 424 2179 489 hominum

137 510 544 594 perditorum
627 514 876 573 metum
958 510 1150 575 nobis
1223 510 1702 594 seditionesque
1777 512 2179 577 adferebant.

136 597 370 682 Itaque
417 598 486 661 P.
517 595 700 662 Sulla
745 597 868 662 1100
912 597 1478 698 importunissimo
1516 621 1663 663 cum
1700 599 1989 687 honoris,
2035 606 2177 665 tum

81 704 110 745 ε
139 686 342 750 etiam
387 685 786 751 calamitatis
834 685 1008 750 socio
1058 691 1254 770 atque
1302 686 1539 751 comite
1587 690 1653 750 et
1690 685 2003 753 secundas
2050 689 2179 753 for-

136 779 333 839 tunas
403 775 706 839 amittere
773 777 1036 839 coactus
1094 778 1196 838 est
1251 777 1319 839 et
1375 776 1443 839 in
1500 776 1787 840 adversis
1844 778 1983 841 sine
2037 777 2175 841 ullo

135 862 428 927 remedio
478 866 674 947 atque
723 862 1176 927 adlevamento
1223 884 1621 947 permanere.

269 950 401 1015 Hic
454 954 528 1014 tu
585 950 936 1035 epistulam
981 972 1194 1015 meam
1241 972 1435 1035 saepe
1481 951 1747 1035 recitas,
1806 974 2003 1037 quam
2050 974 2245 1042 ego6

135 1040 221 1103 ad
267 1037 386 1105 Cn.
420 1038 805 1140 Pompeium
850 1038 930 1103 de
976 1039 1140 1103 meis
1186 1038 1383 1103 rebus
1432 1039 1637 1125 gestis
1684 1045 1752 1105 et
1800 1040 1877 1105 de
1918 1062 2175 1105 summa

55 1147 111 1186 ιο
139 1150 210 1191 re
257 1127 526 1212 publica
571 1126 743 1210 misi,
791 1131 858 1191 et
905 1148 982 1191 ex
1021 1148 1098 1190 ea
1134 1127 1378 1190 crimen
1418 1127 1737 1211 aliquod
1718 1150 1789 1191 in
1823 1126 1895 1193 P.
1926 1127 2173 1193 Sullam

137 1216 397 1299 quaeris
446 1219 542 1297 et,
589 1216 646 1279 si
690 1214 978 1280 furorem
1023 1214 1467 1279 incredibilem
1516 1215 1778 1316 biennio
1828 1220 1979 1281 ante
2026 1239 2173 1282 con-

133 1307 395 1388 ceptum
467 1302 757 1386 erupisse
819 1303 890 1367 in
947 1324 1092 1367 meo
1159 1302 1505 1367 consulatu
1568 1302 1825 1389 scripsi,
1892 1327 1995 1369 me
2049 1305 2175 1371 hoc

135 1392 624 1457 demonstrasse
684 1391 871 1475 dicis,
936 1388 1190 1455 Sullam
1257 1390 1329 1454 in
1394 1390 1514 1455 illa
1576 1390 1779 1456 fuisse
1842 1394 2173 1477 superiore

2194 916 2283 980 24

135 1480 606 1545 coniuratione.
690 1477 952 1544 Scilicet
998 1498 1120 1562 ego
1166 1478 1225 1543 is
1274 1500 1437 1561 sum,
1485 1479 1597 1562 qui
1642 1480 2009 1544 existimem
2057 1479 2173 1547 Cn.

54 1587 107 1627 15
135 1568 444 1633 Pisonem
500 1573 568 1632 et
614 1566 962 1633 Catilinam
1019 1570 1086 1631 et
1132 1565 1613 1652 Vargunteium
1666 1572 1731 1630 et
1775 1566 2173 1633 Autronium

133 1657 301 1721 nihil
349 1657 695 1740 scelerate,
748 1656 917 1719 nihil
978 1654 1282 1720 audacter
1337 1655 1517 1739 ipsos
1563 1676 1683 1739 per
1728 1676 1869 1719 sese
1916 1657 2053 1720 sine
2100 1656 2170 1722 P.

133 1742 318 1810 Sulla
362 1744 576 1809 facere
622 1744 932 1829 potuisse.
995 1742 1094 1807 De
1141 1764 1271 1827 quo
1320 1742 1581 1807 etiamsi
1619 1742 1761 1825 quis
1800 1743 2170 1809 dubitasset
2206 1764 2277 1813 68

133 1838 358 1917 antea,
423 1854 508 1897 an
563 1832 674 1915 1(1,,.
722 1832 894 1916 quod
949 1835 1023 1895 tu
1079 1830 1328 1916 arguis,
1384 1829 1767 1915 cogitasset,
1822 1832 2167 1897 interfecto

131 1926 320 2006 patre
373 1918 490 1986 tu‘o
545 1922 772 1986 consul
830 1919 1212 1986 descendere
1267 1918 1583 2006 Kalendis
1638 1918 1963 1986 Ianuariis
2024 1944 2171 1986 cum

57 2029 108 2067 20
135 2010 509 2094 lictoribus,
574 2009 904 2074 sustulisti
972 2010 1140 2074 hanc
1205 2009 1669 2093 suspicionem,
1732 2031 1877 2074 cum
1945 2010 2170 2074 dixisti

134 2100 333 2182 hunc,
380 2101 455 2162 ut
501 2095 854 2162 Catilinam
903 2096 1231 2162 consulem
1282 2096 1595 2179 efficeret,
1641 2101 1867 2162 contra
1912 2101 2171 2182 patrem

133 2191 323 2251 tuum
372 2208 604 2272 operas
653 2191 720 2250 et
765 2207 1028 2250 manum
1067 2205 1501 2269 comparasse.
1555 2183 1741 2259 Quod
1787 2185 1844 2250 si
1881 2186 2005 2250 tibi
2044 2207 2167 2272 ego

133 2275 465 2358 confitear,
502 2279 578 2339 tu
613 2274 778 2339 mihi
815 2273 1129 2338 concedas
1165 2293 1426 2338 necesse
1466 2275 1565 2336 est
1590 2272 1780 2356 hunc,
1817 2295 1965 2338 cum
1994 2271 2167 2338 Cati-

130 2365 304 2428 linae
351 2363 850 2446 suffragaretur,
901 2361 1071 2427 nihil
1117 2362 1195 2424 de
1244 2381 1361 2424 suo
1409 2361 1779 2444 consulatu,
1836 2383 2027 2446 quem
2074 2363 2166 2426 iu-

53 2470 104 2510 25
133 2452 299 2516 dicio
331 2451 660 2534 amiserat,
687 2472 805 2535 per
831 2451 966 2515 vim
994 2447 1435 2534 recuperando
1463 2449 1874 2534 cogitavisse.
1938 2450 2165 2552 Neque

133 2540 310 2604 enim
337 2540 616 2604 istorum
642 2502 1003 2603 facinorum
1023 2542 1375 2620 tantorum,
1403 2539 1544 2600 tam
1562 2538 1879 2602 atrocium
1902 2539 2167 2622 crimen,

131 2627 404 2710 iudices,
449 2627 520 2692 P.
567 2625 790 2695 Sullae
834 2648 1113 2710 persona
1158 2624 1450 2708 suscipit.

264 2715 408 2780 Iam
465 2715 636 2780 enim
680 2715 920 2780 faciam
974 2713 1357 2779 criminibus
1415 2713 1715 2778 omnibus
1770 2713 1905 2779 fere
1964 2715 2166 2782 disso-
2204 2734 2271 2783 69

132 2804 320 2887 lutis,
385 2807 616 2868 contra
677 2807 874 2888 atque
939 2801 1007 2866 in
1071 2804 1306 2867 ceteris
1362 2801 1575 2866 causis
1632 2802 1774 2867 fieri
1830 2802 2027 2886 solet,
2092 2810 2167 2869 ut

55 2911 106 2950 so
131 2913 304 2956 nunc
359 2891 634 2977 denique
691 2893 768 2956 de
823 2892 963 2956 vita
1015 2889 1301 2955 hominis
1354 2911 1428 2954 ac
1474 2889 1552 2954 de
1598 2891 1889 2956 moribus
1936 2891 2167 2958 dicam.

131 2979 397 3045 Etenim
451 2979 530 3044 de
576 2978 894 3064 principio
941 2979 1190 3044 studuit
1237 2978 1492 3042 animus
1540 3000 1873 3044 occurrere
1917 2980 2167 3064 magni-

131 3069 345 3132 tudini
393 3067 702 3150 criminis,
749 3067 912 3132 satis
958 3068 1171 3132 facere
1209 3067 1645 3151 expectationi
1680 3066 2039 3149 hominum,
2087 3067 2164 3130 de

132 3179 235 3221 me
275 3155 522 3239 aliquid
556 3156 721 3241 ips0,
767 3157 882 3240 qui
919 3158 1257 3222 accusatus
1297 3175 1493 3239 eram,
1544 3155 1781 3238 dicere;
1824 3176 1996 3220 nunc
2030 3155 2165 3218 iam

129 3244 478 3311 revocandi
533 3245 691 3310 estis
739 3265 814 3309 eo
824 3294 843 3328 ,
891 3265 1018 3328 quo
1063 3265 1181 3308 vos
1226 3243 1374 3328 ipsa
1418 3264 1617 3307 causa
1661 3241 1861 3306 etiam
1908 3246 2164 3308 tacente

53 3349 105 3389 θ’»
132 3355 234 3397 1110
290 3332 470 3417 cogit
528 3332 778 3397 animos
827 3337 1204 3415 mentesque
1250 3335 1643 3395 convertere.
1733 3328 2051 3396 Omnibus
2095 3331 2272 3397 11125

130 3422 356 3504 rebus,
410 3420 682 3504 iudices,
727 3441 892 3504 quae
940 3420 1273 3502 graviores
1320 3418 1728 3501 maioresque
1774 3423 1955 3503 sunt,
2009 3419 2164 3503 quid

133 3511 404 3592 quisque
452 3509 753 3592 voluerit,
799 3506 1125 3592 cogitarit,
1173 3505 1528 3588 admiserit,
1573 3526 1708 3570 non
1754 3527 1832 3570 ex
1877 3506 2165 3593 crimine,
