2534 3875
327 168 460 232 376
808 166 951 221 PRO
991 165 1273 221 ARCHIA
1306 166 1551 222 POETA
1589 166 1879 221 ORATIO.

326 333 632 397 persona,
689 333 854 395 quae
908 316 1177 398 propter
1238 311 1445 376 otium
1500 333 1573 377 ac
1628 311 1917 377 studium
1972 311 2241 376 minime
2306 312 2387 376 in

328 399 582 466 iudiciis
628 400 1062 501 periculisque
1107 403 1398 465 tractata
1442 403 1559 483 est,
1606 400 1705 464 uti
1748 421 1951 485 prope
1993 421 2164 465 novo
2204 422 2384 484 quo-

255 509 292 557 4
329 488 478 553 dam
543 492 610 553 et
672 488 988 553 inusitato
1055 509 1289 574 genere
1354 487 1623 553 dicendi.
1722 486 1908 563 Quod
1972 488 2031 552 si
2095 488 2265 553 mihi
2338 511 2384 553 a

327 577 515 642 vobis
561 576 764 641 tribui
799 576 1188 661 concedique
1226 577 1524 660 sentiam,
1559 576 1890 660 perficiam
1928 576 2245 661 profecto,
2297 581 2387 641 ut

325 665 500 730 hunc
545 664 624 730 A.
673 664 990 730 Licinium
1043 687 1178 730 non
1233 665 1427 730 modo
1473 685 1606 729 non
1652 664 2157 750 segregandum,
2212 686 2385 730 cum
2408 680 2441 722 ⁵

329 753 416 819 sit
463 752 640 837 civis,
687 776 726 817 a
769 774 1040 818 numero
1080 752 1333 835 civium,
1380 773 1604 818 verum
1644 754 1861 837 etiam,
1906 752 1966 817 si
1998 775 2131 818 non
2168 757 2379 835 esset,

325 842 574 927 putetis
618 841 1062 907 asciscendum
1103 840 1324 906 fuisse.

247 935 289 999 3
461 928 653 1013 Nam,
699 934 774 994 ut
818 931 1102 1015 primum
1151 952 1227 994 ex
1273 930 1492 1013 pueris
1532 930 1807 994 excessit
1843 928 2123 994 Archias
2162 932 2379 1015 atque

331 1018 413 1082 ab
461 1018 542 1082 iis
591 1018 870 1099 artibUS,
928 1018 1164 1102 quibus
1212 1022 1393 1083 aetas
1437 1018 1708 1104 puerilis
1754 1018 1836 1082 ad
1883 1018 2378 1083 humanitatem

326 1106 666 1172 informari
711 1106 898 1188 solet,
945 1128 1014 1171 se
1061 1106 1143 1171 ad
1190 1105 1513 1171 scribendi
1561 1105 1849 1171 studium
1892 1106 2189 1189 contulit,
2233 1107 2381 1189 pri·
2410 1124 2469 1166 ιο

330 1216 508 1258 mum
581 1192 974 1273 Antiochiae
1049 1192 1238 1279 (nam
1301 1194 1397 1259 ibi
1466 1197 1663 1258 natus
1736 1198 1837 1260 est
1899 1194 2044 1260 loco
2082 1192 2379 1279 nobili),

331 1282 572 1346 celebri
627 1282 955 1366 quondam
1011 1284 1172 1347 urbe
1229 1286 1297 1346 et
1347 1283 1613 1367 copiosa
1659 1286 1854 1367 atque
1899 1282 2378 1347 eruditissimis

327 1369 702 1435 hominibus
749 1371 1355 1455 liberalissimisque
1404 1370 1635 1455 studiis
1683 1370 2009 1455 affluenti,
2062 1370 2377 1437 celeriter

330 1458 719 1523 antecellere
786 1458 1086 1525 omnibus
1150 1458 1399 1544 ingenii
1462 1459 1675 1543 gloria
1737 1460 1971 1544 coepit.
2070 1458 2233 1523 Post
2300 1459 2377 1523 in

331 1546 562 1611 ceteris
611 1546 810 1611 Asiae
859 1548 1155 1632 partibus
1202 1551 1562 1631 cunctaque
1608 1546 1881 1612 Graecia
1927 1547 2022 1613 sic
2066 1546 2203 1611 eius
2256 1547 2373 1612 ad·
2402 1564 2457 1606 15

328 1638 560 1699 ventus
625 1636 1150 1720 celebrabantur,
1223 1638 1298 1700 ut
1358 1634 1608 1701 famam
1670 1636 1920 1721 ingenii
1975 1636 2373 1720 ,expectatio

327 1723 640 1806 hominis,
701 1724 1219 1808 expectationem
1263 1724 1473 1808 ipsius
1520 1722 1834 1788 adventus
1883 1724 2373 1808 admiratioque

261 1829 293 1877 5
334 1815 688 1896 superaret.
777 1811 944 1877 Erat
987 1811 1186 1877 Italia
1239 1816 1380 1877 tum
1436 1814 1631 1897 plena
1677 1812 2073 1877 Graecarum
2120 1812 2375 1877 artium

334 1922 408 1966 ac
456 1899 965 1986 disciplinarum,
1010 1900 1353 1985 studiaque
1389 1900 1551 1966 haec
1588 1903 1655 1966 et
1688 1900 1756 1965 in
1792 1899 1987 1973 Latio
2021 1900 2375 1967 vehemen-

328 1989 460 2054 tius
496 1993 639 2054 tum
677 1989 1062 2054 colebantur
1095 2011 1295 2074 quam
1328 2011 1500 2054 nunc
1534 1988 1741 2054 isdem
1778 1991 1848 2055 in
1875 1989 2131 2075 oppidis
2160 1993 2229 2054 et
2254 1990 2375 2055 hic
2400 2007 2454 2048 2⁰

317 2077 576 2142 Romae
604 2081 872 2162 propter
898 2077 1447 2163 tranquillitatem
1475 2077 1571 2142 rei
1589 2077 1888 2162 publicae
1906 2100 2041 2143 non
2058 2079 2371 2164 neglege-

328 2165 586 2230 bantur.
648 2164 880 2248 Itaque
916 2165 1090 2230 hunc
1126 2169 1192 2230 et
1219 2165 1560 2230 Tarentini
1595 2171 1653 2231 et
1676 2167 2007 2232 Locrenses
2032 2171 2099 2231 et
2123 2166 2373 2251 Regini
2502 2205 2509 2212 ·

330 2257 396 2317 et
423 2252 848 2338 Neapolitani
881 2253 1148 2318 civitate
1184 2254 1543 2337 ceterisque
1578 2254 1886 2338 praemiis
1915 2255 2259 2339 donarunt,
2300 2262 2375 2321 et

330 2363 581 2425 omnes,
638 2343 748 2426 qui
795 2340 1042 2426 aliquid
1088 2342 1166 2406 de
1210 2341 1491 2427 ingeniis
1536 2346 1843 2427 poterant
1887 2342 2201 2427 iudicare,
2258 2365 2368 2410 co-

331 2429 622 2513 gnitione
686 2434 884 2513 atque
948 2429 1236 2514 hospitio
1302 2429 1569 2516 dignum
1632 2431 2108 2496 existimarunt.
2215 2431 2367 2498 Hac
2395 2447 2447 2490 2⁵

329 2521 520 2581 tanta
586 2516 968 2582 celebritate
1038 2517 1255 2583 famae
1328 2539 1476 2583 cum
1548 2523 1722 2585 esset
1778 2519 1912 2584 iam
1978 2519 2365 2586 absentibus

328 2609 546 2688 notuS,
587 2604 866 2670 Romam
911 2605 1089 2670 venit
1123 2605 1336 2671 Mario
1382 2607 1647 2672 consule
1684 2610 1751 2671 et
1788 2605 2041 2673 Catu10.
2104 2607 2365 2674 Nactus

331 2697 432 2757 est
485 2693 769 2778 primum
825 2695 1124 2759 consules
1179 2715 1321 2779 ece,
1374 2716 1650 2778 quorum
1706 2697 1873 2760 alter
1924 2717 2027 2761 res
2075 2696 2160 2760 ad
2206 2699 2367 2762 scri-

329 2781 612 2845 bendum
668 2803 1033 2866 maxumas,
1091 2782 1260 2846 alter
1315 2803 1459 2846 cum
1514 2804 1620 2848 res
1667 2787 1916 2868 gestas,
1970 2788 2109 2848 tum
2158 2785 2362 2850 etiam

329 2869 616 2934 studium
664 2873 860 2954 atque
907 2891 1094 2935 aures
1143 2870 1449 2936 adhibere
1494 2876 1735 2955 posset.
1800 2870 2038 2936 Statim
2083 2870 2362 2958 Luculli,
2388 2889 2443 2930 ³0

330 2980 477 3023 cum
504 2961 953 3042 praetextatus
983 2959 1182 3023 etiam
1209 2962 1353 3023 tum
1380 2957 1659 3024 Archias
1687 2963 1878 3043 esset,
1914 2982 2063 3025 eum
2092 2961 2361 3026 domum

332 3067 518 3111 suam
563 3050 962 3130 receperunt.
1054 3047 1145 3111 Et
1192 3050 1336 3111 erat
1380 3047 1505 3112 hoc
1548 3069 1684 3113 non
1732 3049 1944 3113 solum
1988 3049 2238 3134 ingenii
2284 3072 2363 3116 ac

330 3134 728 3219 litterarum,
790 3155 1017 3200 verum
1085 3133 1285 3198 etiam
1346 3139 1621 3201 naturae
1678 3140 1873 3222 atque
1925 3136 2221 3220 virtutis,
2283 3143 2361 3204 ut

331 3222 559 3287 domus
567 3273 585 3307 ,
643 3244 809 3307 quae
861 3223 1053 3288 huius
1101 3223 1579 3288 adulescentiae
1624 3226 1839 3308 prima
1883 3224 2077 3309 favit,
2132 3188 2357 3290 ea'dem

259 3328 292 3375 6
331 3314 504 3375 esset
559 3309 1079 3376 familiarissima
1133 3311 1471 3376 senectuti
1560 3309 1727 3377 Erat
1771 3313 2176 3398 temporibus
2221 3314 2356 3380 illis
2383 3329 2432 3371 ³⁵

327 3397 643 3462 iucundus
682 3398 757 3474 Q.
783 3398 1053 3464 Metello
1090 3399 1191 3463 illi
1227 3397 1574 3464 Numidico
1612 3405 1679 3465 et
1716 3399 1854 3466 eius
1890 3402 2009 3467 Pio
2044 3401 2203 3486 filio,
2250 3425 2356 3468 au·

331 3485 632 3549 diebatur
696 3509 737 3550 a
799 3485 885 3550 M.
933 3485 1245 3569 Aemilio,
1309 3487 1574 3552 vivebat
1636 3509 1782 3554 cum
1848 3487 1921 3568 Q.
1988 3487 2223 3556 Catulo
2291 3497 2355 3556 et
