2534 3875
191 1144 280 1209 23

194 1224 260 1271 61

195 2328 262 2377 62

298 139 431 203 210
760 137 858 193 DE
897 136 1084 193 LEGE
1119 136 1448 192 AGRARIA
1488 136 1758 192 ORATlO
1798 136 1868 191 11.

297 284 718 385 repentinus?
784 282 908 359 Qui
945 283 1192 347 honore
1229 281 1703 347 decemviratus
1732 281 2096 346 excluditur
2123 304 2331 366 prope

296 372 711 455 nominatim,
759 373 939 437 cuius
984 370 1292 435 iudicium
1338 370 1685 455 legumque
1733 368 1941 453 datio,
1986 374 2332 455 captorum

301 482 603 546 agrorum
648 460 855 543 ipsius
903 460 1146 524 virtute
1194 458 1482 543 cognitio
1529 458 1798 539 tollitur,
1854 459 2034 523 cuius
2080 480 2211 523 non
2256 459 2332 523 in

299 548 718 633 provinciam,
765 548 879 612 sed
923 548 994 611 in
1029 546 1176 631 ipsa
1211 551 1430 611 castra
1467 546 1808 611 decemviri
1846 568 1995 611 cum
2030 546 2331 629 imperiO,

298 637 556 702 infinita
609 636 906 719 pecunia,
961 635 1247 699 maxima
1301 638 1631 719 potestate
1695 640 1762 699 et
1815 633 2053 700 iudicio
2108 655 2331 699 rerum
2391 652 2425 693 5

303 726 591 790 omnium
631 724 1001 806 mittuntur,
1039 723 1142 788 cui
1177 724 1278 787 ius
1314 722 1827 807 imperatorium,
1865 723 2036 806 quod
2074 744 2332 807 semper

303 813 602 878 omnibus
649 811 1151 897 imperatoribus
1198 815 1301 875 est
1346 813 1818 889 conservatum,
1865 810 1993 875 soli
2038 810 2331 893 eripitur,

302 902 358 967 is
396 901 714 984 excipitur
751 922 934 982 unuS,
970 920 1051 965 ne
1089 898 1427 964 manubias
1466 898 1707 963 referre
1745 899 2022 966 debeat?
2086 897 2331 965 Utrum

301 990 564 1055 tandem
629 989 754 1053 hoc
819 988 1030 1071 capite
1087 987 1299 1053 honos
1354 986 1583 1051 haberi
1637 986 1887 1051 homini
1943 1009 2027 1051 an
2080 986 2333 1051 invidia

306 1077 529 1162 quaeri
573 1077 873 1141 videtur?
2358 1094 2421 1133 ιο

432 1164 738 1230 Remittit
791 1164 916 1229 hoc
971 1164 1167 1229 Rullo
1225 1164 1343 1230 Cn.
1395 1163 1770 1248 Pompeius3
1827 1163 2138 1229 beneficio
2194 1163 2329 1229 isto

299 1253 492 1338 legis,
551 1252 958 1338 benignitate
1019 1252 1435 1319 decemvirali
1490 1252 1659 1317 nihil
1717 1251 1942 1317 utitur.
2034 1250 2209 1317 Nam
2270 1252 2331 1317 si

302 1344 403 1407 est
463 1363 740 1426 aequum
800 1340 1110 1425 praedam
1165 1363 1240 1406 ac
1295 1340 1635 1405 manubias
1692 1360 1841 1405 suas
1896 1340 2329 1423 imperatores

298 1451 432 1497 non
503 1431 572 1494 in
634 1434 1055 1494 monumenta
1120 1428 1387 1494 deorum
1449 1428 1920 1494 immortalium
1984 1450 2192 1513 neque
2257 1428 2331 1493 in

298 1517 480 1583 urbis
519 1522 902 1583 ornamenta
939 1517 1248 1595 conferre,
1288 1516 1399 1581 sed
1436 1516 1519 1581 ad
1555 1516 1950 1582 decemviros
1989 1520 2329 1600 tamquam
2359 1534 2421 1577 ιε

301 1606 384 1671 ad
452 1606 748 1671 dominos
818 1610 1179 1689 reportare,
1247 1604 1417 1669 nihil
1476 1604 1603 1669 sibi
1662 1604 1919 1690 appetit
1978 1606 2329 1690 praecipue

300 1695 669 1779 Pompeius,
714 1694 906 1777 nihi13
951 1694 1095 1758 vult
1141 1714 1208 1757 se
1254 1693 1325 1757 in
1369 1693 1694 1758 communi
1740 1696 1937 1777 atque
1980 1692 2050 1757 in
2098 1693 2329 1758 eodem

304 1805 431 1867 quo
477 1782 675 1847 ceteri
719 1782 857 1847 iure
903 1781 1171 1846 versari.
1246 1779 1363 1845 Sin
1411 1785 1511 1846 est
1556 1781 1869 1864 iniquum,
1915 1780 2225 1865 Quirites,
2270 1783 2331 1845 si

301 1874 510 1956 turpe,
557 1870 614 1935 si
658 1869 1137 1935 intolerandum
1172 1868 1305 1934 'hos
1352 1870 1747 1935 decemviros
1792 1869 2145 1956 portitores
2192 1892 2331 1935 om·

301 1960 493 2024 nibus
541 1959 831 2024 omnium
877 1958 1166 2042 pecuniis
1213 1959 1541 2039 constitui,
1589 1957 1700 2042 qui
1735 1980 1866 2024 non
1906 1959 2097 2024 modo
2136 1980 2327 2045 reges
2358 1979 2417 2018 ιο

305 2052 498 2131 atque
538 2051 902 2112 exterarum
938 2047 1280 2112 nationum
1316 2047 1630 2120 homines,
1670 2047 1783 2110 sed
1821 2047 2022 2112 etiam
2049 2047 2329 2132 impera·

300 2141 476 2201 tores
543 2139 796 2199 vestros
863 2135 1220 2219 excutiant,
1285 2157 1419 2200 non
1477 2134 1639 2199 mihi
1697 2134 1999 2200 videntur
2058 2135 2329 2201 honoris

301 2247 498 2289 causa
533 2223 826 2307 excipere
861 2222 1264 2308 Pompeium,
1303 2224 1415 2288 sed
1453 2227 1759 2306 metuere,
1794 2245 1877 2288 ne
1912 2224 2027 2288 ille
2056 2223 2331 2290 eandem

303 2311 760 2377 contumeliam
808 2333 1002 2395 quam
1049 2313 1245 2376 ceteri
1294 2313 1461 2376 ferre
1506 2333 1639 2376 non
1674 2312 1902 2396 possit.
1974 2310 2327 2397 Pompeius

301 2404 519 2465 autem
565 2399 689 2464 hoc
736 2400 953 2464 animo
1001 2403 1120 2482 est,
1164 2404 1256 2484 ut,
1303 2398 1606 2484 quicquid
1651 2399 1837 2464 vobis
1874 2400 2153 2484 placeat,
2200 2401 2331 2466 sibi
2358 2420 2415 2460 2⁵

299 2488 634 2553 ferendum
681 2491 896 2572 putet3
945 2487 1115 2571 quod
1162 2509 1279 2552 vos
1325 2486 1493 2551 ferre
1540 2509 1673 2552 non
1707 2488 2029 2572 poteritis,
2074 2489 2142 2552 id
2180 2512 2331 2574 pro·

298 2576 472 2640 fecto
509 2575 798 2659 perficiet
834 2598 914 2641 ne
953 2576 1194 2640 diutius
1230 2575 1424 2639 inviti
1460 2576 1626 2640 ferre
1664 2576 2009 2661 cogamini.
2079 2574 2331 2642 Verum

301 2668 523 2728 tamen
569 2670 770 2746 cavet,
816 2668 907 2747 ut,
953 2664 1010 2727 si
1057 2686 1185 2748 qua
1228 2663 1503 2745 pecunia
1548 2667 1699 2746 post
1742 2685 1863 2730 nos
1910 2665 2211 2730 consules
2250 2687 2329 2730 ex

300 2751 488 2816 novis
552 2751 986 2837 vectigalibus
1049 2751 1426 2835 recipiatur,
1491 2773 1567 2816 ea
1631 2752 1977 2817 decemviri
2039 2756 2327 2818 utantur.

301 2839 494 2904 Nova
546 2862 741 2923 porro
790 2839 1136 2924 vectigalia
1182 2839 1359 2904 videt
1414 2861 1488 2904 ea
1540 2839 1707 2923 fore,
1764 2862 1927 2925 quae
1976 2841 2326 2926 Pompeius
2357 2859 2415 2900 so

307 2927 688 2994 adiunxerit.
790 2926 894 2992 Ita
961 2927 1252 2992 remissis
1314 2928 1635 2992 manubiis
1696 2928 2124 3014 vectigalibus
2186 2930 2326 2994 eius

302 3018 544 3081 virtute
589 3016 796 3101 partis
844 3037 912 3080 se
958 3016 1086 3080 frui
1131 3019 1323 3100 putat
1368 3021 1683 3100 oportere.

434 3104 636 3169 Parta
663 3105 751 3169 sit
777 3104 1068 3188 pecunia,
1105 3104 1410 3188 Quirites,
1438 3105 1816 3170 decemviris
1844 3110 2049 3191 tanta,
2079 3111 2325 3191 quanta

304 3193 392 3257 sit
445 3192 514 3256 in
568 3192 791 3275 terris,
849 3192 1016 3256 nihil
1066 3193 1599 3276 praetermissum
1655 3194 1767 3278 sit,
1831 3215 2055 3259 omnes
2109 3196 2328 3280 urbeS,

303 3280 466 3366 agri,
511 3301 715 3364 regna
761 3279 1048 3365 denique,
1092 3286 1424 3381 postremo
1473 3281 1671 3346 etiam
1708 3282 2058 3368 vectigalia
2101 3288 2329 3350 vestra
2358 3301 2413 3342 3⁵

303 3367 638 3450 venierint,
676 3370 1065 3432 accesserint
1100 3369 1170 3433 in
1206 3372 1533 3435 cumulum
1571 3371 1916 3435 manubiae
1952 3373 2329 3438 vestrorum

299 3456 796 3538 imperatorum3
819 3460 1104 3540 quantae
1135 3461 1202 3522 et
1231 3480 1426 3542 quam
1455 3459 1772 3524 immanes
1794 3459 2054 3524 divitiae
2076 3459 2329 3526 decem·
