2534 3875
845 196 998 252 CAP.
1040 204 1246 253 17—19
1286 203 1317 264 ὅ
1355 204 1583 252 37-41.
2077 200 2204 266 531

203 361 464 426 poenas,
509 361 670 426 quae
709 341 884 405 solae
923 343 1074 404 sunt
1107 341 1440 406 hominum
1478 343 1701 407 sceleri
1739 365 1778 407 a
1814 343 1911 408 dis
1947 343 2207 409 immor·

204 430 443 494 talibus
496 428 899 494 constitutae.
987 427 1162 493 Nam
1219 430 1505 513 corporis
1554 430 1810 514 quidem
1854 433 2063 496 nostri
2108 433 2207 496 in-

204 519 479 582 firmitas
516 517 757 581 multos
798 516 974 581 subit
1010 537 1195 581 casus
1232 539 1349 600 per
1384 539 1469 600 se,
1518 518 1788 603 denique
1824 519 2036 603 ipsum
2073 541 2208 586 cor-

203 627 325 690 pus
369 604 748 670 tenuissima
792 605 868 669 de
914 626 1106 670 causa
1143 626 1336 690 saepe
1372 606 1733 690 conficitur3
1778 607 2042 672 deorum
2076 609 2209 674 tela

151 711 178 752 5
205 696 275 758 in
327 693 676 776 impiorum
730 693 1052 756 mentibus
1106 693 1411 778 figuntur.
1503 693 1712 769 Quare
1767 695 2068 761 miserior
2120 718 2208 778 οε,

207 802 350 845 cum
394 781 462 845 in
509 802 762 845 omnem
807 779 1098 846 fraudem
1142 783 1391 865 raperis
1436 781 1667 865 oculis,
1732 804 1926 866 quam
1974 784 2031 848 si
2077 806 2209 849 om-

203 869 358 934 nino
407 869 627 933 oculos
664 889 796 932 non
839 868 1128 934 haberes.

339 955 489 1039 Sed,
562 956 864 1040 quoniam
928 956 1004 1020 de
1069 957 1149 1020 iis
1213 957 1542 1040 omnibuS‚
1611 979 1774 1042 quae
1835 958 2206 1043 haruspices
2233 941 2312 1005 19

13 1112 15 1123 ,
206 1044 550 1110 commissa
585 1065 726 1110 esse
763 1045 1000 1126 dicunt,
1043 1045 1203 1109 satis
1239 1050 1341 1109 est
1376 1046 1635 1129 dictum,
1670 1046 2019 1129 videamus,
2057 1047 2209 1130 quid
2246 1020 2315 1068 40

11 1168 18 1213 ἵ
126 1132 377 1197 widem
411 1132 782 1216 haruspices
819 1132 952 1196 iam
989 1154 1030 1196 a
1065 1133 1163 1197 dis
1190 1132 1669 1199 immortalibus
1698 1134 1918 1199 dicant
1942 1136 2209 1200 moneri.

11 1266 19 1303 z
206 1221 501 1303 Monent‚
565 1220 696 1286 ‘Nn
759 1238 891 1285 PER
945 1238 1379 1285 OPTIMATIUM
1442 1238 1873 1287 msconmAu
1935 1240 2211 1289 Dlssnn·

11 1316 26 1391 ’ἱ
206 1325 608 1386 SIONEMQUE
675 1325 1014 1374 PATRIBUS
1068 1325 1645 1386 PRINCIPIBUSQUE
1702 1326 1969 1376 CAEDEs
2025 1329 2211 1376 PERI-

13 1444 26 1479 ÷.
212 1413 532 1474 CULAQUE
571 1413 938 1461 CREENTUR
972 1413 1399 1475 AUXILIOQUE
1433 1414 1662 1461 Dlvlm
1698 1415 1988 1463 Nmssms
2016 1417 2212 1463 DEFI-

11 1532 22 1571 ι
208 1501 537 1567 clAN‘rUR,
598 1484 645 1566 †
709 1502 845 1561 QUA
907 1502 997 1548 ΒΕ
1061 1502 1158 1548 AD
1221 1503 1418 1550 UNUM
1477 1502 1817 1550 IMPERIUM
1870 1502 2211 1551 PECUNIAE

11 1618 22 1661 t
125 1588 179 1628 15
207 1589 534 1637 REDEANT
592 1589 1118 1650 EXERCITUSQUE
1165 1590 1467 1639 APULSUs
1513 1590 2045 1652 DEMINUTIOQUE
2094 1591 2209 1640 Ac·

208 1659 481 1726 CEDAT?
579 1660 1011 1744 Haruspicum
1073 1660 1272 1725 verba
1327 1667 1478 1727 sunt
1529 1661 1690 1726 haec
1744 1662 1987 1745 omnia3
2047 1662 2210 1727 nihil

207 1747 372 1813 addo
401 1747 479 1812 de
508 1769 670 1812 meo.
716 1746 872 1823 Quis
903 1747 1102 1833 igitur
1135 1748 1353 1829 [hanc]
1385 1749 1797 1833 optimatium
1825 1749 2209 1814 discordiam

206 1835 514 1900 molitur?
602 1833 784 1900 Idem
838 1837 988 1916 iste,
1040 1857 1158 1901 nec
1215 1836 1354 1901 ulla
1398 1837 1464 1902 vi
1506 1837 1755 1922 ingenii
1800 1842 1914 1902 aut
1957 1838 2210 1903 consilii

207 1925 336 2008 sui,
399 1922 511 1989 sed
577 1924 849 2009 quodam
918 1945 1130 1989 errore
1190 1929 1447 2009 nosti-03
1515 1947 1703 2009 quem
1770 1925 2026 2009 quidem
2081 1926 2211 2009 ille,

119 2030 178 2071 20
207 2012 379 2096 quod
433 2013 739 2078 obscurus
786 2035 917 2078 non
963 2017 1128 2095 erat,
1181 2013 1373 2078 facile
1416 2014 1763 2099 perspexit.
1852 2012 1993 2079 Hoc
2040 2015 2211 2079 enim

205 2102 402 2165 etiam
456 2102 711 2185 turpius
766 2101 1134 2165 adflictatur
1177 2122 1279 2165 res
1325 2103 1610 2186 publica,
1667 2101 1838 2186 quod
1880 2124 1962 2167 ne
2006 2104 2089 2167 ab
2136 2124 2212 2168 eo

208 2187 468 2270 quidem
512 2193 812 2271 vexatur,
851 2193 926 2255 ut
969 2193 1306 2273 tamquam
1351 2186 1541 2255 fortis
1588 2190 1658 2254 in
1701 2210 1921 2275 pugna
1965 2190 2066 2255 vir
2110 2212 2211 2255 ac-

209 2275 412 2357 ceptis
471 2296 512 2339 a
561 2275 719 2340 forti
775 2277 1142 2341 adversario
1187 2278 1565 2343 vulneribus
1611 2279 1894 2343 adversis
1940 2279 2210 2343 honeste

13 2413 17 2440 ‚,
208 2361 435 2427 cadere
489 2362 799 2427 videatur.
887 2363 982 2428 Ti.
1030 2364 1358 2431 Gracchus
1416 2366 1724 2432 convellit
1769 2369 2015 2431 statum
2060 2366 2209 2431 civi·
2247 2385 2312 2435 41

13 2447 15 2454 ‘
121 2466 181 2508 25
209 2450 387 2531 tatis,
434 2472 562 2533 qua
598 2452 922 2535 gravitate
958 2452 1073 2535 vir,
1119 2474 1244 2536 qua
1282 2454 1665 2537 eloquentia,
1703 2476 1830 2537 qua
1865 2454 2210 2539 dignitate!

207 2537 371 2601 nihil
409 2541 484 2601 ut
520 2560 559 2603 a
594 2540 804 2623 patris
841 2541 1068 2625 avique
1103 2540 1399 2605 Africani
1434 2542 1817 2626 praestabili
1843 2542 2212 2627 insignique

207 2627 475 2708 virtute,
519 2631 973 2711 praeterquam
1020 2628 1191 2712 quod
1235 2652 1275 2694 a
1322 2633 1551 2695 senatu
1597 2630 1980 2713 desciverat,
2028 2630 2211 2695 defle-

207 2713 427 2777 xisset.
525 2713 790 2781 Secutus
855 2719 955 2781 est
1009 2714 1077 2783 C.
1134 2716 1488 2801 Gracchus,
1552 2740 1679 2802 quo
1733 2718 2021 2804 ingenio,
2085 2741 2212 2802 qua

209 2802 597 2886 eloquentia,
661 2808 904 2887 quanta
965 2805 1058 2888 vi,
1121 2808 1365 2889 quanta
1421 2806 1742 2890 gravitate
1798 2806 2072 2871 dicendi!
2138 2809 2212 2869 ut

119 2906 181 2947 30
208 2889 502 2954 dolerent
555 2890 710 2955 boni
753 2914 887 2957 non
931 2893 1049 2957 illa
1092 2896 1278 2957 tanta
1323 2898 1707 2960 ornamenta
1752 2894 1834 2958 ad
1878 2892 2212 2957 meliorem

208 2981 488 3042 mentem
534 2980 1063 3065 voluntatemque
1110 3002 1247 3047 esse
1294 3004 1620 3047 conversa.
1701 2980 1850 3065 Ipse
1895 2979 1965 3044 L.
1994 2978 2213 3046 Satur-

207 3065 398 3129 ninus
454 3067 547 3131 ita
598 3066 725 3131 fuit
779 3068 1124 3134 effrenatus
1180 3072 1245 3135 et
1298 3091 1499 3154 paene
1554 3070 1813 3133 demens
1823 3118 1841 3150 ,
1906 3072 1978 3131 ut
2032 3073 2211 3133 actor

209 3158 378 3217 esset
432 3154 730 3239 egregius
786 3159 852 3219 et
905 3156 986 3221 ad
1041 3157 1290 3223 animos
1344 3157 1792 3241 imperitorum
1842 3156 2210 3221 excitandos

205 3239 824 3327 inflammandosque
867 3244 1207 3328 perfectus,
1281 3243 1453 3309 Nam
1500 3244 1654 3328 quid
1700 3263 1820 3328 ego
1860 3243 1935 3308 de
1972 3243 2041 3309 P.
2070 3240 2211 3307 Sul-

116 3346 176 3388 35
205 3328 374 3413 picio
430 3330 705 3414 loquar?
760 3332 938 3395 cuius
995 3336 1184 3397 tanta
1227 3333 1298 3396 in
1344 3332 1611 3396 dicendo
1658 3332 1974 3415 gravitas,
2026 3334 2215 3396 tanta

203 3417 594 3501 iucunditas,
638 3423 826 3483 tanta
871 3420 1156 3485 brevitas
1201 3421 1355 3499 fuit,
1398 3424 1474 3484 ut
1515 3424 1754 3503 posset,
1804 3420 1903 3485 vel
1949 3423 2023 3484 ut
2065 3441 2213 3504 pru-

205 3504 428 3569 dentes
493 3512 810 3591 errarent,
874 3508 976 3572 vel
1040 3513 1114 3573 ut
1178 3509 1333 3573 boni
1391 3508 1605 3572 minus
1661 3508 1825 3574 bene
1882 3508 2217 3592 sentirent,

1787 3610 1898 3668 34*
