2534 3875
391 191 525 258 406
952 191 1096 247 PRO
1134 192 1194 247 L.
1232 191 1518 248 FLACCO
1559 189 1846 247 ORATIO.

394 338 534 403 sine
572 336 856 423 quinque
892 336 1326 423 praetoribus,
1361 337 1576 402 tribus
1604 336 2080 421 quaestoribus,
2116 338 2445 421 quattuor

393 425 758 509 mensariis,
805 425 917 510 qui
961 425 1135 511 apud
1179 424 1331 491 illos
1380 448 1420 490 a
1463 426 1708 511 populo
1756 426 2076 489 creantur.
2156 422 2265 489 Ex
2312 423 2445 489 hoc

393 517 582 579 tanto
627 534 901 579 numero
947 512 1260 579 deductus
1307 517 1411 579 est
1444 534 1653 595 nemo,
1698 516 1786 598 et,
1830 534 1979 578 cum
2013 511 2203 576 illam
2240 534 2443 595 pecu-

391 604 572 669 niam
607 601 993 667 nominatim
1022 601 1255 667 Flacco
1294 602 1522 668 datam
1546 603 1853 685 referant,
1889 601 2202 665 maiorem
2231 600 2441 665 aliam
2516 676 2518 687 Ι

393 714 544 757 cum
586 691 740 756 huic
784 690 994 755 eidem
1038 691 1288 775 darent,
1333 690 1405 756 in
1448 690 1674 755 aedem
1722 710 1977 756 sacram
2012 688 2437 754 reficiendam
2462 704 2518 745 δ’

395 801 466 844 se
511 778 970 865 perscripsisse
1015 778 1257 862 dicunt,
1304 778 1475 863 quod
1522 778 1791 843 minime
1836 777 2163 842 convenit.
2256 775 2441 842 Nam

395 871 512 934 aut
547 868 769 933 omnia
805 866 1057 932 occulte
1094 867 1435 932 referenda
1470 866 1736 932 fuerunt
1772 868 1889 931 aut
1925 868 2152 951 aperte
2191 866 2437 931 omnia.

397 957 563 1023 Cum
598 953 1010 1039 perscribunt
1044 953 1279 1021 Flacco
1316 954 1724 1036 nominatim,
1766 953 1935 1019 nihil
1970 953 2229 1038 timent,
2266 953 2438 1019 nihil

393 1047 726 1127 verentur3
781 1065 928 1108 cum
985 1043 1166 1128 operi
1218 1044 1485 1129 publico
1539 1041 1859 1126 referunt,
1914 1042 2086 1107 idem
2128 1041 2436 1106 homines

395 1132 613 1198 subito
651 1131 943 1216 eundem,
989 1153 1180 1217 quem
1219 1134 1766 1217 contempserant,
1809 1130 2301 1213 pertimescunt.
2366 1128 2436 1194 Si
2464 1148 2504 1186 1⁰

394 1223 661 1306 praetor
707 1219 902 1298 dedit,
946 1223 1023 1284 ut
1067 1224 1169 1285 est
1216 1220 1550 1305 scriptum,
1588 1241 1628 1283 a
1663 1223 2007 1303 quaestore
2041 1219 2435 1303 numeravit,

397 1311 705 1394 quaestor
751 1331 792 1373 a
837 1328 1062 1373 mensa
1106 1308 1387 1392 publica,
1432 1328 1659 1373 mensa
1700 1310 1816 1372 aut
1851 1328 1931 1372 ex
1965 1306 2284 1392 vectigali
2323 1312 2439 1372 aut

397 1420 476 1463 ex
519 1398 790 1462 tributo,
879 1394 1257 1482 Numquam
1304 1398 1430 1461 erit
1471 1396 1644 1461 istuc
1688 1395 1901 1461 simile
1946 1393 2255 1478 criminis,
2302 1395 2439 1460 nisi

394 1486 564 1550 hanc
599 1483 765 1549 mihi
798 1488 1012 1549 totam
1049 1484 1372 1551 rationem
1411 1484 1589 1549 omni
1626 1487 1693 1548 et
1728 1504 2152 1569 personarum
2190 1503 2437 1569 genere

399 1578 465 1639 et
509 1573 883 1639 litterarum
930 1574 1293 1656 explicatis.
2461 1586 2499 1626 1⁵

289 1672 360 1722 45
532 1661 657 1727 Vel
705 1661 876 1746 quod
924 1664 1027 1725 est
1072 1662 1141 1725 in
1186 1662 1414 1727 eodem
1450 1661 1708 1727 decreto
1748 1661 2085 1745 scriptum,
2131 1659 2436 1726 homines

399 1750 797 1818 clarissimos
853 1749 1140 1814 civitatis
1198 1749 1623 1837 amplissimis
1676 1770 1833 1814 usos
1888 1748 2248 1814 honoribus
2310 1748 2439 1814 hoc

396 1843 700 1924 praetore
747 1838 1243 1922 circumventoS,
1288 1860 1404 1904 cur
1448 1838 1520 1903 hi
1564 1859 1771 1921 neque
1806 1838 1878 1901 in
1911 1836 2151 1901 iudicio
2193 1834 2437 1901 adsunt

397 1951 605 2014 neque
651 1927 722 1991 in
766 1926 1022 1992 decreto
1068 1926 1537 1993 nominantur?
1602 1924 1753 1992 Non
1788 1924 1961 1991 enim
1998 1924 2188 1992 credo
2229 1925 2440 2012 signi·
2514 1961 2516 1974 ·

397 2017 580 2082 ficari
616 2015 746 2080 isto
776 2015 922 2080 loco
952 2014 1161 2098 illum,
1199 2015 1311 2101 qui
1341 2037 1411 2082 se
1440 2015 1656 2101 erigit,
1689 2012 2124 2079 Heraclidam.
2188 2011 2437 2078 Utrum
2459 2027 2497 2069 2⁰

399 2106 573 2170 enim
620 2108 722 2168 est
756 2103 828 2168 in
862 2103 1243 2168 clarissimis
1289 2105 1541 2169 civibus
1578 2105 1655 2186 is,
1702 2124 1892 2186 quem
1929 2101 2288 2166 iudicatum
2324 2101 2437 2166 hic
2514 2155 2516 2184 2

399 2194 583 2258 duxit
627 2190 1057 2277 Hermippus,
1112 2192 1224 2277 qui
1284 2191 1453 2257 hanc
1496 2193 1711 2274 ipsam
1755 2190 2177 2275 legationem,
2234 2212 2433 2274 quam
2514 2205 2516 2296 Ῑ

395 2282 624 2365 habet,
682 2301 816 2346 non
871 2280 1121 2365 accepit
1178 2303 1219 2346 a
1275 2281 1409 2345 suis
1455 2280 1704 2345 civibus
1713 2329 1731 2362 ,
1784 2279 1896 2344 sed
1941 2299 2144 2363 usque
2191 2277 2429 2343 Tmolo
2514 2301 2516 2346 i

395 2370 659 2454 petivit,
714 2369 818 2435 cui
869 2369 1089 2433 nullus
1143 2368 1352 2434 honos
1407 2369 1479 2434 in
1534 2390 1655 2433 sua.
1699 2367 1965 2432 civitate
2008 2365 2278 2431 habitus
2328 2372 2432 2431 est
2514 2355 2516 2418 l

398 2478 737 2542 umquam,
792 2477 897 2521 res
956 2460 1175 2522 autem
1233 2478 1338 2541 ea,
1391 2477 1556 2540 quae
1610 2455 2013 2520 tenuissimis
2060 2455 2427 2519 committe·
2448 2468 2486 2509 2⁵

398 2545 624 2629 batur,
678 2544 828 2610 huic
881 2566 1011 2610 una
1066 2545 1137 2609 in
1182 2546 1331 2610 vita
1375 2543 1724 2611 commissa
1769 2544 1911 2608 sola
1954 2542 2099 2608 est?
2192 2540 2429 2607 Custos

399 2632 475 2696 Τ.
522 2632 780 2697 Aufidio
834 2636 1136 2718 praetore
1190 2635 1262 2698 in
1312 2631 1642 2697 frumento
1687 2631 1951 2717 publico
1998 2633 2101 2696 est
2143 2631 2427 2716 positus;

397 2741 519 2804 pro
585 2742 711 2804 quo
766 2742 913 2786 cum
969 2743 1010 2785 a
1062 2719 1134 2788 P.
1168 2721 1443 2786 Varinio
1498 2723 1801 2806 praetore
1855 2718 2199 2805 pecuniam
2256 2740 2427 2785 acce-

398 2810 627 2893 pisset,
672 2808 913 2873 celavit
958 2830 1109 2874 suos
1157 2809 1318 2874 civis
1356 2810 1659 2892 ultroque
1695 2808 1777 2872 iis
1815 2810 2149 2890 sumptum
2183 2807 2426 2872 intulit.

402 2896 590 2973 Quod
632 2902 1064 2982 posteaquam
1100 2896 1332 2962 Temni
1376 2898 1617 2962 litteris
1663 2918 1705 2960 a
1738 2894 2013 2960 Varinio
2060 2895 2283 2961 missis
2328 2917 2421 2960 co·
2444 2906 2485 2948 ³⁰

495 2987 657 3050 itum
723 2989 917 3069 atque
970 2985 1372 3069 patefactum
1427 2990 1556 3069 est,
1621 3004 1894 3068 cumque
1948 2982 2174 3048 eadem
2228 2982 2308 3048 de
2362 3003 2424 3048 re

453 3096 516 3138 n.
560 3072 907 3157 Lentulus,
963 3075 1074 3158 qui
1120 3094 1350 3139 censor
1393 3073 1547 3157 fuit,
1600 3071 2050 3137 Temnitarum
2095 3074 2422 3156 patronus,
2515 3127 2516 3158 ἢ

400 3162 656 3227 litteras
694 3162 1001 3246 misisset,
1037 3160 1453 3227 Heraclidam
1490 3162 1690 3226 istum
1719 3159 1952 3224 Temni
1978 3165 2212 3244 postea
2237 3180 2420 3225 nemo
2514 3159 2516 3236 4

291 3263 362 3312 46
398 3250 580 3315 vidit.
652 3248 872 3334 Atque
917 3253 993 3313 ut
1037 3250 1176 3315 eius
1221 3248 1695 3335 impudentiam
1737 3247 2106 3333 perspicere
2138 3249 2421 3330 possitis,
2515 3253 2516 3330 j

399 3359 664 3403 causam
727 3339 966 3422 ipsam,
1032 3359 1198 3423 quae
1263 3338 1597 3404 levissumi
1661 3336 1946 3401 hominis
2012 3335 2305 3401 animum
2356 3336 2419 3400 in
2438 3345 2478 3386 ³⁵

293 3423 380 3489 20
397 3424 701 3491 Flaccum
755 3426 1080 3507 incitavit,
1137 3447 1408 3510 quaeso,
1465 3425 1858 3510 cognoscite.
1955 3421 2255 3489 Fundum
2306 3421 2419 3508 Cy-

399 3533 657 3578 maeum
716 3513 964 3579 Romae
1030 3516 1355 3578 mercatus
1422 3517 1524 3577 est
1588 3513 1668 3578 de
1730 3512 1985 3600 pupillo
2045 3510 2414 3578 Meculonio.
