2534 3875
805 192 958 248 CAP.
999 199 1210 249 30-32
1251 199 1283 260 ς
1319 198 1549 249 84—89.
2071 196 2197 261 371

141 340 399 405 civium
465 338 728 404 adducti
788 340 932 402 tum
990 337 1235 402 fuimus
1297 341 1434 403 tam
1496 338 1911 406 vehementes
1920 390 1939 424 ,
2005 363 2202 425 quam

141 449 424 493 necesse
479 427 626 495 fuit.
717 423 906 491 Salus
965 430 1139 491 esset
1186 426 1430 491 amissa
1478 428 1771 492 omnium
1816 452 1947 493 una
1990 433 2201 514 nocte,

143 517 285 581 nisi
348 521 524 581 esset
569 514 879 581 severitas
926 515 1046 579 illa
1094 517 1415 599 suscepta.
1507 514 1634 580 Sed
1679 520 1754 580 ut
1801 517 1880 581 ad
1930 518 2203 596 scelera-

143 610 381 670 torum
425 625 710 687 poenam
756 624 976 667 amore
1020 602 1118 667 rei
1171 602 1472 687 publicae
1522 626 1668 669 sum
1716 605 2029 670 adductus
2038 655 2058 690 ,
2106 607 2200 671 sic

89 712 118 753 5
151 694 240 758 ad
290 693 575 758 salutem
620 691 1069 756 innocentium
1114 692 1459 757 voluntate
1508 692 1807 759 deducor.

291 780 482 845 Nihil
529 781 716 845 video
765 801 906 845 esse
951 779 1022 843 in
1065 779 1192 845 hoc
1239 779 1311 843 P.
1358 780 1560 862 Sulla,
1606 781 1867 867 iudices,
1916 782 2062 847 odio
2112 782 2200 847 di-

151 892 394 957 gnum,
453 868 901 933 misericordia
955 867 1154 953 digna
1213 869 1439 934 multa.
1530 868 1759 954 Neque
1808 870 1981 935 enim
2026 893 2201 937 nunc

149 957 643 1044 propulsandae
701 956 1098 1022 calamitatis
1157 978 1312 1021 suae
1368 979 1585 1023 causa·
1616 960 1890 1044 supplex
1936 959 2019 1023 ad
2064 981 2200 1043 VOS,

151 1047 432 1129 iudiceS,
489 1044 817 1131 confugit,
872 1045 987 1109 sed
1048 1066 1130 1109 ne
1189 1066 1317 1127 qua
1373 1046 1597 1129 generi
1654 1070 1727 1113 ac
1780 1048 2032 1112 nomini
2082 1070 2200 1113 suo

71 1156 128 1195 10
157 1139 323 1201 nota
359 1134 651 1201 nefariae
687 1132 1112 1217 turpitudinis
1151 1132 1467 1199 inuratur.
1532 1133 1709 1199 Nam
1744 1134 1885 1221 ipse
1924 1136 2201 1220 quidem,

153 1226 214 1289 si
263 1224 392 1288 erit
438 1225 655 1288 vestro
693 1222 930 1287 iudicio
969 1221 1305 1305 liberatuS,
1353 1244 1518 1306 quae
1555 1221 1758 1288 habet
1800 1228 2200 1303 ornamenta,

157 1334 324 1397 quae
385 1310 629 1376 solacia
683 1310 972 1395 reliquae
1019 1309 1223 1392 vitae,
1280 1310 1514 1394 quibus
1562 1312 1793 1376 laetari
1837 1334 1911 1377 ac
1951 1313 2201 1398 perfrui

155 1400 419 1486 possit?
509 1398 762 1464 Domus
812 1399 965 1483 erit,
1009 1398 1222 1481 credo,
1268 1401 1599 1482 exornata,
1648 1400 2022 1482 aperientur
2069 1423 2201 1467 ma-

156 1490 372 1554 iorum
418 1488 768 1573 imagines,
829 1487 972 1571 ipse
1021 1488 1326 1551 ornatum
1373 1508 1447 1551 ac
1495 1488 1806 1553 vestitum
1850 1490 2201 1572 pristinum

75 1596 129 1637 1⁵
162 1577 599 1662 recuperabit.
672 1574 926 1658 ania,
972 1574 1234 1658 iudiceS,
1280 1574 1444 1640 haec
1481 1576 1725 1639 amissa
1762 1580 1931 1659 sunt,
1980 1580 2201 1643 omnia

160 1667 422 1752 generis
432 1716 449 1747 ,
511 1664 820 1748 neminie,
887 1662 1155 1728 honoris
1219 1662 1510 1748 insignia
1566 1668 1762 1748 atque
1818 1670 2201 1730 ornamenta

158 1756 354 1820 unius
412 1752 634 1818 iudicii
689 1752 1063 1817 calamitate
1118 1750 1512 1817 occiderunt.
1576 1748 1702 1816 Sed
1746 1774 1829 1816 ne
1878 1753 2199 1817 extinctor

159 1844 446 1927 patriae,
512 1863 594 1907 ne
652 1841 978 1925 proditor,
1041 1861 1124 1905 ne
1178 1840 1390 1905 hostis
1447 1841 1838 1924 appelletur,
1893 1862 1977 1905 ne
2030 1842 2199 1907 hanc

161 1932 384 1998 labem
441 1930 615 1997 tanti
668 1929 932 1995 sceleris
988 1929 1059 1993 in
1103 1927 1361 1994 familia
1404 1929 1758 2014 relinquat,
1812 1929 1879 1995 id
1924 1929 2200 2014 laborat,

83 2040 134 2080 20
161 2021 230 2085 id
276 2020 531 2103 metuit,
575 2041 658 2084 ne
705 2019 980 2102 denique
1026 2017 1132 2081 hic
1178 2017 1378 2082 miser
1414 2018 1737 2082 coniurati
1774 2021 1841 2084 et
1879 2020 2194 2084 conscele-

161 2109 293 2174 rati
341 2111 409 2173 et
442 2107 795 2192 proditoris
832 2106 1006 2170 filius
1041 2105 1444 2190 nominetur3
1492 2105 1643 2170 huic
1679 2127 1901 2192 puer0,
1948 2107 2062 2190 qui
2098 2111 2200 2173 est

167 2199 227 2262 ei
271 2197 412 2262 vita
457 2217 578 2262 sua
623 2195 832 2260 multo
881 2195 1110 2278 carior,
1157 2195 1411 2277 metuit,
1457 2194 1561 2259 cui
1597 2194 1867 2262 honoris
1904 2195 2197 2280 integros

163 2286 412 2351 fruetus
476 2305 612 2349 non
676 2283 764 2348 sit
827 2283 1188 2348 traditurus
1197 2332 1215 2366 ,
1278 2303 1361 2346 ne
1428 2285 1757 2348 aeternam
1815 2285 2199 2349 memoriam

168 2373 497 2440 dedecoris
543 2372 888 2456 relinquat.
969 2371 1096 2436 Hic
1142 2392 1258 2435 vos
1308 2374 1470 2454 orat,
1514 2371 1775 2454 iudieeS,
1821 2394 2078 2456 parvuS,
2123 2376 2199 2436 ut

89 2481 142 2522 25
171 2485 238 2528 se
303 2461 654 2546 aliquando
713 2462 769 2525 si
822 2482 956 2525 non
1009 2460 1271 2544 integra
1322 2458 1617 2541 fortuna,
1683 2463 1753 2524 at
1806 2464 1881 2524 ut
1936 2461 2199 2526 adflicta

169 2550 344 2634 patri
389 2572 506 2615 suo
555 2548 872 2634 gratulari
917 2547 1170 2613 sinatiS.
1241 2545 1415 2613 Huic
1460 2548 1699 2612 misero
1744 2548 2009 2614 notiora
2046 2555 2200 2614 sunt

171 2640 406 2704 itinera
440 2638 826 2703 iudiciorum
864 2640 930 2701 et
966 2637 1095 2702 fori
1124 2657 1320 2720 quam
1350 2636 1565 2719 campi
1592 2641 1659 2701 et
1686 2637 2198 2723 disciplinarum.

170 2726 318 2792 Non
362 2727 496 2792 iam
543 2727 621 2790 de
669 2726 806 2791 vita
851 2724 920 2790 P.
967 2723 1210 2808 Sullae,
1255 2724 1530 2808 iudiceS,
1577 2724 1691 2790 sed
1738 2726 1815 2790 de
1864 2727 2199 2810 sepultura

173 2817 610 2898 contenditur3
658 2816 794 2878 vita
830 2816 1056 2898 erepta
1092 2816 1194 2877 est
1229 2812 1563 2897 superiore
1600 2813 1855 2898 iudicio,
1891 2838 2079 2900 nunc,
2115 2838 2197 2880 ne

97 2924 148 2964 30
176 2925 404 2990 corpus
451 2904 740 2987 eiciatur,
786 2901 1180 2966 laboramus.
1274 2900 1441 2977 Quid
1490 2903 1663 2966 enim
1709 2907 1811 2968 est
1854 2903 2007 2969 huic
2050 2902 2200 2968 reli-

176 2994 300 3080 qui,
345 2989 517 3077 quod
564 3014 710 3056 eum
755 2991 826 3056 in
869 2990 995 3056 hac
1030 2991 1168 3054 vita
1203 2993 1444 3073 teneat,
1492 2995 1607 3055 aut
1644 2991 1798 3075 quid
1838 2996 1953 3075 est,
2000 3013 2198 3074 quam

2238 798 2306 849 88

2236 2390 2304 2440 89

177 3084 256 3146 ob
301 3103 440 3146 rem
485 3081 646 3145 haec
693 3080 988 3165 cuiquam
1035 3080 1173 3144 vita
1219 3078 1560 3144 videatur?
1633 3077 1860 3163 Nuper
1904 3079 1961 3145 is
2000 3080 2196 3144 homo
2218 3079 2304 3144 32

175 3171 294 3235 fuit
335 3171 406 3234 in
452 3169 718 3235 civitate
760 3166 836 3233 P.
872 3166 1071 3249 Sulla,
1115 3169 1191 3231 ut
1236 3189 1426 3232 nemo
1474 3168 1534 3231 ei
1580 3189 1649 3231 ee
1694 3188 1903 3252 neque
1950 3168 2199 3232 honore

175 3281 376 3343 neque
424 3258 642 3344 gratia
684 3277 893 3340 neque
930 3256 1210 3320 fortunis
1250 3255 1623 3340 anteferret,
1665 3276 1837 3320 nunc
1874 3254 2197 3340 spoliatus

103 3364 152 3406 ³5
180 3346 348 3412 omni
403 3347 752 3430 dignitate,
808 3367 972 3428 quae
1021 3347 1246 3428 erepta
1294 3347 1472 3427 sunt,
1528 3363 1660 3407 non
1704 3343 1969 3428 repetit3
2026 3342 2198 3427 quod

179 3436 431 3500 fortuna
486 3435 558 3498 in
611 3434 802 3498 malis
857 3433 1093 3518 reliqui
1137 3431 1323 3514 feeit,
1384 3435 1459 3496 ut
1506 3453 1653 3496 cum
1699 3436 1996 3516 parente,
2050 3453 2199 3496 cum

180 3523 428 3610 liberis,
479 3544 625 3588 cum
677 3521 906 3604 fratre,
961 3542 1107 3585 cum
1161 3519 1266 3584 his
1312 3519 1693 3584 necessariis
1742 3517 1965 3603 lugere
2011 3541 2197 3586 suam

1768 3623 1879 3677 24*
