2534 3875
857 169 1012 225 CAP.
1051 176 1260 225 27—29
1300 177 1332 237 ἓ
1372 177 1597 227 71-77,
2083 174 2217 239 485

179 314 412 379 Italiae
461 314 722 379 decreta
766 335 1291 396 commemorem,
1336 314 1571 397 quibus
1620 319 1955 399 tamquam
2001 314 2215 402 gradi·

180 405 301 468 bus
357 402 520 466 mihi
575 402 800 467 videor
843 403 916 466 in
960 402 1208 467 caelum
1258 402 1653 484 ascendisse,
1706 425 1839 468 non
1884 406 2101 471 solum
2148 404 2215 470 in

180 490 461 574 patriam
516 490 912 555 revertisse?
1002 488 1126 554 Ille
1177 512 1333 554 vero
1364 490 1519 558 dies
1567 491 1679 574 qui
1726 491 1876 576 fuit,
1935 515 2082 558 cum
2130 497 2216 576 te,

180 580 249 644 P.
292 578 595 664 Lentule,
661 578 876 663 legem
943 577 1020 643 de
1077 599 1181 642 me
1235 577 1485 643 ferente
1540 580 1821 664 populus
1878 579 2217 646 Romanus

111 688 146 729 5
179 669 320 753 ipse
355 667 520 732 vidit
558 666 903 749 sensitque,
943 671 1224 750 quantus
1263 671 1331 730 et
1370 672 1615 750 quanta
1651 667 1971 752 dignitate
2011 671 2212 735 esset!

179 756 456 821 Constat
511 755 683 819 enim
737 755 940 819 nullis
995 777 1307 838 umquam
1364 755 1647 820 comitiis
1696 778 1995 840 campum
2043 757 2213 822 Mar-

177 845 342 908 tium
386 847 575 908 tanta
620 843 1016 926 celebritate,
1063 846 1250 907 tanto
1301 843 1645 926 splendore
1692 845 1903 909 omnis
1952 847 2209 946 generis

176 933 534 1016 hominum,
581 935 888 1016 aetatum,
936 931 1235 996 ordinum
1280 931 1595 996 floruisse.
1686 931 1939 997 Omitto
1988 934 2209 999 civita-

174 1021 370 1104 tium,
421 1019 790 1103 nationum,
816 1019 1361 1120 provinciarum,
1404 1041 1663 1105 regum,
1710 1021 1888 1084 orbis
1936 1021 2209 1106 denique

75 1131 142 1171 10
175 1114 499 1174 terrarum
563 1109 641 1173 de
705 1107 868 1172 meis
931 1108 1003 1172 in
1066 1107 1277 1173 omnis
1334 1107 1633 1172 mortalis
1696 1109 1948 1174 meritis
2005 1132 2206 1174 unum

173 1197 482 1262 iudicium
536 1219 862 1281 unumque
919 1217 1333 1281 consensum3
1399 1196 1714 1261 adventus
1771 1219 1953 1262 meus
2011 1202 2207 1281 atque

171 1286 482 1351 introitus
538 1285 607 1349 in
661 1285 891 1350 urbem
949 1285 1060 1368 qui
1112 1284 1287 1349 fuit?
1387 1283 1629 1349 Utrum
1682 1308 1785 1349 me
1840 1286 2059 1370 patria
2115 1286 2207 1350 sic

174 1374 450 1458 accepit,
504 1376 580 1438 ut
635 1373 846 1438 lucem
903 1374 1311 1457 salutemque
1356 1373 1679 1438 redditam
1725 1374 1853 1437 sibi
1899 1397 1974 1439 ac
2020 1375 2206 1438 resti-

171 1466 381 1528 tutam
423 1463 711 1544 accipere
751 1461 990 1544 debuit,
1029 1483 1114 1525 an
1149 1465 1224 1526 ut
1261 1460 1586 1526 crudelem
1624 1465 1990 1546 tyrannum,
2034 1463 2205 1546 quod

73 1573 138 1614 15
172 1573 290 1616 vos
338 1549 656 1616 Catilinae
713 1550 1012 1634 gregales
1069 1549 1147 1614 de
1201 1572 1305 1613 me
1362 1549 1571 1614 dicere
1630 1550 1987 1614 solebatis?
2077 1550 2203 1614 Ita·
2245 1572 2311 1621 76

175 1661 298 1724 que
355 1640 464 1705 ille
518 1659 686 1702 unus
743 1637 908 1719 dies,
964 1660 1090 1722 quo
1149 1636 1250 1702 die
1308 1659 1410 1701 me
1456 1639 1738 1722 populus
1784 1637 2117 1703 Romanus
2166 1662 2206 1702 a

171 1731 365 1812 porta
400 1727 470 1792 in
509 1725 906 1811 Capitolium
945 1731 1138 1810 atque
1176 1725 1327 1790 inde
1366 1725 1629 1790 domum
1668 1747 1784 1790 sua
1824 1727 2203 1792 celebritate

172 1815 550 1899 laetitiaque
605 1814 989 1880 comitatum
1043 1815 1444 1898 honestavit,
1502 1817 1724 1878 tantae
1782 1814 1943 1878 mihi
1986 1814 2205 1879 iucun-

178 1903 371 1969 ditati
417 1903 560 1987 fuit,
604 1906 680 1967 ut
716 1906 832 1968 tua
866 1903 1030 1967 mihi
1067 1903 1511 1969 conscelerata
1546 1902 1665 1967 illa
1702 1903 1799 1967 vis
1836 1924 1970 1967 non
2007 1903 2202 1969 modo

70 2017 136 2055 20
170 2015 306 2058 non
350 1992 818 2077 propulsanda,
874 1993 987 2057 sed
1034 1992 1233 2056 etiam
1282 1991 1595 2055 armanda
1638 1990 1841 2056 fuisse
1887 1991 2203 2057 videatur.

167 2080 383 2157 Quare
437 2082 558 2145 illa
610 2080 952 2144 calamitas
965 2130 984 2163 ,
1042 2081 1100 2144 si
1151 2080 1246 2143 ita
1294 2084 1396 2144 est
1442 2080 1862 2181 appellanda,
1919 2081 2203 2145 excussit

165 2166 295 2235 hoc
342 2190 547 2255 genus
593 2172 805 2233 totum
853 2167 1212 2250 maledicti,
1264 2189 1347 2232 ne
1396 2168 1739 2251 quisquam
1784 2168 1920 2233 iam
1967 2169 2203 2234 audeat

163 2258 636 2343 reprehendere
683 2258 1095 2321 consulatum
1141 2277 1359 2320 meum
1406 2259 1526 2336 tot,
1570 2256 1793 2339 tantiS,
1838 2261 1976 2321 tam
2014 2278 2201 2321 orna-

164 2348 256 2411 tis
311 2345 594 2428 iudiciis,
648 2344 1070 2427 testimoniiS,
1127 2305 1626 2408 auctoritatibus
1684 2345 2200 2429 comprobatum.

59 2458 126 2499 25
165 2434 472 2511 Quodsi
453 2457 522 2498 m
566 2434 696 2498 isto
743 2437 857 2498 tuo
903 2432 1250 2497 maledicto
1290 2432 1603 2515 probrum
1639 2453 1771 2496 non
1807 2432 1999 2497 modo
2037 2432 2200 2496 mihi
2221 2436 2305 2503 29

161 2524 422 2588 nullum
479 2522 794 2604 obiectaS,
859 2521 972 2585 sed
1027 2522 1226 2585 etiam
1283 2518 1543 2584 laudem
1596 2520 1908 2584 inlustras
1968 2542 2201 2605 meam,

165 2611 324 2696 quid
394 2616 461 2675 te
519 2615 633 2675 aut
688 2609 828 2673 fieri
885 2614 998 2674 aut
1051 2609 1214 2695 fingi
1272 2608 1635 2674 dementius
1688 2608 1951 2693 potest?
2052 2608 2199 2674 Uno

163 2700 344 2765 enim
389 2698 736 2763 maledicto
783 2697 886 2761 bis
933 2720 973 2762 a
1019 2719 1122 2761 me
1167 2696 1453 2781 patriam
1502 2702 1827 2761 servatam
1875 2718 2017 2763 esse
2054 2720 2201 2763 con-

163 2788 370 2870 cediS,
427 2788 652 2870 semel,
713 2808 860 2851 cum
917 2785 982 2850 id
1028 2785 1180 2869 feci,
1237 2785 1409 2869 quod
1456 2806 1680 2850 omnes
1727 2786 1885 2849 boni
1931 2790 2200 2851 censent

55 2901 126 2941 30
162 2838 670 2958 immortalitati,
715 2874 772 2939 si
811 2874 952 2939 fieri
986 2878 1226 2958 potest,
1273 2873 1730 2956 mandandum,
1766 2878 1842 2937 tu
1878 2872 2198 2958 supplicio

163 2964 569 3049 puniendum
623 2964 898 3048 putasti,
955 2964 1220 3047 iterum,
1278 2984 1425 3027 cum
1479 2966 1665 3026 tuum
1714 2961 2197 3044 multorumque

161 3056 430 3137 praeter
474 3058 542 3116 te
585 3051 1062 3117 inflammatum
1098 3052 1166 3115 in
1205 3051 1410 3115 bonos
1449 3050 1662 3114 omnis
1698 3050 2016 3133 impetum
2054 3070 2199 3113 meo

161 3162 441 3225 corpore
510 3140 756 3225 excepi,
817 3161 898 3205 ne
967 3161 1109 3204 eam
1165 3140 1525 3221 civitatem,
1588 3159 1782 3221 quam
1838 3158 2201 3202 servassem

161 3228 464 3310 inermis,
513 3234 799 3293 armatus
845 3228 913 3292 in
961 3226 1307 3292 discrimen
1354 3226 1753 3290 adducerem.

53 3341 122 3381 35
305 3316 499 3400 Esto,
558 3338 689 3381 non
743 3316 869 3381 fuit
921 3316 991 3379 in
1036 3336 1140 3379 me
1185 3336 1397 3399 poena
1441 3313 1582 3378 ulla
1625 3312 1900 3397 peccati3
1956 3317 2027 3378 at
2071 3313 2199 3379 fuit
2236 3330 2303 3380 ‘1⁷

157 3404 411 3470 iudicii.
502 3403 742 3470 Cuius?
801 3404 946 3488 quis
1005 3426 1107 3467 me
1162 3424 1473 3486 umquam
1529 3402 1667 3466 ulla
1720 3403 1865 3487 lege
1919 3401 2197 3467 interro·

153 3495 372 3581 gavit,
423 3494 566 3579 quis
610 3491 988 3579 postulavit,
1036 3492 1180 3577 quis
1227 3491 1397 3555 diem
1447 3490 1651 3554 dixit?
1727 3490 1953 3555 Potest
1996 3490 2199 3578 igitur
