2534 3875
774 166 912 220 CAP
950 174 1159 222 21-23
1196 176 1227 234 s
1265 176 1492 225 54—60.
1999 173 2132 238 479

93 329 238 372 non
282 329 544 393 possem
589 309 929 392 explicare.
1017 311 1126 375 An
1169 313 1324 396 quia
1368 335 1631 378 causam
1675 315 1954 399 probare
1998 340 2131 383 non

91 398 448 482 poteram?
540 395 738 463 Cuius
791 403 982 463 tanta
1033 401 1297 465 bonitas
1354 404 1480 485 est,
1534 405 1609 465 ut
1664 424 1740 468 ea
1792 404 1939 488 ipsa
1994 428 2127 471 non

91 483 297 550 modo
337 507 422 568 se,
470 484 582 550 sed
619 486 818 550 etiam
858 509 960 550 me
999 487 1336 552 absentem
1371 511 1489 572 per
1526 511 1597 554 se
1632 490 1947 573 probarit.
2018 493 2127 559 An

93 576 387 657 senatuS,
433 595 518 639 an
565 574 820 639 ordines
867 593 1090 657 omnes,
1137 598 1221 640 an
1264 577 1333 660 ii,
1379 579 1491 660 qui
1535 581 1766 643 cuncta
1811 601 1888 644 ex
1928 580 2126 647 Italia

35 679 58 719 5
91 661 182 725 ad
229 683 332 724 me
369 662 805 726 revocandum
851 664 1374 750 convolaverunt,
1421 666 1748 750 segniores
1796 689 1899 731 me
1944 691 2125 752 prae-

91 753 286 812 sente
334 749 414 813 ad
461 771 564 815 me
609 750 1016 815 retinendum
1064 755 1130 816 et
1176 754 1688 818 conservandum
1734 755 2011 820 fuissent
2054 758 2124 822 in

90 859 178 901 ea
225 859 437 918 causa,
483 860 676 921 quam
724 837 864 922 ipse
910 839 1044 903 iam
1088 840 1411 924 parricida
1456 842 1659 906 talem
1696 842 1868 926 dicat
1902 843 2122 928 fuisse,

86 929 174 988 ut
227 947 331 988 me
396 926 478 990 ab
545 926 843 990 omnibus
904 927 986 991 ad
1049 949 1263 992 meam
1325 929 1674 1013 pristinam
1734 931 2118 1016 dignitatem

87 1016 548 1096 exspectatum
596 1018 790 1100 atque
836 1019 1210 1080 revocatum
1257 1018 1613 1099 queratur?
1704 1017 1811 1082 An
1853 1041 2005 1085 vero
2050 1021 2119 1084 in
2156 1037 2225 1086 58

35 1121 55 1162 ο
84 1101 332 1166 iudicio
390 1102 660 1186 periculi
722 1103 888 1166 nihil
943 1103 1090 1185 fuit3
1146 1103 1562 1191 privilegium
1618 1107 1953 1189 pertimui,
2016 1130 2117 1188 ne,

85 1189 261 1254 mihi
287 1191 614 1274 praesenti
644 1190 700 1254 si
728 1191 938 1255 multa
964 1191 1393 1276 inrogaretur,
1430 1215 1621 1258 nemo
1647 1193 2118 1261 intercederet?

84 1277 259 1341 Tam
303 1277 494 1361 inops
542 1282 757 1342 autem
806 1299 927 1364 ego
976 1301 1150 1344 eram
1200 1280 1283 1344 ab
1332 1281 1555 1346 amicis
1602 1284 1716 1347 aut
1761 1285 1899 1346 tam
1944 1285 2119 1349 nuda

81 1387 198 1429 res
245 1365 510 1449 publica
551 1389 592 1430 a
632 1366 1174 1452 magistratibus?
1247 1365 1460 1442 Quid?
1506 1368 1562 1433 si
1599 1374 1866 1435 vocatae
1903 1373 2115 1438 tribus

83 1457 340 1536 essent,
393 1455 935 1538 proscriptionem
989 1477 1122 1521 non
1177 1455 1388 1520 dicam
1441 1457 1511 1521 in
1564 1479 1667 1521 me
1721 1458 1818 1522 ita
1872 1458 1949 1524 de
1997 1482 2116 1525 sua

35 1561 50 1602 5
83 1543 304 1606 salute
333 1543 586 1625 merito,
623 1542 736 1606 sed
763 1543 1026 1607 omnino
1054 1544 1123 1607 in
1149 1545 1286 1608 ullo
1317 1545 1443 1609 civi
1470 1545 2113 1630 comprobavissent‘?

83 1630 218 1712 An,
265 1628 321 1693 si
367 1651 488 1715 ego
535 1652 841 1714 praesens
887 1630 1176 1714 fuissem,
1220 1637 1472 1698 veteres
1508 1633 1665 1698 illae
1702 1634 1925 1719 copiae
1964 1658 2112 1701 con-

82 1721 450 1783 iuratorum
487 1719 710 1803 tuique
747 1719 988 1803 perditi
1024 1720 1267 1784 milites
1306 1724 1501 1804 atque
1540 1724 1803 1806 egentes
1839 1726 1906 1786 et
1941 1745 2112 1789 nova

83 1827 320 1870 manus
357 1806 1003 1872 sceleratissimorum
1041 1809 1381 1872 consulum
1419 1809 1853 1894 corpori-meo
1889 1833 2111 1894 peper-

82 1895 372 1961 cissent?
419 1893 530 1979 qui
575 1917 719 1961 cum
767 1917 991 1961 eorum
1028 1897 1319 1961 omnium
1355 1897 1720 1962 crudelitati
1756 1899 2109 1984 scelerique

35 2004 50 2043 ›
81 1984 448 2067 cessissem,
493 2005 574 2048 ne
621 2004 855 2067 apsens
902 1983 1162 2067 quidem
1198 1986 1378 2050 luctu
1417 2007 1561 2050 meo
1599 1989 1847 2050 mentes
1886 2010 2105 2053 eorum

80 2071 329 2137 satiare
382 2071 586 2155 potui.
677 2071 842 2146 Quid
900 2073 1072 2136 enim
1117 2094 1232 2137 vos
1287 2095 1454 2138 uxor
1500 2095 1642 2138 mea
1689 2074 1927 2139 misera
1970 2075 2104 2142 vio-
2126 2056 2213 2182 2539

77 2161 281 2242 larat,
336 2180 528 2242 quam
584 2160 964 2242 vexavistiS,
1018 2161 1426 2245 raptavistiS,
1492 2163 1673 2227 omni
1727 2163 2106 2228 crudelitate

77 2248 465 2313 lacerastis‘?
502 2246 701 2332 quid?
738 2270 883 2312 mea
909 2248 1062 2331 filia,
1100 2248 1278 2313 cuius
1306 2249 1497 2313 fletus
1528 2249 1825 2315 assiduus
1854 2251 2105 2317 sordes-

76 2358 210 2421 que
276 2336 583 2421 lugubres
648 2336 835 2400 vobis
900 2339 1086 2400 erant
1147 2337 1480 2421 iucundae,
1547 2341 1907 2403 ceterorum
1975 2361 2106 2404 om-

37 2442 44 2481 ··
75 2425 271 2489 nium
308 2428 556 2488 mentes
595 2425 944 2507 oculosque
981 2424 1347 2507 flectebant,
1393 2424 1591 2509 quid?
1636 2448 1875 2509 parvus
1912 2426 2105 2512 filius,

77 2534 298 2597 quem,
336 2510 644 2595 quamdiu
671 2512 824 2594 afui,
858 2534 1050 2576 nemo
1078 2512 1205 2576 nisi
1232 2512 1685 2578 lacrimantem
1714 2514 2103 2580 confectum-

75 2622 210 2685 que
257 2599 437 2683 vidit,
483 2600 638 2683 quid
681 2599 941 2685 fecerat,
987 2601 1159 2683 quod
1205 2622 1353 2665 eum
1397 2603 1637 2667 totiens
1683 2624 1806 2691 per·
1837 2602 2103 2669 insidias

71 2688 444 2753 interficere
489 2687 832 2753 voluistis?
878 2688 1077 2771 quid?
1121 2688 1329 2754 frater
1372 2712 1585 2772 meuS,
1641 2691 1753 2774 qui
1800 2713 1942 2755 cum
1991 2692 2103 2757 ali-

72 2779 328 2861 quanto
396 2780 549 2860 post
609 2798 823 2841 meum
892 2776 1243 2841 discessum
1300 2799 1377 2841 ex
1430 2778 1766 2862 provincia
1822 2780 2104 2844 venisset

37 2886 291 2948 tneque
347 2864 471 2928 sibi
524 2863 869 2929 vivendum
922 2864 1052 2928 nisi
1104 2887 1207 2929 me
1262 2867 1565 2931 restituto
1612 2869 1901 2950 putaret,
1955 2890 2101 2931 cum

73 2954 220 3019 eius
269 2974 541 3035 maeror,
589 2952 853 3035 squalor
897 2951 1294 3018 incredibilis
1334 2958 1400 3017 et
1434 2953 1763 3019 inauditus
1802 2954 2099 3019 omnibus

71 3040 469 3107 mortalibus
507 3039 896 3105 miserabilis
925 3040 1283 3125 videbatur,
1319 3042 1616 3125 quotiens
1648 3045 1747 3106 est
1776 3064 1853 3106 ex
1881 3045 2098 3107 vestro

69 3130 256 3195 ferro
323 3150 398 3193 ac
460 3128 757 3193 manibus
824 3129 1110 3212 elapsus!
1221 3128 1348 3193 Sed
1411 3129 1564 3213 quid
1628 3148 1749 3213 ego
1814 3132 2099 3194 vestram
2136 3148 2203 3195 60

72 3217 531 3284 crudelitatem
586 3217 934 3299 exprobro,
993 3237 1186 3300 quam
1238 3218 1311 3281 in
1363 3218 1576 3299 ipsum
1632 3238 1733 3281 me
1788 3238 1862 3282 ac
1918 3239 2097 3282 meos

39 3344 44 3363 ·
76 3304 495 3388 adhibuistis,
542 3305 653 3388 qui
698 3304 1072 3389 parietibuS,
1119 3305 1230 3388 qui
1264 3306 1473 3389 tectiS,
1521 3304 1632 3388 qui
1667 3305 1985 3369 columnis
2024 3329 2097 3371 ac

71 3394 382 3481 postibus
434 3394 596 3457 meis
649 3390 1020 3458 hostificum
1075 3393 1397 3477 quoddam
1444 3397 1510 3457 et
1553 3392 1872 3457 nefarium
1920 3395 2098 3459 omni

69 3484 384 3549 inbutum
421 3480 568 3546 odio
604 3480 847 3545 bellum
882 3480 1242 3546 intulistis?
1314 3480 1466 3546 Non
1502 3481 1671 3545 enim
1700 3486 1766 3546 te
1796 3481 2095 3567 arbitror,
