2534 3875
824 118 980 174 CAP.
1018 125 1229 173 55—58
1266 125 1297 185 ς
1337 127 1632 176 141-146,
2077 125 2206 188 511

169 263 437 344 propter
482 260 794 326 beneficia
838 262 1117 346 populus
1162 260 1497 327 Romanus
1536 263 1888 349 Optimum,
1933 270 2203 350 propter

170 347 303 412 vim
350 347 709 412 Maximum
756 351 1145 434 nominavit,
1201 354 1422 434 teque,
1466 349 1629 416 Iuno
1675 351 1960 438 Regina,
2007 361 2074 419 et
2117 359 2202 440 te,

170 441 389 501 custos
417 437 616 521 urbiS,
644 435 958 522 Minerva,
988 459 1149 522 quae
1178 460 1436 523 semper
1466 439 1748 504 adiutrix
1778 442 2200 508 consiliorum

169 546 481 608 meorum,
527 525 717 590 testis
756 526 1057 590 laborum
1095 525 1389 610 extitisti,
1435 549 1668 612 precor
1705 533 1902 612 atque
1939 551 2197 616 quaeso,

110 629 140 670 5
169 634 442 698 vosque,
509 613 621 696 qui
676 615 952 678 maxime
1010 635 1107 679 me
1163 616 1498 699 repetistis
1562 620 1758 701 atque
1818 619 2196 698 revocastiS,

170 723 445 785 quorum
493 701 571 765 de
618 701 877 766 sedibus
924 703 1085 768 haec
1129 703 1293 767 mihi
1329 708 1429 768 est
1464 705 1808 789 proposita
1845 707 2196 792 contentio,

165 789 363 873 patrii
391 793 657 873 penates
685 789 1186 876 familiaresque,
1226 791 1339 876 qui
1373 792 1523 857 huic
1559 792 1706 857 urbi
1745 797 1812 857 et
1846 793 1941 858 rei
1977 795 2195 878 publi-

166 899 279 942 cae
333 877 741 962 praesidetis,
796 900 911 943 vos
971 883 1292 965 optestor,
1349 901 1622 964 quorum
1669 901 1792 967 ego
1841 905 1880 946 a
1925 883 2190 967 templis

166 970 361 1050 atque
399 965 687 1030 delubris
733 966 1111 1051 pestiferam
1158 968 1344 1032 illam
1390 973 1457 1033 61
1500 969 1820 1034 nefariam
1857 969 2192 1035 flammam

82 1072 138 1110 10
166 1054 402 1139 depuli,
438 1057 648 1139 teque,
675 1052 881 1119 Vesta
909 1061 1135 1138 mater,
1171 1057 1352 1121 cuius
1390 1057 1786 1123 castissimas
1825 1059 2190 1124 sacerdotes

166 1143 249 1207 ab
286 1141 623 1207 hominum
661 1144 1017 1209 amentium
1054 1145 1273 1208 furore
1311 1149 1377 1209 et
1413 1147 1649 1211 scelere
1687 1147 1943 1212 defendi
1981 1148 2192 1212 cuius-

167 1253 289 1314 que
342 1231 561 1316 ignem
617 1232 801 1296 illum
862 1233 1328 1317 sempiternum
1385 1254 1518 1297 non
1577 1257 1720 1298 sum
1778 1257 2011 1319 passus
2075 1240 2190 1301 aut

166 1320 481 1402 sanguine
536 1319 773 1385 civium
828 1321 1148 1404 restingui
1206 1325 1320 1385 aut
1385 1342 1530 1385 cum
1589 1323 1792 1387 totius
1853 1325 2032 1389 urbis
2092 1325 2187 1389 in-

165 1407 390 1472 cendio
427 1409 849 1492 commisceri,
895 1413 986 1492 ut,
1033 1410 1089 1473 si
1134 1409 1203 1472 in
1248 1409 1368 1473 illo
1405 1431 1607 1493 paene
1653 1409 1792 1474 fato
1837 1413 1932 1476 rei
1977 1413 2294 1497 publi-145

78 1513 134 1554 15
163 1517 276 1560 cae
323 1496 529 1561 obieci
575 1519 790 1560 meum
838 1502 1033 1582 caput
1078 1518 1196 1582 pro
1243 1497 1482 1562 vestris
1529 1498 1936 1563 caerimoniis
1995 1504 2187 1585 atque

164 1584 429 1669 templis
476 1585 1062 1669 perditissimorum
1110 1585 1346 1651 civium
1391 1585 1600 1650 furori
1647 1592 1841 1670 atque
1884 1587 2076 1672 ferro,
2123 1593 2188 1653 et

164 1672 221 1737 si
263 1674 520 1757 iterum,
567 1696 713 1738 cum
760 1695 837 1738 ex
884 1697 1027 1738 mea
1074 1673 1488 1740 contentione
1525 1673 1827 1739 interitus
1866 1675 2186 1741 bonorum

164 1762 452 1826 omnium
501 1766 943 1848 quaereretur,
998 1784 1115 1827 vos
1163 1784 1305 1826 sum
1364 1765 1673 1846 testatus,
1730 1763 1915 1827 vobis
1941 1785 2066 1828 -me
2113 1787 2186 1830 ac

162 1871 341 1914 meos
397 1851 842 1916 commendavi
896 1873 1125 1935 meque
1172 1854 1368 1935 atque
1413 1873 1628 1915 meum
1675 1855 1871 1937 caput
1916 1873 1993 1915 ea
2037 1873 2185 1917 con-

78 1956 133 1995 20
161 1939 411 2004 dicione
467 1939 724 2025 devovi,
777 1945 879 2024 ut,
934 1940 989 2005 si
1038 1945 1104 2005 et
1150 1961 1226 2005 eo
1273 1940 1419 2025 ipso
1465 1944 1759 2024 tempore
1806 1943 1872 2005 et
1919 1944 2070 2005 ante
2115 1942 2185 2006 in

160 2029 501 2094 consulatu
544 2050 689 2093 meo
736 2028 1091 2093 commodis
1137 2028 1299 2093 meis
1346 2028 1667 2111 omnibus,
1711 2029 2184 2115 emolumentis,

159 2116 463 2199 praemiis
501 2118 977 2200 praetermissis
1016 2139 1186 2201 cura,
1232 2115 1649 2201 cogitatione,
1695 2116 1942 2201 vigiliis
1981 2118 2184 2182 omni·

160 2204 283 2267 bus
340 2203 505 2266 nihil
559 2205 688 2268 nisi
743 2205 819 2268 de
874 2207 1083 2269 salute
1141 2227 1431 2269 meorum
1479 2204 1714 2269 civium
1759 2204 2183 2290 laborassem,

160 2297 301 2358 tum
358 2290 520 2355 mihi
573 2313 644 2356 re
699 2293 961 2377 publica
1007 2293 1358 2377 aliquando
1405 2293 1710 2357 restituta
1754 2293 1980 2357 liceret
2024 2293 2182 2378 frui3

77 2397 130 2438 25
160 2381 261 2445 sin
318 2382 537 2443 autem
593 2402 738 2444 mea
793 2382 1063 2445 consilia
1116 2382 1372 2465 patriae
1421 2402 1558 2444 non
1613 2380 2040 2465 profuissent,
2107 2387 2182 2447 ut

157 2472 543 2554 perpetuum
565 2467 851 2532 dolorem
880 2470 1141 2534 avolsus
1171 2490 1212 2533 a
1238 2469 1400 2532 meis
1430 2467 1834 2552 sustinerem,
1861 2469 2030 2534 hanc
2059 2490 2180 2555 ego

158 2556 569 2623 devotionem
616 2556 848 2640 capitis
894 2558 1038 2641 mei,
1086 2579 1231 2621 cum
1279 2576 1389 2621 ero
1433 2555 1505 2620 in
1550 2577 1726 2621 meas
1776 2557 1958 2622 sedes
1996 2560 2180 2622 resti-

155 2651 357 2731 tutuS,
383 2649 527 2710 tum
555 2644 827 2728 denique
849 2646 1213 2709 convictam
1234 2666 1376 2709 esse
1397 2648 1464 2710 et
1483 2647 1896 2710 commissam
1912 2647 2177 2730 putabo,

155 2733 331 2800 Nam
383 2754 553 2798 nunc
608 2733 893 2817 quidem,
948 2732 1318 2815 pontificeS,
1370 2751 1503 2796 non
1561 2732 1774 2796 solum
1832 2732 2052 2816 domo,
2099 2735 2284 2804 de146

75 2839 129 2879 ³0
158 2846 285 2907 qua
342 2822 703 2907 cognostiS‚
763 2821 873 2885 sed
928 2823 1073 2884 tota
1116 2820 1276 2883 urbe
1323 2840 1537 2901 careo,
1591 2819 1659 2883 in
1714 2842 1910 2905 quam
1958 2820 2180 2886 videor

158 2932 296 2976 esse
344 2910 707 2974 restitutus..
784 2908 977 2973 Urbis
1026 2908 1198 2972 enim
1246 2906 1701 2972 celeberrimae
1749 2911 1814 2973 et
1859 2909 2179 2975 maximae

154 3002 374 3085 partes
433 2998 776 3064 adversum
820 2997 979 3061 illud
1025 3018 1155 3062 non
1203 3001 1722 3079 monumentum,
1779 2996 1889 3059 sed
1945 2996 2177 3062 vulnus

153 3088 405 3173 patriae
442 3088 849 3151 contuentur.
913 3083 1117 3161 Quem
1154 3107 1301 3157 cum
1329 3083 1491 3147 mihi
1521 3087 2177 3165 eonspectummorte

154 3169 363 3261 magis
425 3175 762 3239 vitandum
820 3172 1322 3258 fugiendumque
1383 3193 1524 3236 esse
1583 3170 1885 3254 videatiS,
1953 3172 2178 3255 nolite,

70 3281 123 3322 3⁵
153 3285 422 3350 quaeso,
485 3285 657 3347 eum,
717 3262 897 3327 cuius
956 3261 1167 3326 reditu
1227 3260 1596 3325 restitutam
1653 3279 1790 3321 rem
1844 3259 2174 3342 publicam

150 3354 291 3418 fore
347 3349 658 3437 putastiS,
714 3372 846 3415 non
906 3350 1117 3415 solum
1177 3348 1520 3434 dignitatis
1582 3348 2002 3425 ornamentiS,
2066 3350 2177 3414 sed

151 3442 347 3507 etiam
394 3440 573 3505 urbis
619 3440 873 3524 patriae
918 3460 1039 3503 usu
1077 3438 1245 3503 velle
1284 3458 1423 3502 esse
1460 3434 1807 3521 privatum.
1880 3434 2030 3502 Non
2069 3460 2173 3503 me
2195 3437 2278 3505 58
