2534 3875
340 132 474 196 340
938 131 1080 187 PRO
1120 132 1181 188 P.
1222 130 1455 188 SULLA
1493 131 1782 188 ORATIO.

262 259 296 379 ᾗ
469 275 753 342 Maxime
790 278 1050 361 vellem,
1093 276 1358 361 iudices,
1394 279 1470 341 ut
1507 275 1578 342 P.
1607 273 1795 342 Sulla
1831 280 1900 342 et
1935 279 2131 342 antea
2168 276 2408 361 digni-

339 367 499 430 tatis
556 388 710 430 suae
767 365 1183 450 splendorem
1244 365 1540 450 optinere
1597 369 1664 430 et
1717 369 1873 450 post
1929 366 2401 430 calamitatem

338 457 673 538 acceptam
733 454 1089 519 modestiae
1144 453 1433 519 fructum
1489 453 1773 538 aliquem
1810 455 2144 539 percipere
2187 457 2398 537 potu-

336 544 527 626 isset3
574 543 687 607 sed
735 543 1044 628 quoniam
1090 541 1187 606 ita
1232 542 1389 606 tulit
1433 563 1622 607 casus
1668 541 1970 624 infestus,
2013 544 2089 606 ut
2134 546 2202 606 et
2241 563 2396 606 am-

336 632 635 716 plissimo
673 630 922 696 honore
960 653 1105 696 cum
1146 630 1477 696 communi
1515 630 1894 695 ambitionis
1930 629 2193 714 invidia,
2230 633 2391 694 tum
2423 648 2448 688 ⁵

338 719 661 806 singulari
707 719 992 784 Autroni
1039 719 1187 784 odio
1238 722 1638 784 everteretur
1686 722 1752 783 et
1794 718 1866 783 in
1911 717 2017 784 his
2055 717 2390 801 pristinae

336 807 637 872 fortunae
692 807 981 892 reliquiis
1044 806 1302 872 miseris
1358 811 1426 871 et
1482 806 1760 872 adflictis
1815 811 2038 872 tamen
2097 807 2392 871 haberet

338 896 682 981 quosdam,
747 917 1024 980 quorum
1088 897 1344 960 animos
1406 916 1489 960 ne
1559 894 1882 980 supplicio
1939 894 2197 980 quidem
2257 916 2388 960 suo

340 983 578 1049 satiare
632 988 892 1068 posset,
950 1006 1345 1069 quamquam
1406 1006 1484 1048 ex
1528 983 1723 1048 huius
1769 983 2194 1049 incommodis
2241 1006 2390 1048 ma-

340 1095 538 1158 gnam
594 1073 813 1139 animo
861 1073 1237 1138 molestiam
1284 1073 1490 1158 capio,
1536 1076 1758 1137 tamen
1793 1071 1866 1136 in
1900 1072 2134 1137 ceteris
2173 1072 2384 1136 malis
2417 1090 2466 1130 ιο

336 1161 531 1226 tacile
577 1161 795 1243 patior
841 1161 1138 1226 oblatum
1184 1161 1352 1225 mihi
1395 1164 1653 1245 tempus
1699 1182 1867 1244 esse,
1921 1160 1992 1224 in
2038 1181 2167 1245 quo
2213 1160 2387 1225 boni

338 1249 464 1313 viri
500 1249 842 1313 lenitatem
881 1271 1091 1314 meam
1121 1247 1760 1333 misericordiamque
1787 1252 2017 1314 notam
2045 1249 2385 1332 quondam

340 1337 660 1419 omnibus,
705 1359 875 1402 nunc
914 1337 1102 1422 quasi
1138 1338 1579 1403 intermissam
1619 1340 2066 1422 agnoscerent,
2110 1337 2386 1421 inprobi

338 1447 414 1490 ac
468 1425 709 1510 perditi
763 1427 935 1491 cives
982 1425 1288 1491 redomiti
1334 1428 1530 1510 atque
1576 1425 1734 1490 victi
1780 1426 2258 1510 praecipitante
2307 1447 2382 1490 re

339 1514 599 1598 publica
653 1514 1102 1579 vehementem
1149 1537 1252 1578 me
1299 1513 1499 1578 fuisse
1545 1517 1744 1598 atque
1789 1514 2060 1598 fortem,
2118 1534 2378 1579 conser-
2411 1532 2462 1572 1⁵

266 1615 299 1662 2
338 1606 494 1668 vata
539 1603 766 1668 mitem
814 1625 888 1668 ac
935 1602 1421 1668 misericordem
1458 1601 1840 1667 faterentur.
1905 1601 2014 1684 Et,
2061 1604 2380 1686 quoniam

335 1690 406 1756 L.
453 1691 855 1776 Torquatus,
900 1713 1082 1756 meus
1127 1689 1471 1755 familiaris
1519 1713 1594 1756 ac
1638 1691 2064 1775 necessarius,
2108 1690 2382 1775 iudices,

336 1780 765 1862 existimavit,
822 1779 877 1844 si
930 1785 1228 1844 nostram
1274 1779 1344 1844 in
1392 1779 1807 1844 accusatione
1856 1801 1975 1844 sua
2018 1779 2380 1844 necessitu-

338 1869 555 1934 dinem
591 1867 1241 1953 familiaritatemque
1280 1867 1614 1952 violasset‚
1651 1867 1900 1953 aliquid
1944 1890 2012 1933 se
2043 1866 2121 1932 de
2150 1871 2381 1933 aucto-

334 1958 531 2022 ritate
596 1979 778 2022 meae
844 1956 1237 2022 defensionis
1293 1978 1486 2039 posse
1542 1957 1912 2042 detrahere,
1976 1978 2124 2022 cum
2180 1956 2378 2022 huius
2412 1975 2468 2015 20

334 2046 608 2131 periculi
670 2046 1162 2131 propulsatione
1229 2046 1620 2131 coniungam
1678 2045 2120 2111 defensionem
2174 2044 2380 2111 officii

336 2136 483 2199 mei.
548 2132 689 2209 Quo
730 2134 991 2219 quidem
1031 2155 1266 2220 genere
1307 2134 1625 2198 orationis
1663 2156 1799 2199 non
1836 2137 2074 2219 uterer,
2111 2133 2378 2219 iudices,

335 2222 461 2288 hoc
516 2227 837 2308 tempore,
902 2222 961 2287 si
1014 2245 1161 2287 mea
1215 2222 1430 2287 solum
1484 2222 1858 2304 interesset3
1913 2221 2142 2287 multis
2201 2223 2377 2288 enim

335 2311 494 2377 locis
553 2315 621 2375 et
676 2311 832 2376 data
884 2310 1048 2375 mihi
1102 2310 1383 2375 facultas
1441 2315 1542 2375 est
1599 2315 1665 2375 et
1719 2333 1914 2397 saepe
1972 2311 2239 2375 dabitur
2297 2311 2377 2376 de

336 2422 481 2464 mea
524 2400 717 2464 laude
763 2398 1040 2483 dicendi3
1088 2399 1217 2484 sed,
1260 2403 1338 2463 ut
1373 2399 1487 2463 ille
1522 2400 1704 2482 vidit,
1752 2403 2072 2484 quantum
2109 2398 2188 2463 de
2227 2422 2376 2465 mea
2406 2417 2464 2459 25

337 2488 725 2553 auctoritate
773 2487 1191 2572 deripuisset,
1242 2489 1500 2551 tantum
1549 2510 1617 2552 se
1666 2487 1743 2552 de
1787 2488 1980 2553 huius
2027 2488 2376 2573 praesidiis

336 2576 835 2659 deminuturum,
874 2578 967 2640 sic
1003 2576 1127 2641 hoc
1164 2596 1285 2660 ego
1325 2574 1556 2659 senti0,
1593 2577 1648 2641 si
1684 2576 1814 2641 mei
1850 2574 2012 2641 facti
2046 2576 2378 2641 rationem

334 2665 523 2730 vobis
569 2664 1137 2748 constantiamque
1183 2664 1378 2728 huius
1424 2663 1626 2729 officii
1672 2686 1748 2729 ac
1793 2663 2188 2730 defensionis
2223 2686 2376 2750 pro-

334 2754 525 2835 bar0,
570 2774 831 2817 causam
879 2773 1135 2836 quoque
1182 2774 1286 2817 me
1332 2752 1402 2816 P.
1451 2750 1668 2818 Sullae
1713 2753 2162 2838 probaturum.

264 2849 299 2897 3
469 2839 567 2905 Ac
593 2840 875 2923 primum
906 2840 1023 2904 abs
1052 2844 1119 2905 te
1148 2840 1330 2925 illud,
1357 2839 1428 2905 L.
1448 2839 1796 2926 Torquate,
1827 2863 2092 2927 quaem,
2121 2864 2236 2907 cur
2265 2864 2374 2907 me
2405 2858 2467 2899 ³0

336 2952 376 2993 a
404 2928 635 2993 ceteris
674 2927 1055 2993 clarissimis
1093 2928 1253 2993 viris
1294 2951 1368 2994 ac
1394 2928 1798 3030 principibus
1828 2930 2117 2995 civitatis
2146 2929 2219 2994 in
2245 2930 2380 2997 hoc

337 3016 553 3083 officio
601 3020 797 3100 atque
842 3017 915 3081 in
960 3016 1354 3082 defensionis
1398 3018 1538 3081 iure
1585 3040 1902 3084 secernas.
1981 3017 2149 3094 Quid
2196 3020 2378 3085 enim

336 3110 465 3189 est,
512 3128 707 3190 quam
754 3105 838 3170 ob
886 3126 1025 3171 rem
1072 3106 1189 3170 abs
1238 3109 1305 3169 te
1352 3105 1424 3182 Q.
1471 3104 1785 3171 Hortensi
1831 3107 2099 3189 factum,
2149 3107 2376 3172 claris-

338 3194 489 3259 simi
534 3194 659 3258 viri
706 3196 901 3279 atque
949 3193 1370 3273 ornatissimi,
1415 3215 1548 3259 non
1585 3215 1654 3259 re
1659 3195 2113 3279 prehendatur,
2158 3215 2378 3279 repre-

335 3282 657 3347 hendatur
723 3283 983 3348 meum?
1082 3280 1284 3365 Nam,
1359 3283 1417 3347 si
1476 3286 1579 3347 est
1640 3284 1878 3347 initum
1948 3306 1989 3348 a
2051 3282 2122 3349 P.
2185 3281 2378 3349 Sulla
2409 3300 2462 3341 ³⁵

336 3371 681 3435 consilium
728 3371 1226 3436 inflammandae
1274 3370 1466 3435 huius
1514 3370 1727 3455 urbis,
1783 3370 2211 3457 extinguendi
2257 3371 2379 3437 im-

336 3458 528 3543 perii,
601 3458 906 3523 delendae
979 3459 1296 3544 civitatis,
1368 3459 1612 3523 mihine
1689 3459 2004 3524 maiorem
2076 3460 2200 3524 hae
2266 3482 2379 3527 res
