2534 3875
776 147 931 202 CAP.
973 152 1183 200 12—14
1221 152 1252 211 s
1290 153 1516 202 34-40.
2028 144 2159 210 353

127 290 352 356 Sullae
387 290 777 374 rettulisset3
825 290 1043 374 etiam,
1087 293 1164 354 ut
1201 291 1505 374 arbitror,
1551 312 1696 356 cum
1737 291 2159 356 auctoritates

124 379 494 464 principum
558 379 1021 444 coniurationis
1083 378 1168 443 ad
1231 378 1597 444 incitandos
1663 378 1914 444 animos
1978 378 2161 444 Allo·

123 469 409 552 brogum
467 466 805 552 colligeret
851 465 1146 550 CassiuS,
1202 470 1271 532 et
1316 489 1461 532 cum
1509 466 1705 532 sciret
1750 471 2005 532 exteras
2050 487 2161 532 na-·

124 557 343 620 tiones
380 555 656 620 maxime
693 554 1039 620 nobilitate
1075 555 1345 638 moveri,
1380 577 1517 620 non
1550 555 1733 639 prius
1764 555 2161 620 Autronium

77 663 330 728 squam
376 642 626 708 Sullam
683 642 1172 708 nominavisset.
1262 642 1406 708 Iam
1462 665 1615 708 vero
1671 642 1836 707 illud
1892 643 2159 726 probari
2198 673 2271 722 38

123 731 396 796 minime
467 734 716 816 potest,
790 729 1018 796 Gallos
1093 730 1419 796 Autronio
1482 730 1822 797 nominato
1896 734 2163 815 putasse

123 824 398 904 propter
444 819 842 884 calamitatis
883 819 1375 884 similitudinem
1414 819 1541 884 sibi
1579 819 1822 902 aliquid
1861 818 1938 882 de
1977 817 2163 884 Sulla

126 930 278 973 esse
332 906 797 991 quaerendum,
854 905 1080 972 Cassio
1090 958 1108 991 ,
1163 909 1220 972 si
1273 907 1382 972 hic
1427 910 1600 972 esset
1643 907 1714 972 in
1760 907 1987 972 eodem
2034 928 2165 972 sce-

127 998 292 1079 lere,
334 1016 417 1060 ne
463 1017 609 1060 cum
658 996 1061 1081 appellasset
1098 996 1357 1081 quidem
1395 994 1809 1079 Autronium,
1854 994 2049 1060 huius
2093 994 2165 1060 in

75 1105 90 1143 ›
127 1088 422 1149 mentem
474 1083 696 1150 venire
749 1084 1059 1167 potuisse.
1161 1082 1286 1149 Sed
1341 1087 1565 1150 tamen
1620 1083 1775 1168 quid
1828 1082 2165 1168 respondit

125 1175 216 1238 de
265 1171 447 1236 Sulla
492 1170 797 1236 Cassius?
890 1171 971 1237 Se
1016 1174 1266 1238 nescire
1314 1176 1580 1238 certum.
1654 1172 1830 1238 ‘Non
1877 1170 2163 1257 purgat',

122 1260 366 1344 inquit.
427 1259 582 1325 Dixi
629 1264 849 1326 antea:
896 1259 997 1325 Ne
1043 1261 1102 1326 si
1147 1264 1453 1347 argueret
1500 1259 1757 1344 quidem
1804 1263 1945 1325 tum
1994 1260 2167 1324 deni-

125 1371 282 1433 que,
325 1371 470 1414 cum
516 1353 689 1413 esset
723 1349 1188 1434 interrogatus,
1231 1350 1299 1414 id
1334 1348 1499 1414 mihi
1536 1349 1955 1414 criminosum
1994 1348 2169 1412 vide·-

121 1442 332 1502 retur.
425 1436 550 1502 Sed
613 1457 735 1522 ego
799 1437 869 1501 in
931 1436 1184 1502 indiciis
1242 1440 1309 1502 et
1360 1437 1431 1502 in
1486 1436 1976 1520 quaestionibus
2031 1459 2167 1501 non
2203 1468 2271 1517 39

71 1546 92 1586 5
126 1527 267 1591 hoc
325 1525 756 1609 quaerendum
816 1525 1125 1608 arbitror,
1186 1546 1345 1590 num
1400 1529 1716 1610 purgetur
1770 1525 1998 1609 aliqui,
2055 1524 2165 1590 sed

119 1637 296 1679 num
341 1617 670 1700 arguatur.
761 1612 1024 1679 Etenim
1079 1636 1227 1678 cum
1283 1634 1353 1678 se
1406 1616 1609 1699 negat
1665 1613 1827 1679 seire
1876 1612 2161 1695 Cassius,

123 1706 360 1767 utrum
425 1701 725 1766 sublevat
785 1700 1030 1767 Sullam
1097 1724 1180 1766 an
1236 1701 1399 1767 satis
1455 1702 1695 1786 probat
1752 1723 1821 1765 se
1876 1701 2166 1767 nescire?

125 1789 478 1855 ‘Sublevat
554 1788 725 1875 apud
797 1788 1062 1855 Gallos?
1155 1788 1327 1865 Quid
1396 1789 1537 1854 ita?
1641 1789 1766 1855 ‘Ne
1838 1787 2165 1855 indicent.’

125 1877 350 1955 Quid?
415 1879 474 1944 si
535 1877 894 1964 periculum
959 1899 1100 1944 esse
1163 1881 1485 1964 putasset,
1550 1899 1631 1943 ne
1695 1877 1794 1943 illi
1856 1899 2168 1963 umquam

69 1989 90 2028 w
123 1967 514 2050 indicarent,
559 1967 638 2031 de
685 1988 754 2031 se
797 1966 939 2052 ipse
984 1967 1318 2034 confessus
1367 1968 1583 2031 esset?
1675 1964 1951 2032 ‘Nesciit
1992 1967 2168 2031 vide-

122 2054 335 2121 licet?
441 2054 646 2121 Credo
714 2055 994 2121 celatum
1060 2076 1201 2122 esse
1262 2054 1564 2121 Cassium
1628 2056 1707 2119 de
1768 2052 1951 2120 Sulla
2010 2077 2167 2138 un03

121 2167 294 2210 nam
339 2144 416 2207 de
463 2143 691 2209 ceteris
740 2148 911 2209 certe
959 2143 1238 2228 sciebat3
1288 2144 1528 2209 etenim
1566 2143 1743 2208 domi
1788 2142 1923 2208 eius
1960 2144 2168 2228 plera·

126 2254 266 2317 que
321 2232 599 2297 conflata
655 2253 796 2297 esse
855 2232 1215 2297 constabat.
1310 2230 1435 2306 Qui
1478 2246 1718 2316 'negare
1762 2231 1979 2303 noluit
2026 2252 2167 2297 esse

121 2324 207 2386 in
275 2341 351 2385 eo
414 2341 683 2386 numero
750 2317 1028 2405 Sullam,
1093 2343 1218 2404 quo
1284 2321 1431 2403 plus
1496 2320 1634 2403 spei
1692 2318 1902 2385 Gallis
1967 2319 2171 2404 daret,

69 2429 90 2469 5
126 2410 355 2473 dicere
432 2412 650 2474 autem
713 2408 954 2473 falsum
1017 2430 1152 2473 non
1214 2429 1410 2473 ausus
1476 2411 1604 2491 est,
1674 2408 1924 2473 nescire
1989 2408 2169 2473 dixit.

123 2496 352 2581 Atqui
406 2497 530 2562 hoc
589 2496 1001 2581 perspicuum
1058 2502 1186 2581 est,
1241 2518 1390 2561 cum
1442 2496 1527 2579 is,
1584 2497 1695 2581 qui
1742 2496 1820 2561 de
1865 2496 2168 2561 omnibus

125 2585 385 2667 scierit,
448 2585 526 2649 de
585 2584 764 2650 Sulla
819 2607 889 2650 se
946 2585 1108 2650 seire
1162 2585 1450 2670 negarit,
1512 2585 1782 2649 eandem
1840 2606 1979 2650 esse
2035 2586 2168 2651 vim

121 2673 520 2759 negationis
573 2673 794 2755 huius,
849 2696 1042 2757 quam
1100 2674 1158 2738 si
1207 2676 1393 2737 extra
1439 2672 1951 2738 coniurationem
1997 2673 2170 2739 hunc

125 2784 284 2829 esse
333 2783 402 2826 se
447 2762 610 2828 scire
656 2760 944 2826 dixisset.
1005 2760 1180 2827 Nam
1226 2762 1407 2826 cuius
1454 2760 1795 2827 scientiam
1841 2764 1920 2826 de
1966 2762 2175 2826 omni-

69 2870 90 2911 ³
127 2854 264 2916 bus
323 2853 581 2915 constat
623 2848 855 2933 fuisse,
910 2849 1046 2914 eius
1091 2850 1423 2935 ignoratio
1471 2848 1549 2913 de
1596 2849 1817 2934 aliquo
1862 2849 2173 2936 purgatio

124 2939 340 3003 debet
381 2937 602 3004 videri.
695 2935 822 3002 Sed
865 2937 996 3003 iam
1044 2959 1178 3003 non
1223 2958 1464 3022 quaero
1475 2988 1492 3021 ,
1537 2941 1858 3023 purgetne
1905 2936 2170 3003 Cassius

125 3027 427 3110 Sullam3
481 3026 646 3091 illud
701 3025 865 3091 mihi
916 3029 1174 3092 tantum
1231 3025 1398 3091 satis
1452 3028 1555 3091 est
1564 3075 1583 3109 ,
1642 3027 1871 3090 contra
1918 3024 2171 3089 Sullam

121 3115 308 3181 nihil
359 3136 497 3179 esse
543 3114 613 3179 in
656 3113 913 3179 indicio.

273 3203 597 3269 Exclusus
669 3202 793 3267 hac
865 3202 1316 3268 criminatione
1381 3202 1748 3288 Torquatus
1812 3222 2035 3266 rursus
2099 3199 2170 3265 in
2194 3200 2278 3262 14

69 3310 90 3352 5
125 3315 244 3357 me
303 3292 523 3376 irruit,
579 3313 683 3355 me
739 3295 1026 3374 accusat3
1087 3291 1183 3355 ait
1227 3312 1331 3355 me
1378 3290 1597 3374 aliter,
1652 3310 1727 3355 ac
1774 3288 2018 3354 dictum
2065 3289 2172 3370 sit,
2208 3278 2281 3326 40

122 3382 205 3445 in
254 3379 524 3445 tabulas
568 3378 864 3463 publicas
901 3377 1249 3445 rettulisse.
1314 3376 1368 3443 Ο
1407 3378 1474 3442 di
1508 3376 1918 3441 inmortales!
1956 3374 2171 3463 (vobis

126 3468 320 3533 enim
359 3468 596 3551 tribuo,
635 3489 799 3552 quae
827 3470 1044 3533 vestra
1081 3470 1251 3551 sunt,
1288 3488 1406 3531 nec
1433 3487 1587 3531 vero
1615 3486 1884 3549 possum
1910 3468 2173 3531 tantum

248 3579 367 3621 cro.
394 3582 458 3624 11.
485 3582 523 3621 2.
1784 3574 1852 3623 23
