2534 3875
344 145 476 210 302
901 143 1045 199 PRO
1083 145 1145 199 L.
1182 143 1493 199 MURENA
1532 143 1815 200 ORATIO.

342 288 537 372 tinui,
582 289 752 354 sicut
794 288 988 354 huius
1033 288 1290 373 imperii
1335 287 1620 372 dignitas
1665 289 1734 352 in
1780 310 2034 354 summo
2080 288 2374 374 periculo

342 377 579 442 civium
623 377 1025 462 postulabat.
1098 374 1345 452 Quodsi
1387 379 1549 460 tum,
1594 399 1741 441 cum
1784 398 1889 442 res
1926 377 2188 462 publica
2233 378 2414 443 vim'

344 469 410 530 et
454 464 871 532 severitatem
918 464 1352 548 desiderabat,
1393 464 1522 529 vici
1555 467 1861 529 naturam
1899 469 1967 530 et
2001 469 2141 530 tam
2178 465 2375 530 vehe-

340 575 524 618 mens
568 552 691 636 fui,
760 575 956 638 quam
1011 553 1320 638 cogebar,
1374 574 1508 618 non
1563 574 1759 637 quam
1815 552 2141 636 volebam,
2196 553 2378 619 nun⁸c

341 664 489 706 cum
552 662 776 706 omnes
838 663 942 706 me
1006 662 1238 705 causae
1304 640 1385 705 ad
1449 640 1961 706 misericordiam
2021 646 2217 727 atque
2286 643 2374 706 ad
2405 659 2436 699 ⁵

340 728 819 795 humanitatem
891 733 1147 811 vocent,
1222 731 1472 812 quanto
1542 729 1805 794 tandem
1879 729 2094 796 studio
2159 729 2375 795 debeo

338 821 613 882 naturae
660 839 841 881 meae
888 816 1468 901 consuetudinique
1511 817 1798 882 servire?
1879 817 1977 882 Ac
2023 817 2102 882 de
2148 817 2374 883 officio

339 904 731 970 defensionis
778 926 961 970 meae
1007 926 1085 970 ac
1132 904 1209 970 de
1254 905 1513 970 ratione
1561 906 1996 972 accusationis
2037 909 2194 970 tuae
2235 905 2377 972 for-

338 997 514 1058 tasse
552 993 753 1058 etiam
790 992 921 1057 alia
956 992 1029 1056 in
1063 995 1251 1078 parte
1291 992 1605 1058 orationis
1633 993 1973 1058 dicendum
1998 993 2190 1060 nobis
2221 996 2376 1060 erit.

268 1097 300 1147 '1
474 1079 600 1145 Sed
645 1102 775 1162 me,
819 1081 1081 1164 iudices,
1124 1102 1259 1146 non
1304 1081 1520 1146 minus
1563 1080 1847 1146 hominis
1895 1082 2373 1166 sapientissimi
2404 1103 2458 1140 10

339 1172 535 1251 atque
592 1168 1017 1252 ornatissimi,
1072 1167 1207 1235 Ser.
1234 1166 1508 1254 Sulpici,
1564 1168 1942 1254 conquestio
1999 1191 2196 1254 quam
2243 1168 2371 1234 Ca-

337 1257 511 1321 tonis
568 1258 894 1322 accusatio
950 1258 1428 1339 commovebat,
1483 1256 1595 1342 qui
1645 1257 2030 1343 gravissime
2076 1261 2146 1322 et
2191 1279 2373 1323 acer-

337 1344 604 1410 bissime
649 1345 819 1410 ferre
861 1366 925 1410 se
969 1344 1135 1410 dixit
1180 1367 1282 1410 me
1328 1345 1798 1410 familiaritatis
1844 1345 2375 1412 necessitudinis-

338 1453 461 1516 que
509 1433 786 1498 oblitum
834 1455 1098 1499 causam
1142 1431 1215 1498 L.
1260 1433 1568 1498 Murenae
1613 1437 1842 1498 contra
1887 1455 1957 1500 se
2005 1433 2367 1501 defendere.

335 1518 506 1586 Huic
552 1542 702 1606 ego,
746 1521 1008 1604 iudices,
1055 1520 1479 1586 satisfacere
1525 1521 1715 1605 cupio
1759 1543 2007 1606 vosque
2054 1521 2369 1588 adhibere
2403 1542 2456 1584 ιε

336 1609 637 1674 arbitros,
726 1607 903 1674 Nam
956 1631 1104 1674 cum
1160 1629 1362 1692 grave
1407 1612 1508 1674 est
1553 1631 1701 1674 vere
1748 1609 2042 1676 accusari
2085 1609 2155 1674 in
2201 1612 2368 1676 ami-

335 1696 506 1781 citia,
534 1701 694 1782 tum,
723 1697 924 1763 etiam
952 1697 1011 1761 si
1036 1695 1205 1762 falso
1225 1697 1562 1780 accuseris,
1587 1719 1722 1762 non
1742 1702 1843 1762 est
1866 1698 2368 1784 neglegendum.

335 1784 479 1869 Ego
490 1835 508 1868 ,
572 1783 707 1851 Ser.
760 1783 1029 1869 Sulpici,
1091 1805 1197 1850 me
1258 1784 1330 1848 in
1394 1786 1710 1869 petitione
1771 1791 1886 1851 tua
1948 1786 2074 1851 tibi
2138 1788 2368 1852 omnia

336 1873 549 1939 studia
613 1877 808 1960 atque
874 1871 1091 1939 officia
1143 1894 1265 1958 pro
1321 1878 1550 1939 nostra
1600 1874 2072 1940 necessitudine
2129 1878 2198 1940 et
2250 1875 2366 1940 de-

334 1963 552 2028 buisse
618 1962 933 2028 confiteor
996 1965 1063 2026 et
1125 1962 1534 2047 praestitisse
1597 1963 1900 2029 arbitror.
1997 1961 2181 2028 Nihil
2234 1964 2365 2028 tibi
2397 1979 2456 2019 2⁰

335 2052 748 2116 consulatum
802 2049 1054 2135 petenti
1107 2072 1148 2115 a
1200 2071 1307 2115 me
1363 2049 1595 2131 defuit,
1650 2051 1822 2136 quod
1876 2056 2052 2117 esset
2105 2054 2220 2117 aut
2275 2053 2364 2117 ab

336 2140 543 2205 amico
621 2142 736 2203 aut
807 2161 848 2203 a
914 2137 1203 2223 gratioso
1269 2142 1385 2203 aut
1448 2161 1488 2203 a
1551 2139 1818 2207 consule
1927 2139 2365 2206 ostulandum.

336 2227 523 2291 Abiit
578 2226 739 2291 illud
798 2230 1084 2311 tempus3
1138 2229 1395 2290 mutata
1446 2227 1620 2291 ratio
1677 2230 1797 2292 est.
1932 2228 1992 2292 ic
2038 2227 2364 2313 existimo,

336 2314 429 2381 sic
456 2314 621 2379 mihi-
644 2314 1019 2400 persuadeo,
1056 2336 1160 2378 me
1188 2314 1316 2379 tibi
1343 2318 1572 2380 contra
1597 2314 1912 2380 honorem
1937 2316 2012 2381 L.
2032 2314 2364 2401 Murenae,

336 2406 654 2486 quantum
691 2406 765 2466 tu
801 2423 841 2466 a
875 2424 979 2466 me
1016 2403 1354 2487 postulare
1382 2424 1577 2467 ausus
1606 2403 1715 2486 sis,
1750 2406 2013 2469 tantum
2040 2403 2363 2489 debuisse,
2393 2419 2454 2461 2⁵

264 2507 297 2554 8
335 2493 565 2555 contra
610 2492 890 2555 salutem
929 2490 1095 2554 nihil
1134 2489 1384 2554 debere.
1448 2488 1673 2576 Neque
1711 2492 1901 2576 enim,
1946 2492 2005 2557 si
2039 2492 2162 2557 tibi
2198 2496 2363 2576 tum,

334 2598 480 2641 cum
532 2582 787 2663 peteres
854 2578 1292 2659 consulatum,
1350 2578 1554 2661 adfui,
1611 2600 1782 2645 nunc
1825 2602 1974 2645 cum
2018 2580 2364 2646 Murenam

331 2665 547 2747 ipsum
590 2668 797 2750 petaS‚
844 2665 1102 2730 adiutor
1147 2664 1374 2730 eodem
1418 2670 1610 2752 pacto
1657 2688 1798 2733 esse
1845 2667 2066 2734 debe0.
2139 2668 2362 2753 Atque

330 2752 456 2817 hoc
508 2774 642 2817 non
697 2752 889 2817 modo
937 2754 1124 2835 [non]
1173 2753 1456 2838 laudari,
1501 2754 1614 2819 sed
1659 2777 1740 2819 ne
1786 2755 2049 2821 concedi
2094 2756 2360 2841 quidem

332 2843 581 2924 potest,
661 2843 736 2904 ut
808 2840 1033 2906 amicis
1104 2842 1350 2907 nostris
1427 2843 1878 2909 accusantibus
1950 2865 2084 2909 non
2156 2844 2358 2909 etiam
2389 2861 2450 2903 ³⁰

256 2929 299 2994 4
335 2928 764 2993 alienissimos
829 2927 1265 2995 defendamus.
1361 2929 1524 2995 Mihi
1589 2933 1807 2997 autem
1861 2954 2009 2997 cum
2065 2930 2362 3017 Murena,

330 3016 591 3094 iudices,
629 3020 697 3081 et
732 3036 973 3101 magna
1011 3020 1078 3081 et
1113 3024 1302 3082 vetus
1338 3018 1630 3083 amicitia
1666 3023 1784 3104 est,
1822 3041 1986 3104 quae
2023 3020 2093 3084 in
2121 3021 2360 3106 capitis

333 3104 745 3170 dimicatione
792 3127 829 3169 a
869 3102 1000 3169 Ser.
1028 3102 1318 3189 Sulpicio
1363 3127 1495 3172 non
1531 3106 1769 3172 idcirco
1807 3110 2135 3193 obruetur,
2183 3110 2360 3193 quod

332 3194 416 3259 ab
464 3194 689 3259 eodem
734 3192 805 3257 in
848 3191 1114 3258 honoris
1163 3195 1578 3259 contentione
1623 3200 1930 3279 superata
1974 3199 2093 3263 est.
2175 3194 2358 3273 Quae

333 3282 390 3345 si
446 3303 643 3347 causa
699 3302 834 3346 non
888 3284 1086 3366 esset,
1143 3285 1368 3348 tamen
1420 3283 1525 3347 vel
1581 3282 1868 3368 dignitas
1914 3284 2203 3350 hominis
2251 3286 2356 3350 vel
2384 3300 2438 3343 ³⁶

328 3367 595 3435 honoris
653 3369 818 3452 eius,
884 3392 1074 3455 quem
1135 3370 1406 3455 adeptus
1462 3374 1590 3454 est,
1643 3371 2003 3455 amplitudo
2062 3394 2358 3439 summae

330 3457 493 3522 mihi
559 3458 898 3545 superbiae
965 3456 1495 3545 crudelitatisque
1548 3460 1796 3524 famam
1854 3458 2227 3545 inussisset,
2299 3462 2358 3527 si
