2534 3875
896 135 1052 190 CAP.
1092 141 1228 190 ⁷—9
1267 141 1298 200 g
1339 139 1564 190 ιιι-22.
2070 136 2203 200 465

179 280 408 365 pedior
454 278 570 346 On.
614 279 882 363 Pompei
925 279 1302 364 triumphis,
1360 279 1594 362 quibus
1640 279 1783 364 ille,
1838 301 1982 345 cum
2031 285 2204 346 esset

180 372 365 434 extra
410 368 701 433 ordinem
750 367 832 432 ad
867 368 1151 452 patriam
1190 366 1652 432 defendendam
1690 371 1976 452 vocatus,
2023 368 2204 434 auxit

177 478 419 522 nomen
471 456 700 542 populi
744 454 1024 520 Romani
1075 454 1547 540 imperiumque
1596 455 2000 540 honestavit,
2053 479 2200 522 con·

179 544 491 610 stantiam
527 544 753 629 probo,
791 565 920 628 qua
947 543 1109 607 mihi
1138 563 1392 627 quoque
1419 542 1730 607 utendum
1755 542 1902 626 fuit,
1930 566 2057 628 quo
2087 545 2200 610 ille

116 649 150 691 5
180 636 444 698 auctore
502 637 687 697 extra
733 631 1023 696 ordinem
1066 631 1312 696 bellum
1357 653 1504 695 cum
1549 629 1929 696 Mithridate
1975 631 2200 718 Tigra·

175 742 386 805 neque
454 721 674 806 gessit.
778 717 901 784 Sed
967 741 1112 783 cum
1166 719 1302 783 illis
1357 739 1622 804 possum
1680 724 1899 784 tamen
1956 720 2199 805 aliquid
2235 739 2308 788 20

178 808 540 893 disputare3
583 811 697 873 tua
742 828 895 872 vero
943 828 1105 890 quae
1150 810 1339 871 tanta
1382 806 1762 892 inpudentia
1807 811 1925 890 est,
1969 812 2044 872 ut
2090 831 2199 873 au-

180 897 333 960 deas
390 895 595 960 dicere
652 898 839 960 extra
894 894 1183 959 ordinem
1239 894 1381 958 dari
1435 894 1599 958 nihil
1653 895 1956 979 cuiquam
2014 917 2200 979 opor-

179 985 362 1049 tere?
428 982 552 1059 Qui
587 1005 736 1048 cum
773 984 917 1068 lege
953 982 1204 1047 nefaria
1229 981 1702 1068 Ptolomaeum,
1737 1004 1959 1069 regem
1987 982 2200 1069 Cypri,

92 1091 154 1130 10
180 1071 456 1136 fratrem
493 1071 668 1156 regis
697 1069 1141 1154 Alexandrini,
1178 1070 1402 1135 eodem
1429 1070 1568 1135 iure
1595 1075 1978 1156 regnantem
2004 1093 2201 1138 causa

177 1161 513 1244 incognita
576 1159 975 1244 publicasses
1039 1157 1480 1244 populumque
1536 1158 1903 1223 Romanum
1959 1160 2200 1225 scelere

179 1247 563 1334 obligasseS,
610 1269 755 1311 cum
799 1247 871 1310 in
914 1247 1053 1310 eius
1098 1267 1390 1347 regnum,
1435 1248 1626 1347 bona,
1670 1245 1965 1312 fortunas
2001 1248 2198 1313 latro-

179 1336 421 1400 cinium
458 1335 650 1399 huius
687 1335 944 1420 imperii
978 1334 1358 1412 inmisisseS‚
1403 1335 1582 1399 cuius
1619 1356 1766 1399 cum
1802 1339 2009 1420 patre,
2056 1358 2198 1421 avo,

178 1424 535 1489 maioribus
599 1423 876 1488 societas
938 1422 1129 1486 nobis
1194 1426 1262 1486 et
1327 1422 1612 1487 amicitia
1673 1422 1932 1507 fuisset,
2004 1423 2196 1490 huius

94 1528 149 1569 ιδ
177 1513 487 1597 pecuniae
526 1510 963 1594 deportandae
1002 1513 1085 1594 et,
1132 1510 1189 1575 si
1223 1511 1326 1574 ius
1365 1532 1552 1575 suum
1591 1509 1978 1596 defenderet,
2017 1511 2195 1579 bello

176 1598 459 1686 gerendo
496 1597 583 1663 M.
614 1597 926 1664 Catonem
968 1598 1356 1682 praefecisti.
1427 1597 1642 1663 Dices:
1689 1597 1918 1674 ‘Quem
1955 1600 2189 1665 virum!
2233 1619 2296 1668 21

176 1687 689 1770 sanctissimum,
752 1685 1360 1769 prudentissimum,
1423 1685 1882 1770 fortissimum,
1947 1689 2196 1753 amicis·

176 1776 415 1840 simum
478 1775 572 1839 rei
625 1775 956 1860 publicae,
1020 1774 1290 1857 virtute,
1353 1773 1652 1853 consilio,
1715 1775 1966 1840 ratione
2021 1776 2196 1841 vitae

178 1863 467 1928 mirabili
513 1861 593 1928 ad
641 1862 896 1928 laudem
944 1865 1011 1926 et
1055 1883 1257 1948 prope
1273 1824 1671 1947 singularil'
1749 1861 1872 1928 Sed
1920 1864 2076 1948 quid
2114 1864 2196 1929 ad

94 1970 150 2009 20
176 1956 261 2035 te,
308 1952 421 2037 qui
465 1972 666 2037 negas
712 1972 852 2017 esse
898 1972 1119 2015 verum
1166 1972 1556 2036 quemquam
1601 1950 1724 2015 ulli
1767 1952 1861 2017 rei
1896 1954 2194 2037 publicae

176 2045 362 2105 extra
417 2039 705 2104 ordinem
758 2040 1063 2124 praefici?
1153 2038 1383 2123 Neque
1439 2039 1509 2103 in
1553 2038 1677 2103 hoc
1723 2040 1933 2104 solum
1978 2041 2195 2106 incon·
2232 2046 2274 2109 9

178 2128 487 2193 stantiam
551 2127 870 2212 redarguo
934 2131 1144 2210 tuam,
1204 2129 1312 2192 sed
1369 2129 1555 2191 etiam
1608 2127 1678 2190 in
1729 2127 1872 2210 ipso
1930 2125 2194 2195 Catone.

176 2214 383 2291 Quem
437 2220 511 2279 tu
564 2215 632 2279 in
688 2236 763 2280 eo
820 2218 1054 2297 neyotio
1107 2236 1239 2279 non
1294 2237 1414 2300 pro
1461 2215 1638 2278 illius
1686 2213 2004 2301 dignitate
2048 2238 2196 2300 pro·

175 2304 480 2388 duxeras,
537 2302 649 2367 sed
702 2324 821 2387 pro
877 2306 992 2367 tuo
1050 2304 1290 2367 scelere
1347 2302 1774 2385 subduxeraS,
1828 2325 2018 2388 quem
2063 2306 2194 2370 tuis

97 2407 149 2448 2⁵
178 2390 443 2476 Sergiis,
490 2390 738 2475 Lolliis,
775 2390 965 2455 Titiis
1004 2390 1362 2474 ceterisque
1399 2389 1611 2455 caedis
1651 2394 1716 2454 et
1751 2353 2196 2457 incendiorum

177 2479 444 2544 ducibus
492 2479 818 2544 obieceras
831 2529 851 2563 ,
894 2500 1114 2580 quem
1132 2478 1498 2543 carnificem
1542 2478 1806 2562 civium,
1851 2501 2043 2562 quem
2095 2480 2196 2545 in-

176 2568 627 2632 demnatorum
679 2567 854 2633 necis
908 2567 1295 2652 principem,
1351 2588 1542 2650 quem
1596 2566 1995 2632 crudelitatis
2051 2590 2195 2635 auc·

174 2659 387 2720 torem
440 2655 642 2720 fuisse
696 2656 949 2720 dixeras
959 2705 976 2738 ,
1032 2654 1115 2719 ad
1168 2656 1339 2720 hunc
1382 2655 1694 2720 honorem
1742 2658 1809 2719 et
1851 2656 2194 2739 imperium

177 2747 359 2808 extra
425 2742 715 2808 ordinem
774 2743 1162 2809 nominatim
1216 2744 1557 2829 rogatione
1611 2745 1728 2807 tua
1783 2742 2074 2807 detulisti
2127 2748 2195 2809 et

96 2846 150 2888 ⁶0
180 2834 365 2895 tanta
406 2830 593 2895 fuisti
638 2831 1167 2917 intemperantia,
1211 2836 1285 2896 ut
1328 2831 1506 2895 illius
1551 2830 1651 2894 tui
1695 2830 1951 2913 sceleris
1997 2832 2194 2897 ratio·

175 2940 323 2983 nem
380 2920 703 2984 occultare
754 2940 889 2984 non
944 2940 1197 3004 posses3
1249 2919 1506 2984 litteras
1559 2919 1630 2983 in
1682 2918 1983 2984 contione
2037 2919 2193 2984 reci·
2231 2939 2300 2986 22

171 3007 365 3089 tasfi,
421 3027 580 3091 quas
626 3006 751 3070 tibi
797 3029 837 3071 a
882 3004 951 3071 O.
999 3006 1276 3072 Caesare
1323 3008 1554 3072 missas
1603 3006 1844 3072 diceres
1891 3006 2194 3073 ‘CAESAR

176 3094 555 3178 PULcnRo',
619 3116 765 3159 cum
832 3096 1030 3159 etiam
1086 3117 1154 3160 es
1211 3099 1700 3180 argumentatus
1755 3096 1996 3161 amoris
2052 3116 2192 3161 esse

177 3183 301 3248 hoc
338 3182 614 3267 signum,
648 3184 812 3265 quod
846 3184 1340 3267 cognominibus
1377 3188 1632 3248 tantum
1670 3187 1961 3249 uteretur
1988 3206 2194 3268 neque

98 3288 151 3328 3⁵
180 3270 573 3335 adscriberet
615 3268 778 3336 ‘pso
826 3270 1167 3336 consunn'
1216 3275 1330 3335 aut
1366 3270 1698 3337 ‘'rmntmo
1739 3271 2000 3356 rna-31⁹3
2045 3272 2196 3338 dein

179 3359 496 3444 gratulari
565 3358 717 3441 tibi,
789 3359 959 3442 quod
1028 3357 1116 3423 M.
1164 3356 1482 3424 Catonem
1551 3381 1594 3425 a
1664 3360 2004 3425 tribunatu
2074 3364 2190 3427 tuo

178 3446 565 3511 removisses
623 3449 687 3510 et
742 3445 914 3530 quod
970 3446 1030 3509 ei
1075 3445 1324 3510 dicendi
1368 3446 1439 3511 in
1483 3450 1814 3531 posterum
1861 3448 1939 3514 de
1985 3454 2196 3515 extra·

284 3557 392 3600 cto.
418 3559 483 3599 11.
508 3559 548 3599 ε.
1802 3557 1868 3605 30
