2534 3875
359 145 444 209 72
909 146 1051 200 PRO
1093 148 1158 201 A.
1197 144 1515 199 CAECINA
1555 145 1845 201 ORATIO.

352 289 495 353 iure
540 290 871 374 permulta
914 293 1279 373 praetereO,
1325 293 1549 353 tamen
1594 312 1696 355 me
1742 291 2001 374 longius
2050 312 2190 355 esse
2234 313 2396 375 pro-

354 377 644 461 lapsum,
700 400 893 463 quam
949 378 1118 441 ratio
1166 378 1369 441 vestri
1413 378 1632 441 iudicii
1677 380 2047 463 postularit.
2138 377 2393 443 Verum

353 466 422 529 id
465 465 618 547 feci,
672 488 803 531 non
862 488 989 549 quo
1045 487 1161 529 vos
1207 464 1380 529 hanc
1426 466 1493 529 in
1538 466 1661 530 hac
1707 488 1902 531 causa
1948 466 2394 531 defensionem

355 553 720 618 desiderare
766 555 1146 636 arbitrarer,
1205 554 1315 617 sed
1370 557 1447 617 ut
1493 575 1717 618 omnes
1764 554 2221 640 intellegerent
2265 577 2393 619 nec

353 641 729 725 ademptam
776 642 1078 725 cuiquam
1124 640 1457 705 civitatem
1506 663 1645 706 esse
1692 663 1900 725 neque
1940 644 2136 706 adimi
2172 664 2389 726 posse.
2426 661 2459 701 5

351 728 496 795 Hoc
543 752 687 794 cum
736 751 845 794 eos
895 730 1056 793 scire
1093 729 1294 811 volui,
1342 730 1575 812 quibus
1615 727 1800 795 Sulla
1834 731 2046 795 voluit
2081 731 2395 795 iniuriam

352 816 593 901 facere,
665 820 808 880 tum
879 840 1100 882 omnes
1166 820 1417 881 ceteros
1479 839 1685 882 novos
1750 823 2129 903 veteresque
2195 819 2393 883 cives,

350 904 580 989 Neque
627 906 800 969 enim
845 906 1017 969 ratio
1065 905 1284 969 afferri
1327 909 1564 989 potest,
1611 928 1741 989 cur,
1788 907 1844 970 si
1882 907 2180 992 cuiquam
2217 928 2391 971 novo

353 994 476 1057 civi
539 994 832 1077 potuerit
895 992 1093 1057 adimi
1156 994 1415 1076 civitas,
1487 1016 1621 1058 non
1694 995 1995 1059 omnibus
2068 995 2389 1079 patriciiS,
2526 1074 2528 1081 Ι

249 1097 350 1147 102
373 1081 675 1145 omnibus
731 1081 1204 1163 antiquissimis
1252 1082 1498 1145 civibus
1546 1082 1775 1166 possit.
1868 1081 2040 1146 Nam
2088 1082 2171 1146 ad
2215 1082 2388 1147 hanc
2425 1102 2487 1139 10

352 1167 613 1251 quidem
669 1191 932 1233 causam
987 1170 1151 1233 nihil
1206 1168 1334 1233 hoc
1390 1170 1782 1252 pertinuisse
1838 1172 2124 1255 primum
2182 1192 2263 1235 ex
2310 1192 2387 1235 eo

352 1256 652 1342 intellegi
706 1261 954 1341 potest,
1013 1257 1184 1342 quod
1239 1279 1358 1321 vos
1414 1258 1491 1321 de
1536 1279 1611 1322 ea
1654 1279 1723 1321 re
1768 1258 2053 1323 iudicare
2100 1280 2233 1323 non
2280 1258 2386 1323 de-

352 1344 552 1429 beti13
599 1345 824 1409 deinde
872 1346 1044 1430 quod
1093 1344 1279 1409 Sulla
1324 1347 1463 1429 ipse
1509 1346 1608 1410 ita
1652 1347 1811 1409 tulit
1857 1346 1935 1411 de
1982 1348 2265 1429 civitate,
2313 1351 2391 1410 ut

350 1454 483 1497 non
538 1434 880 1497 sustulerit
935 1433 1170 1497 horum
1225 1455 1394 1497 nexa
1450 1437 1644 1518 atque
1689 1434 2103 1500 hereditates,
2192 1433 2388 1499 Iubet

353 1521 528 1585 enim
575 1522 800 1585 eodem
846 1523 985 1585 iure
1033 1543 1192 1600 esse,
1240 1543 1368 1604 quo
1415 1520 1661 1585 fuerint
1697 1522 2174 1605 Ariminenses;
2222 1544 2386 1605 quos
2424 1540 2478 1580 15

353 1608 498 1691 quis
545 1608 811 1695 ignorat
857 1609 1194 1673 duodecim
1243 1609 1646 1673 coloniarum
1692 1610 1890 1674 fuisse
1938 1613 2004 1674 et
2050 1632 2090 1673 a
2135 1611 2389 1674 civibus

353 1696 666 1761 Romanis
720 1698 1115 1762 hereditates
1171 1718 1399 1780 capere
1456 1698 1792 1780 potuisse?
1884 1696 2127 1773 Quodsi
2186 1698 2391 1761 adimi

354 1785 582 1849 civitas
628 1785 706 1849 A.
754 1783 1067 1850 Caecinae
1115 1786 1260 1869 lege
1308 1786 1648 1869 potuisset,
1694 1786 1907 1871 magis
1956 1787 2141 1850 illam
2189 1788 2391 1851 ratio-

351 1894 502 1938 nem
540 1877 761 1938 tamen
799 1896 1023 1939 omnes
1062 1874 1219 1938 boni
1257 1895 1730 1958 quaereremuS,
1769 1895 1961 1958 quem
1984 1873 2081 1938 ad
2119 1875 2389 1940 modum

354 1963 908 2045 spectatissimum
971 1961 1641 2046 pudentissimumque
1704 1963 2062 2045 hominem,
2129 1984 2387 2027 summo
2420 1981 2477 2020 20
2528 2011 2530 2038 3

353 2050 647 2133 consilio,
693 2073 948 2114 summa
992 2051 1252 2132 virtute,
1300 2072 1553 2114 summa
1599 2051 1987 2116 auctoritate
2028 2051 2387 2116 domestica

351 2139 746 2222 praeditum,
801 2139 1090 2202 levatum
1145 2138 1385 2202 iniuria
1440 2139 1646 2204 civem
1704 2139 1981 2204 retinere
2027 2160 2391 2223 possemuS,

354 2248 551 2310 quam
605 2226 705 2291 uti
758 2248 958 2308 nunc,
1014 2248 1160 2290 cum
1219 2226 1297 2290 de
1352 2227 1491 2290 iure
1548 2225 1835 2291 civitatis
1880 2226 2048 2291 nihil
2096 2228 2390 2309 potuerit

353 2314 716 2399 deperdere,
764 2315 1108 2398 quisquam
1155 2315 1398 2378 existat
1443 2315 1571 2378 nisi
1617 2315 1733 2396 tui,
1780 2313 1989 2396 Sexte,
2037 2314 2272 2379 similis
2322 2319 2390 2379 et

355 2403 641 2467 stultitia
697 2405 762 2466 et
815 2402 1219 2485 inpudentia,
1276 2403 1386 2486 qui
1433 2402 1582 2467 huic
1630 2402 2003 2487 ademptam
2050 2403 2387 2467 civitatem
2416 2418 2471 2458 25

252 2506 352 2555 103
373 2512 515 2554 esse
554 2490 744 2555 dicat.
818 2489 942 2564 Qui
979 2491 1305 2573 quoniam,
1340 2494 1844 2574 recuperatoreS,
1882 2513 2068 2554 suum
2115 2490 2217 2555 ius
2254 2513 2389 2555 non

357 2578 639 2642 deseruit
672 2600 880 2661 neque
908 2579 1253 2661 quicquam
1290 2578 1469 2642 illius
1510 2579 1815 2643 audaciae
1853 2578 2389 2663 petulantiaeque

357 2666 691 2742 concessit,
729 2665 806 2729 de
842 2666 1093 2749 reliquo
1131 2666 1263 2728 iam
1302 2687 1711 2732 communem
1740 2688 2001 2731 causam
2029 2666 2388 2750 populique

249 2749 336 2814 36
356 2753 456 2817 ius
503 2752 571 2815 in
617 2756 834 2816 vestra
878 2753 1004 2816 fide
1052 2775 1126 2816 ac
1172 2752 1490 2838 religione
1537 2754 1819 2837 deponit.
1908 2753 1975 2818 Is
2020 2755 2219 2818 homo
2267 2759 2388 2838 est,

354 2841 450 2904 ita
496 2861 564 2904 se
609 2841 956 2923 probatum
1002 2841 1190 2904 vobis
1237 2842 1564 2924 vestrique
1613 2841 1934 2907 similibus
1973 2864 2227 2926 semper
2274 2864 2381 2906 vo·
2412 2859 2468 2898 30

354 2927 496 3010 luit,
531 2931 606 2990 ut
642 2928 708 2991 id
744 2949 875 2992 non
912 2928 1126 2993 minus
1163 2929 1233 2992 in
1267 2929 1391 2993 hac
1428 2951 1627 2994 causa
1663 2930 1998 3013 laborarit,
2044 2951 2127 2994 ne
2164 2929 2387 3013 inique

355 3015 741 3080 contendere
788 3015 1050 3101 aliquid,
1098 3039 1294 3099 quam
1339 3039 1421 3081 ne
1467 3017 1780 3082 dissolute
1817 3019 2181 3101 relinquere
2216 3018 2389 3082 vide-

355 3106 552 3185 retur,
596 3125 714 3168 nee
761 3103 975 3167 minus
1022 3108 1372 3188 vereretur,
1418 3127 1499 3169 ne
1548 3111 1960 3171 contemnere
2006 3105 2388 3190 Aebutium,

356 3213 551 3275 quam
596 3213 678 3256 ne
724 3192 804 3256 ab
851 3212 926 3256 eo
975 3195 1386 3277 contemptus
1433 3214 1572 3257 esse
1621 3194 2117 3258 existimaretur.
2528 3253 2530 3272 ,

253 3294 355 3344 104
491 3278 922 3363 Quapropter,
969 3280 1028 3343 si
1065 3280 1218 3364 quid
1265 3284 1449 3345 extra
1493 3281 1802 3346 iudicium
1849 3285 1967 3360 est,
2016 3281 2188 3365 quod
2233 3281 2385 3347 huic
2414 3298 2467 3339 35
2525 3283 2530 3308 ‘

354 3366 607 3430 homini
679 3368 1094 3432 tribuendum
1161 3369 1280 3449 sit,
1349 3369 1608 3434 habetis
1673 3370 2002 3435 hominem
2068 3369 2387 3453 singulari

355 3454 601 3537 pudore
651 3455 918 3534 [virtute
966 3455 1256 3540 cognita]
1306 3460 1372 3520 et
1420 3462 1714 3540 spectata
1768 3456 1920 3540 fide,
1976 3456 2386 3541 amplissimo
