2534 3875
706 163 860 220 CAP.
897 172 1038 222 4—6
1076 173 1108 234 ς
1147 172 1372 222 13—18.
1978 167 2109 233 239

87 311 397 376 multatio
461 311 805 395 bonorum,
870 311 1174 376 miserum
1241 312 1532 396 exilium3
1598 313 1709 377 sed
1766 318 1988 378 tamen
2042 314 2112 378 in

89 399 270 462 omni
313 399 687 464 calamitate
723 400 1040 464 retinetur
1078 400 1341 484 aliquod
1378 401 1729 487 vestigium
1766 402 2109 467 libertatis·

87 486 272 550 Mors
330 487 604 572 denique
664 488 721 551 si
778 488 1190 574 proponitur,
1247 489 1319 552 in
1377 489 1686 554 libertate
1738 491 2113 572 moriamur,

88 574 378 639 carnifex
451 598 604 641 vero
671 581 738 640 et
802 577 1106 642 obductio
1170 577 1403 660 capitis
1468 585 1535 642 et
1594 600 1832 642 nomen
1893 579 2108 662 ipsum

58 664 298 728 ¹crucis
345 664 519 729 absit
543 664 691 729 'non
737 664 930 730 modo
977 688 1018 729 a
1062 687 1331 750 corpore
1375 665 1613 730 civium
1650 665 2110 751 Romanorum,

87 753 203 816 sed
250 751 450 816 etiam
497 776 536 818 a
573 753 988 839 cogitatione,
1035 754 1256 836 oculiS,
1304 754 1584 818 auribus.
1648 753 1901 818 Harum
1938 756 2111 819 enim

87 841 381 904 omnium
448 863 664 906 rerum
727 863 862 906 non
917 842 1128 906 solum
1185 846 1453 906 eventus
1511 846 1707 926 atque
1760 844 2109 927 perpessiO,

86 928 200 992 sed
250 930 449 996 etiam
504 929 818 1013 condici0‚
884 930 1274 1014 expectatio,
1338 931 1582 995 mentio
1637 930 1783 1015 ipsa
1836 931 2109 1015 denique

85 1017 363 1102 indigna
416 1018 552 1082 cive
598 1017 893 1083 Romano
951 1022 1143 1102 atque
1201 1019 1465 1083 homine
1523 1019 1731 1084 libero
1788 1025 1901 1084 est.
2002 1020 2111 1084 An

58 1127 242 1170 =vero
283 1127 508 1171 servos
542 1110 806 1171 nostros
842 1106 1076 1171 horum
1115 1107 1582 1190 suppliciorum
1616 1108 1904 1172 omnium
1932 1113 2111 1173 metu

85 1193 500 1258 dominorum
579 1194 948 1280 benignitas
1011 1195 1298 1259 vindicta
1358 1218 1490 1260 una
1552 1196 1815 1279 liberat3
1887 1218 2007 1261 nos
2073 1219 2113 1261 a

83 1283 494 1365 verberibus,
554 1283 638 1347 ab
695 1305 889 1366 uncO,
947 1306 987 1348 a
1041 1285 1247 1348 crucis
1295 1284 1566 1367 denique
1609 1288 1858 1348 terrore
1902 1307 2110 1369 neque

83 1392 190 1434 res
269 1376 492 1456 gestae
561 1393 769 1455 neque
845 1376 990 1436 acta
1049 1376 1229 1436 aetas
1293 1393 1502 1455 neque
1566 1373 1768 1436 vestri
1829 1373 2110 1438 honores

85 1458 554 1523 vindicabunt?
645 1457 854 1534 Quam
900 1460 984 1523 ob
1031 1482 1168 1524 rem
1212 1460 1427 1525 fateor
1474 1464 1665 1543 atque
1713 1461 1940 1544 etiam,
1985 1461 2109 1526 La-

57 1547 310 1630 ·biene‚
363 1547 675 1632 profiteor
730 1552 795 1612 et
854 1569 1010 1631 prae
1065 1569 1167 1612 me
1222 1548 1364 1612 fero
1418 1552 1487 1612 te
1543 1570 1621 1611 ex
1674 1548 1794 1612 illa
1848 1550 2111 1633 crudeli,

84 1635 462 1718 inportuna,
507 1657 636 1700 non
683 1635 1034 1700 tribunicia
1071 1636 1342 1718 actione,
1388 1636 1501 1700 sed
1535 1636 1735 1721 regia,
1780 1659 1923 1701 meo
1962 1660 2111 1702 con-

87 1724 269 1806 silio,
319 1723 590 1805 virtute,
645 1724 1035 1789 auctoritate
1090 1745 1229 1788 esse
1290 1724 1647 1809 depulsum.
1738 1722 1878 1799 Qua
1922 1729 1998 1790 tu
2042 1726 2113 1790 in

86 1812 347 1876 actione
411 1834 804 1896 quamquam
861 1813 1080 1876 omnia
1135 1814 1429 1896 exempla
1482 1813 1830 1895 maiorum,
1898 1815 2111 1878 omnis

85 1901 299 1987 legeS,
354 1922 610 1966 omnem
657 1901 1113 1981 auctoritatem
1161 1907 1424 1966 senatus
1435 1952 1452 1985 ,
1508 1902 1717 1967 omnis
1762 1902 2110 1987 religiones

86 1994 288 2073 atque
325 1990 760 2072 auspiciorum
796 1990 1059 2074 publica
1094 1990 1238 2054 iura
1274 1991 1638 2076 neglexisti,
1675 1995 1894 2055 tamen
1932 2014 1972 2054 a
2007 2013 2111 2055 me

85 2077 256 2142 haec
314 2076 384 2141 in
451 2077 574 2142 hoc
638 2081 776 2142 tam
841 2079 1074 2164 exiguo
1130 2100 1274 2142 meo
1329 2084 1622 2163 tempore
1675 2102 1806 2142 non
1862 2079 2113 2163 audies3

85 2166 370 2229 liberum
407 2169 666 2249 tempus
701 2166 891 2231 nobis
931 2166 1192 2231 dabitur
1219 2166 1303 2231 ad
1328 2167 1527 2231 istam
1555 2166 2111 2250 disceptationem.

222 2254 416 2319 Nunc
461 2255 538 2318 de
576 2253 910 2319 Saturnini
953 2256 1220 2319 crimine
1266 2276 1343 2319 ac
1389 2254 1465 2319 de
1512 2255 1859 2319 clarissimi
1892 2256 2113 2339 patrui

84 2343 185 2407 tui
235 2346 446 2407 morte
493 2342 792 2407 dicemus.
857 2342 1100 2429 Arguis
1150 2344 1431 2408 occisum
1479 2364 1619 2407 esse
1667 2366 1706 2406 a
1744 2342 1811 2407 O.
1841 2344 2110 2409 Rabirio

84 2431 158 2495 L.
217 2429 657 2495 Saturninum.
745 2431 838 2495 Et
890 2432 958 2496 id
1017 2430 1084 2496 O.
1139 2431 1443 2496 Rabirius
1508 2432 1864 2496 multorum
1930 2434 2113 2496 testi-

87 2519 330 2583 moniis
393 2517 467 2594 Q.
521 2518 876 2584 Hortensio
949 2519 1394 2604 copiosissime
1469 2518 1848 2583 defendente
1922 2526 2115 2585 antea

83 2608 336 2671 falsum
400 2629 541 2671 esse
598 2608 842 2691 docuit3
906 2630 1028 2694 ego
1085 2613 1332 2691 autem,
1398 2609 1454 2672 si
1512 2607 1675 2671 mihi
1728 2610 1900 2672 esset
1953 2608 2115 2672 inte-

89 2718 306 2781 grum,
352 2696 746 2779 susciperem
789 2696 916 2761 hoc
960 2696 1222 2778 crimen,
1272 2717 1709 2782 agnoscerem,
1756 2696 2113 2763 confiterer.

85 2784 366 2849 Utinam
428 2784 598 2849 hanc
660 2784 823 2849 mihi
875 2783 1258 2849 facultatem
1314 2806 1513 2849 causa
1566 2784 1972 2868 concederet,
2040 2791 2116 2850 ut

62 2894 354 2956 possem
390 2873 514 2937 hoc
549 2872 938 2957 praedicare,
985 2870 1052 2937 O.
1081 2872 1308 2937 Rabiri
1346 2894 1542 2937 manu
1577 2872 1649 2937 L.
1678 2870 2116 2957 Saturninum,

85 2962 354 3025 hostem
424 2961 650 3046 populi
721 2960 1026 3044 Romani,
1095 2960 1539 3025 interfectum!
1604 2995 1688 3007 --
1754 2960 1939 3024 Nihil
2012 2984 2115 3026 me

89 3050 343 3113 clamor
399 3049 525 3113 iste
586 3054 975 3132 commovet,
1039 3049 1151 3112 sed
1209 3050 1607 3129 consolatur,
1670 3071 1815 3113 cum
1871 3049 2116 3113 indicat

89 3158 240 3201 esse
283 3137 599 3221 quosdam
645 3138 805 3203 civis
849 3137 1206 3220 imperitos,
1252 3137 1365 3201 sed
1408 3158 1542 3201 non
1570 3137 1848 3200 'multos
1913 3136 2113 3200 Num·

91 3247 321 3309 quam,
375 3224 539 3289 mihi
583 3226 850 3309 credite,
905 3226 1182 3308 populus
1229 3224 1563 3289 Romanus
1608 3224 1743 3306 hic,
1788 3223 1901 3307 qui
1947 3223 2118 3307 silet,

92 3315 427 3377 consulem
475 3336 577 3377 me
619 3313 910 3397 fecisset,
965 3314 1022 3377 si
1067 3317 1285 3378 vestro
1332 3313 1617 3377 clamore
1662 3313 2117 3395 perturbatum

89 3402 179 3465 iri
237 3402 675 3466 arbitraretur.
777 3400 1033 3477 Quanto
1090 3402 1224 3465 iam
1279 3400 1486 3465 levior
1545 3404 1645 3463 est
1700 3400 2113 3465 adclamatio!

93 3488 268 3567 Quin
349 3489 695 3555 continetis
767 3510 994 3556 vocem
1081 3489 1360 3554 indicem
1442 3487 1761 3553 stultitiae
1842 3490 2116 3572 vestrae,

2152 1475 2216 1524 17

2154 2312 2217 2360 18
