2534 3875
640 827 738 901 M.
799 828 1088 903 TULLI
1145 831 1648 907 CICERONIS

490 989 698 1076 PRO
761 993 851 1078 L.
919 993 1324 1080 FLACCO
1390 993 1800 1082 ORATIO.

842 1269 1435 1336 ARGUMENTUM.

263 1383 330 1437 L.
383 1381 644 1438 Valerius
709 1383 974 1454 Flaccus,
1046 1388 1144 1454 qui
1208 1388 1269 1442 in
1334 1389 1707 1460 opprimenda
1771 1389 2159 1446 coniuratione

77 1453 404 1512 Catilinae
461 1455 692 1523 eiusque
743 1456 1022 1511 sociorum
1076 1457 1152 1512 M.
1210 1458 1536 1514 Ciceronem
1586 1461 1874 1516 consulem
1929 1463 2159 1533 egregie

79 1525 448 1592 adiuverat,
487 1541 634 1608 anno
667 1542 725 1608 ,¹²⁰
765 1541 810 1580 c.
851 1533 952 1582 691
995 1531 1147 1583 sorte
1183 1531 1383 1585 nactus
1422 1533 1547 1612 erat
1581 1532 1774 1614 Asiam
1810 1531 2160 1616 provinciam

73 1611 361 1747 {1³33ssss
398 1612 989 1735 οὲἒὲἶᾜῖἒὲἶηῶῗὲὲ
1020 1602 1190 1724 ..2222
1217 1601 2157 1741 3ε1ῃξᾝῗωῗέῗὲῃξθιὲὲῗῗὲῗ

73 1738 564 1795 ministraverat.
649 1740 812 1792 Anno
877 1742 1010 1809 post
1055 1757 1181 1795 cum
1230 1743 1285 1795 ei
1330 1742 1693 1798 successisset
1740 1741 1803 1808 Q.
1844 1743 2037 1799 Cicero
2084 1748 2156 1812 (v.

77 1812 227 1868 cic.
265 1807 344 1862 ad
382 1808 497 1863 Att.
528 1806 556 1860 I
595 1814 677 1863 15.
712 1811 783 1878 1),
819 1807 1058 1864 Romam
1097 1812 1283 1868 rediit.
1341 1811 1451 1866 Hic
1487 1813 1883 1882 provinciales,
1921 1830 2159 1884 quorum

75 1877 427 1939 commoda
462 1878 722 1947 laeserat,
759 1881 826 1934 ut
861 1897 1021 1934 suam
1055 1898 1174 1937 rem
1213 1885 1465 1953 augeret,
1503 1885 1565 1940 L.
1604 1884 1807 1940 Flacco
1847 1886 2157 1941 accusatio-

71 1969 246 2011 nem
297 1949 374 2005 de
417 1951 671 2019 pecuniis
715 1952 1043 2021 repetundis
1091 1970 1294 2023 parare
1342 1954 1680 2009 studuerunt
1716 1971 1895 2025 eoque
1931 1955 2157 2011 facilius

69 2023 595 2093 impetraverunt,
663 2023 729 2076 ut
792 2038 916 2077 eam
972 2026 1390 2079 accusationem
1445 2025 1512 2079 D.
1566 2025 1793 2082 Laelius
1849 2027 1995 2082 susci
2038 2030 2161 2083 eret

75 2108 362 2161 eamque
399 2090 803 2161 subscriptores
842 2092 1175 2149 adiuvarent
1209 2096 1272 2150 L.
1300 2095 1514 2150 Balbus
1553 2098 1612 2151 et
1646 2098 1957 2167 Appuleius
2049 2099 2157 2153 eci-

73 2181 287 2231 anus,
351 2164 499 2230 quod
550 2163 613 2217 L.
649 2162 884 2218 Flaccus
933 2166 1168 2235 propter
1216 2168 1465 2236 partium
1524 2167 1774 2221 studium
1828 2166 2155 2222 inimicitias

69 2236 431 2293 multorum
465 2236 826 2289 contraxerat
861 2234 1093 2303 eiusque
1129 2235 1526 2291 condemnatio
1563 2238 1731 2291 facile
1767 2237 1964 2308 perfici
1989 2255 2155 2309 posse

67 2305 440 2362 videbatur.
517 2304 656 2367 Cum
701 2305 770 2361 D.
806 2306 1033 2361 Laelius
1090 2307 1165 2360 ad
1209 2307 1608 2377 investiganda
1654 2308 1888 2363 crimina
1932 2326 2155 2378 compa-

67 2378 439 2443 randasque
486 2373 710 2430 litteras
757 2393 824 2430 ac
867 2377 1221 2445 testimonia,
1272 2378 1474 2447 quibus
1522 2379 1945 2433 accusationem
1980 2380 2155 2434 stabi-

67 2449 277 2513 litet,
329 2445 572 2500 multum
619 2446 728 2500 sibi
772 2446 1048 2517 temporis
1096 2449 1453 2519 sumpsisset,
1500 2446 1776 2503 iudicium
1823 2449 2047 2505 demum
2095 2450 2152 2505 C.

67 2518 261 2575 Iulio
294 2516 537 2572 Caesare
565 2515 640 2571 M.
670 2515 972 2587 Calpurnio
1000 2517 1204 2573 Bibulo
1244 2536 1384 2574 coss.
1424 2536 1572 2573 anno
1599 2537 1651 2574 u.
1675 2526 1780 2575 695
1806 2518 2021 2575 factum
2050 2522 2153 2588 est,

65 2607 218 2660 quo
270 2588 340 2642 in
387 2586 601 2642 iudicio
649 2587 710 2643 L.
748 2586 1011 2642 Flaccum
1055 2592 1282 2659 praeter
1329 2588 1391 2655 Q.
1440 2590 1828 2659 Hortensium,
1876 2592 2034 2645 cuius
2082 2590 2154 2645 de

69 2659 378 2716 oratione
399 2656 748 2740 ‚conferatur
785 2658 1068 2714 Ciceronis
1114 2659 1188 2741 ad
1227 2660 1479 2715 Atticum
1500 2662 1691 2741 epist.
1731 2660 1784 2714 H
1824 2667 1906 2715 15.
1923 2668 1999 2743 ·1,
2048 2661 2157 2716 hac

65 2747 268 2858 {31⁹}
303 2745 776 2880 sfflztffiffiff
794 2730 2159 2873 1{3323⁰3232}ms.¹}2¹3d;2”33¹3q.¹.³2102¹353

63 2874 336 2928 tionem
371 2870 627 2939 perfecit.
699 2868 832 2925 v1c1.
870 2870 1117 2926 Macrob.
1165 2872 1387 2927 Saturn.
1426 2872 1480 2926 II
1520 2881 1567 2929 1.
1610 2879 1692 2929 18.

242 3172 420 3239 Cum
474 3172 546 3238 in
601 3172 904 3238 maximis
960 3174 1262 3259 periculis
1318 3173 1511 3238 huius
1572 3173 1753 3238 urbis
1803 3176 1997 3257 atque
2041 3171 2156 3237 im-

57 3262 312 3350 perii,
361 3260 754 3348 gravissimo
803 3266 998 3346 atque
1047 3262 1467 3327 acerbissimo
1515 3261 1612 3325 rei
1655 3260 1957 3346 publicae
2002 3282 2156 3325 casu

57 3350 288 3417 socio
345 3354 545 3435 atque
585 3349 881 3415 adiutore
919 3350 1340 3415 consiliorum
1378 3348 1944 3436 periculorumque
1983 3370 2155 3414 meo·

51 3462 250 3506 rum
320 3437 394 3504 L.
449 3437 684 3504 Flacco
750 3438 1012 3504 caedem
1076 3460 1118 3503 a
1171 3438 1389 3523 vobis,
1453 3437 1841 3523 coniugibus
1849 3488 1869 3522 ,
1933 3437 2157 3503 liberis

1723 3542 1834 3595 25*

2189 3151 2225 3275 ἒ
