2534 3875
817 925 910 999 M.
970 926 1256 998 TULLI
1312 926 1805 1002 CICERONIS

436 1086 817 1173 ORATIO
880 1043 1007 1173 IN'
1057 1090 1634 1175 CATILINAM
1697 1090 2185 1178 SECUNDA

990 1261 1121 1334 AD
1175 1261 1645 1335 POPULUM.

1007 1528 1406 1588 ARGUMEN
1410 1529 1600 1589 TUM.

441 1643 580 1700 Cum
616 1657 685 1698 ea
719 1643 919 1705 oratio,
959 1660 1128 1714 quam
1154 1643 1230 1699 M.
1252 1644 1470 1698 Tullius
1506 1644 1566 1698 in
1603 1646 1805 1699 senatu
1841 1643 1903 1698 in
1930 1644 1991 1700 L.
2013 1644 2321 1701 Catilinam

296 1716 651 1782 praesentem
695 1731 746 1769 a.
784 1713 839 1769 d.
875 1713 954 1767 VI
989 1713 1071 1770 Id.
1107 1714 1454 1770 Novembres
1490 1713 1718 1784 habuit,
1765 1731 1802 1769 a
1838 1715 2194 1771 senatoribus
2233 1717 2322 1772 ita

297 1784 494 1839 audita
546 1786 721 1854 esset,
776 1786 842 1839 ut
882 1784 1138 1854 plerique
1182 1785 1401 1840 consuli
1447 1785 1864 1841 adsentirentur
1906 1788 1967 1841 et
2011 1785 2322 1842 Catilinam

296 1855 519 1911 hostem
571 1855 792 1926 patriae
847 1857 1016 1924 atque
1062 1856 1404 1925 parricidam
1451 1857 1834 1926 appellarent,
1888 1855 1988 1912 ille
2034 1873 2065 1911 e
2114 1859 2320 1912 senatu

297 1943 554 1995 egressus
607 1926 971 1998 proximaque
1024 1929 1191 1983 nocte
1243 1927 1457 1983 relictis
1510 1930 1572 1984 P.
1627 1926 1892 1996 Lentulo,
1948 1927 2007 1985 0.
2062 1925 2318 2000 Cethego

298 1996 536 2067 aliisque
580 1996 641 2052 in
685 1998 823 2051 urbe
870 1998 1062 2067 sociis,
1112 1998 1209 2068 qui
1245 2015 1340 2067 ea,
1386 2000 1457 2054 de
1493 1998 1697 2067 quibus
1735 2000 2114 2065 convenisset,
2161 2017 2320 2056 exses-

294 2071 611 2137 querentnr,
648 2068 722 2123 ad
758 2069 1031 2123 Manlium
1066 2071 1354 2139 profectus
1393 2071 1530 2125 erat.
1601 2069 1884 2126 Postridie
1923 2069 2045 2125 eius
2082 2070 2199 2127 diei
2235 2072 2313 2127 M.

296 2140 488 2195 Cicero
526 2140 785 2194 contione
821 2143 1147 2208 convocata,
1184 2142 1250 2194 ut
1283 2140 1555 2211 populum
1591 2140 1662 2195 de
1696 2141 1768 2195 iis
1796 2142 1980 2210 rebus,
2018 2157 2162 2209 quae
2193 2144 2313 2211 agi-

262 2211 585 2280 -tabantur,
633 2209 893 2266 edoceret
928 2212 989 2264 et
1022 2210 1293 2266 invidiam
1331 2228 1368 2266 a
1401 2226 1462 2266 se
1499 2211 1916 2281 deprecaretur,
1955 2214 2128 2283 hanc,
2166 2228 2315 2281 quae

296 2282 444 2336 infra
478 2280 710 2351 legitur,
749 2282 1063 2335 orationem
1098 2282 1318 2337 habuit.

222 2516 258 2579 l
429 2532 717 2597 Tandem
754 2532 1119 2617 aliquand0‚
1154 2530 1458 2617 Quirites,
1492 2532 1563 2598 L.
1593 2530 1945 2599 Catilinam
1980 2532 2311 2599 furentem

229 2592 258 2640 ¹
298 2619 589 2701 audacia,
654 2619 861 2685 scelus
927 2620 1368 2704 anhelantem,
1438 2624 1691 2707 pestem
1754 2621 2008 2705 patriae
2065 2622 2316 2687 nefarie

296 2707 699 2792 molientem,
760 2708 945 2773 vobis
1009 2713 1201 2793 atque
1266 2708 1419 2775 huic
1481 2709 1630 2774 urbi
1685 2709 1857 2775 ferro
1919 2710 2312 2796 flammaque

295 2793 709 2860 minitantem
772 2817 851 2860 ex
913 2796 1072 2861 urbe
1127 2796 1231 2861 vel
1296 2797 1601 2863 eiecimus
1658 2798 1762 2864 vel
1817 2798 2151 2864 emisimus
2208 2800 2314 2864 vel

293 2885 509 2969 ipsum
580 2883 1014 2969 egredientem
1078 2885 1296 2949 verbis
1368 2886 1694 2969 prosecuti
1765 2906 2004 2952 sumuS.
2051 2939 2055 2944 .
2102 2886 2310 2971 Abiit,
2341 2902 2368 2943 ⁵

296 2971 591 3054 excessit,
626 2972 851 3056 evasit,
895 2973 1124 3057 erupit.
1187 2971 1388 3039 Nulla
1421 2974 1551 3039 iam
1587 2975 1903 3059 pernicies
1941 2996 1980 3039 a
2017 2979 2314 3041 monstro

294 3061 409 3126 illo
456 3063 651 3145 atque
696 3060 997 3146 prodigio
1044 3061 1380 3127 moenibus
1426 3062 1588 3147 ipsis
1633 3064 1810 3127 intra
1846 3063 2102 3128 moenia
2139 3085 2315 3129 com-

294 3148 644 3234 parabitur.
756 3150 974 3234 Atque
1044 3150 1217 3215 hunc
1291 3150 1550 3234 quidem
1623 3172 1821 3216 unum
1892 3151 2084 3216 huius
2150 3152 2316 3218 belli

297 3237 633 3303 domestici
670 3237 895 3303 ducem
933 3237 1070 3303 sine
1108 3239 1554 3305 controversia
1587 3238 1880 3305 vicimus.
1946 3236 2096 3305 Non
2135 3242 2314 3306 enim

294 3326 427 3392 iam
486 3327 657 3391 inter
711 3327 919 3391 latera
972 3330 1199 3392 nostra
1254 3328 1392 3393 sica
1444 3328 1560 3392 illa
1618 3327 2011 3412 versabitur,
2063 3349 2199 3393 non
2243 3329 2316 3393 in
2344 3345 2399 3385 1⁰

296 3435 554 3498 camp0,
597 3436 730 3479 non
776 3416 845 3479 in
886 3415 1061 3500 foro,
1105 3438 1239 3480 non
1283 3416 1355 3479 in
1399 3415 1598 3500 curia,
1639 3437 1773 3481 non
1817 3416 2090 3501 denique
2135 3416 2318 3482 intra

293 3500 682 3568 domesticos
736 3504 1017 3588 parietes
1073 3503 1620 3587 pertimescemus.
1714 3504 1886 3569 Loco
1932 3504 2046 3569 ille
2093 3509 2317 3569 motus
