2534 3875
822 877 918 952 M.
976 877 1262 951 TULLI
1318 875 1812 953 CICERONIS

502 1039 884 1128 ORATIO
946 1041 1061 1126 IN
1126 1039 1695 1129 CATILINAM
1755 1038 2142 1126 TERTIA

999 1213 1129 1286 AD
1182 1213 1654 1287 POPULUM.

1214 1372 1427 1380 ——w

1020 1479 1609 1541 ARGUMENTUM.

453 1595 759 1667 Aliquanto
803 1596 935 1666 post
978 1612 1149 1664 quam
1192 1596 1334 1651 haec
1369 1597 1535 1666 gesta
1562 1597 1748 1663 erant,
1799 1612 1926 1650 cum
1960 1595 2139 1665 legati
2174 1594 2339 1660 Allo·⁸

308 1670 565 1740 brogum,
604 1670 701 1737 qui
736 1683 773 1722 a
819 1667 1059 1722 Lentulo
1096 1668 1361 1736 temptati
1387 1668 1461 1720 M.
1483 1667 1747 1722 Cicerone
1785 1669 2015 1721 auctore
2052 1665 2242 1720 favere
2273 1681 2341 1720 se

314 1739 689 1796 coniurationi
724 1738 1143 1804 simulaverant,
1183 1740 1449 1792 exeuntes
1488 1754 1555 1792 ex
1589 1737 1728 1792 urbe
1767 1755 1894 1792 cum
1929 1737 1992 1793 Τ.
2019 1737 2338 1803 Volturcio,

313 1812 412 1881 qui
446 1813 571 1867 erat
606 1827 643 1866 a
666 1809 906 1864 Lentulo
946 1808 1020 1863 ad
1049 1807 1351 1864 Catilinam
1378 1808 1598 1874 missus,
1633 1811 1694 1862 in
1720 1809 1892 1876 ponte
1920 1808 2131 1862 Mulvio
2161 1808 2338 1862 nocte

312 1881 700 1954 comprehensi
744 1881 935 1937 essent
976 1879 1326 1949 litteraeque,
1365 1895 1510 1949 quae
1557 1879 1628 1933 ab
1666 1878 1924 1947 Lentulo,
1963 1877 2234 1948 Cethego,
2271 1877 2336 1933 P.

315 1954 557 2011 Gabinio
613 1952 836 2007 Cimbro
889 1950 963 2005 ad
1019 1951 1324 2007 Catilinam
1375 1952 1722 2019 ferebantur,
1772 1950 2024 2006 Ciceroni
2067 1950 2337 2019 traditae,

312 2026 363 2080 is
410 2022 693 2079 arcessitis
744 2021 1144 2078 coniurationis
1180 2022 1528 2091 principibus
1567 2024 1820 2076 senatum
1856 2022 1916 2075 in
1953 2020 2151 2076 aedem
2189 2021 2336 2075 Con-

314 2096 540 2151 cordiae
578 2093 767 2165 coegit
802 2093 882 2147 III
917 2093 1063 2148 Non.
1092 2091 1444 2148 Decembres.
1518 2092 1605 2146 Ibi
1642 2109 1769 2147 cum
1802 2092 1984 2162 legati
2018 2093 2079 2146 et
2103 2091 2335 2146 Voltur-

316 2168 435 2221 cius
472 2180 695 2222 omnem
729 2181 851 2219 rem
885 2164 1245 2232 indicassent,
1284 2164 1560 2218 coniurati
1593 2162 1802 2217 litteris
1831 2163 1948 2216 suis
1985 2162 2233 2218 convicti
2269 2163 2336 2217 in

315 2238 630 2293 custodiam
676 2235 799 2290 dati
843 2238 997 2301 sunt,
1045 2233 1300 2290 Ciceroni
1347 2236 1535 2289 autem
1621 2233 1800 2288 ratiae
1851 2250 1886 2289 a
1933 2235 2132 2289 senatu
2173 2235 2337 2289 actae

317 2306 763 2379 supplicatioque
808 2305 1035 2361 decreta
1079 2306 1180 2361 est.
1264 2303 1478 2369 Quibus
1523 2320 1583 2359 re
1623 2322 1686 2359 us
1731 2304 1977 2375 peractis
2026 2304 2221 2360 Cicero
2275 2304 2339 2357 in

317 2379 637 2434 contionem
673 2375 886 2447 prodiit
921 2377 981 2431 et
1016 2375 1250 2445 popule,
1299 2390 1441 2443 quae
1479 2378 1611 2430 acta
1648 2377 1863 2444 essent,
1912 2375 2174 2447 exposuit
2209 2375 2339 2443 hac,

318 2465 463 2518 quae
497 2447 645 2503 infra
680 2448 914 2517 legitur,
953 2446 1221 2502 oratione.

248 2683 281 2807 ξ
453 2698 615 2762 Rem
642 2697 989 2782 publicam,
1016 2696 1321 2777 Quirites,
1354 2697 1684 2783 vitamque
1715 2698 2003 2763 omnium
2030 2700 2342 2781 vestrum,

320 2788 510 2868 bona,
553 2785 870 2868 fortunaS,
915 2787 1221 2868 coniuges
1268 2786 1640 2869 liberosque
1686 2791 1938 2851 vestros
1983 2789 2178 2870 atque
2215 2786 2342 2851 hoc

322 2874 723 2940 domicilium
788 2873 1153 2938 clarissumi
1207 2873 1490 2959 imperii,
1553 2874 2142 2939 fortunatissimam
2198 2874 2342 2958 pul-

321 2964 834 3045 cherrimamque
862 2962 1105 3045 urbem,
1130 2962 1440 3027 hodierno
1470 2962 1572 3026 die
1600 2962 1864 3027 deorum
1891 2962 2342 3026 inmortalium

322 3072 575 3117 summo
622 3071 781 3135 erga
826 3071 942 3115 vos
980 3071 1224 3133 amore,
1271 3050 1635 3136 laboribus,
1679 3052 1988 3135 consiliis,
2033 3050 2340 3136 periculis
2368 3070 2397 3109 s

322 3143 483 3206 meis
530 3161 565 3204 e
609 3139 873 3205 flamma
918 3143 1111 3224 atque
1155 3139 1331 3204 ferro
1381 3162 1456 3204 ac
1502 3161 1705 3225 paene
1753 3162 1829 3204 ex
1875 3140 2170 3204 faucibus
2215 3138 2341 3202 fati

324 3233 614 3313 ereptam
670 3232 736 3293 et
791 3228 979 3293 vobis
1033 3231 1479 3292 conservatam
1537 3249 1610 3293 ac
1664 3228 2038 3293 restitutam
2081 3225 2343 3292 videtis·

250 3335 283 3383 2
321 3317 412 3381 Et
459 3318 515 3382 si
557 3338 692 3381 non
735 3318 947 3381 minus
991 3316 1181 3381 nobis
1226 3316 1485 3382 iucundi
1523 3319 1717 3400 atque
1753 3316 2062 3381 inlustres
2102 3318 2255 3379 sunt
2293 3315 2343 3379 ii

323 3406 476 3488 dies,
515 3405 747 3490 quibus
794 3426 1264 3487 conservamur,
1313 3427 1507 3489 quam
1552 3404 1669 3488 illi,
1717 3404 1949 3489 quibus
1995 3402 2342 3489 nascimur,

324 3494 495 3577 quod
550 3493 781 3559 salutis
835 3498 1011 3559 certa
1066 3494 1321 3559 laetitia
1367 3499 1490 3579 est,
1548 3492 1854 3557 nascendi
1896 3493 2144 3557 incerta
2189 3512 2341 3556 con·
2373 3508 2424 3549 ιο
