2534 3875
589 136 746 191 CAP.
773 142 832 207 6,
872 144 903 191 6
942 144 971 203 s
1016 142 1240 194 11—16.
1870 135 1955 199 79

0 278 278 364 etudine,
323 283 514 344 tanta
549 279 985 363 humanitate,
1041 283 1117 347 ut
1162 280 1212 345 ii
1256 279 1624 346 beatissimi
1671 301 1814 346 esse
1860 280 1955 346 vi-

0 372 213 451 antur,
259 368 432 454 apud
480 390 643 451 quos
688 367 798 433 ille
846 368 1210 434 diutissime
1257 372 1718 434 commoratur.

47 454 286 539 Quare,
332 456 391 520 si
435 460 708 540 propter
753 457 964 523 socios
1002 458 1187 523 nulla
1220 455 1351 541 ipsi
1387 456 1630 521 iniuria
1666 437 2031 561 lacessitif*

0 544 201 609 tiores
267 544 481 609 nostri
556 566 705 609 cum
767 544 1128 628 Antioche,
1192 567 1340 610 cum
1407 544 1741 631 Philippo,
1806 567 1954 611 cum

0 632 194 713 molis,
232 654 379 698 cum
415 632 652 698 Poenis
689 634 864 697 bella
902 636 1264 719 gesserunt,
1304 637 1550 718 quanto
1586 655 1705 699 vos
1736 633 1954 699 studio

0 720 226 785 nvenit
290 720 546 785 iniuriis
615 726 1008 806 provocatos
1078 722 1405 787 sociorum
1473 722 1757 787 salutem
1824 744 1955 787 una

0 831 60 873 m
101 809 358 893 imperii
397 808 602 873 vestri
638 808 959 894 dignitate
998 807 1356 886 defendere,
1392 809 1780 894 praesertim
1810 831 1955 875 cum

48 896 356 961 maximis
409 897 648 962 vestris
704 897 1138 981 vectigalibus
1195 898 1475 982 agatur?
1559 896 1741 981 ,Nam
1787 901 1953 964 cete-

0 1007 140 1051 rum
193 984 677 1069 provinciarum
733 986 1114 1072 vectigalia,
1170 984 1483 1069 Quirites,
1537 990 1725 1052 tanta
1781 989 1955 1068 sunt,

41 1072 128 1137 iis
185 1072 268 1138 ad
313 1074 494 1157 ipsas
538 1075 913 1159 provincias
960 1074 1272 1139 tutandas
1319 1074 1428 1139 vix
1474 1073 1764 1140 contenti
1811 1096 1953 1139 esse

3 1160 270 1244 ssimUS,
329 1160 492 1226 Asia
538 1183 692 1229 vero
740 1166 879 1229 tam
916 1163 1138 1247 opima
1180 1166 1285 1228 est
1330 1184 1405 1228 ac
1448 1161 1719 1245 fertilia,
1764 1167 1842 1228 ut
1887 1166 1954 1228 et

7 1254 217 1314 ertate
255 1270 566 1335 agrorum
603 1254 672 1314 et
697 1250 1018 1316 varietate
1045 1250 1377 1317 fructuum
1406 1254 1473 1315 et
1501 1250 1953 1337 magnitudine

0 1337 236 1402 stionis
300 1342 368 1403 et
421 1337 842 1403 multitudine
909 1360 1134 1403 earum
1194 1361 1439 1422 rerum,
1505 1361 1668 1423 quae
1724 1361 1952 1423 expor-

0 1430 166 1509 itur,
217 1425 411 1491 facile
459 1426 763 1491 omnibus
809 1428 1002 1492 terris
1050 1428 1421 1492 antecellat.
1512 1427 1742 1512 Itaque
1789 1428 1949 1492 haec

0 1514 105 1579 bis
141 1514 498 1599 provincia,
535 1513 846 1597 Quirites,
883 1516 941 1579 si
979 1520 1044 1580 et
1082 1516 1240 1581 belli
1276 1515 1636 1581 utilitatem
1678 1519 1743 1581 et
1769 1515 1951 1600 pacis

0 1604 312 1688 {nitatem
371 1602 654 1667 retinere
717 1603 946 1685 vultiS,
1010 1626 1143 1668 non
1206 1603 1402 1669 modo
1458 1625 1498 1668 a
1557 1603 1952 1686 calamitate,

0 1691 24 1754 l
82 1690 282 1755 etiam
340 1714 380 1755 a
434 1694 616 1755 metu
669 1691 1068 1756 calamitatis
1123 1697 1227 1756 est
1274 1691 1688 1756 defendenda.
1779 1690 1953 1756 Nam
1996 1705 2052 1753 15

2008 517 2040 561 1

17 1778 256 1843 ceteris
291 1779 486 1844 rebus
524 1801 672 1845 cum
699 1779 881 1844 venit
916 1780 1281 1861 calamitaS,
1318 1782 1460 1844 tum
1490 1779 1956 1845 detrimentum

0 1865 285 2021 {ipssssffl
304 1867 1762 2022 assnssssulefftssfiaffissssssnss'fifflffieffmffi
1776 1868 1955 2022 ”3323

0 2043 209 2108 stium
274 2044 498 2131 copiae
565 1980 698 2110 ndJn
761 2046 956 2132 longe
1027 2046 1296 2127 absunt,
1360 2007 1619 2110 etiamsi
1672 2045 1953 2129 irruptio

0 2133 102 2198 lla
147 2132 322 2198 facta
367 2137 494 2217 est,
539 2136 763 2198 tamen
805 2134 1112 2218 pecuaria
1155 2133 1573 2219 relinquitur,
1630 2133 1776 2218 agri
1822 2135 1951 2198 cul·

0 2243 67 2286 ra
115 2220 453 2305 deseritur,
494 2226 930 2288 mercatorum
976 2222 1316 2307 navigatio
1362 2221 1780 2305 conquiescit.
1844 2219 1952 2286 Ita

0 2329 125 2393 que
172 2330 251 2374 ex
294 2313 491 2394 portu
536 2331 746 2393 neque
791 2332 869 2375 ex
917 2310 1201 2375 decumis
1247 2331 1455 2394 neque
1503 2331 1581 2374 ex
1628 2309 1953 2395 scriptura

0 2397 205 2483 etigal
268 2397 640 2462 conservari
705 2400 955 2483 potest3
1020 2419 1221 2482 quare
1287 2418 1481 2482 saepe
1534 2397 1742 2463 totius
1797 2398 1954 2462 anni

0 2489 171 2550 ictus
225 2506 356 2549 uno
411 2507 672 2550 rumore
725 2485 1000 2570 periculi
1055 2490 1252 2569 atque
1306 2507 1436 2550 uno
1491 2485 1648 2550 belli
1702 2490 1952 2551 terrore

0 2572 265 2638 iittitur.
330 2571 471 2648 Quo
517 2573 782 2638 tandem
819 2574 1079 2656 [igitur]
1120 2574 1340 2638 animo
1379 2593 1520 2638 esse
1558 2572 1950 2638 existimatis
1996 2594 2056 2638 ia]

0 2666 30 2726 t
78 2682 220 2746 θοε,
274 2662 387 2745 qui
429 2661 782 2747 vectigalia
825 2663 1019 2727 nobis
1064 2663 1425 2747 pensitant,
1482 2664 1597 2725 aut
1642 2682 1753 2727 eos
1763 2712 1782 2745 ,
1841 2661 1953 2747 qui

0 2754 220 2816 ercent
264 2754 460 2834 atque
507 2750 804 2834 exigunt,
849 2771 996 2815 cum
1043 2750 1170 2814 duo
1216 2769 1407 2835 reges
1454 2770 1602 2814 cum
1649 2749 1953 2815 maximis

0 2861 121 2939 ‘'¹¹³''
149 2842 442 2989 ,25310332
475 2835 712 2990 1333}
733 2859 1088 2991 222¹?ssssss
1111 2837 1775 3010 “Zfssfffiss'niquffssssissff
1807 2861 1954 2992 ἓξὲξ

0 2924 252 3079 bvlicani
284 2949 590 3079 pfamilias
637 3015 980 3095 maximas,
1038 2947 1199 3097 qgas
1244 3013 1317 3078 in
1361 2947 1643 3078 saltikius
1687 3014 1955 3097 habent,
2304 3026 2308 3079 Ι

0 3124 78 3167 as
117 3100 189 3165 in
227 3100 423 3186 agris,
459 3123 622 3186 quas
658 3102 728 3166 in
766 3064 1086 3187 portu'bus
1116 3106 1315 3187 atque
1344 3101 1675 3183 custodiis,
1708 3123 1951 3188 magno

0 3189 208 3256 riculo
273 3210 346 3254 se
398 3189 640 3254 habere
700 3190 1148 3255 arbitrentur?
1247 3189 1591 3256 Putatisne
1644 3210 1764 3257 vos
1819 3189 1953 3254 illis
2414 3175 2421 3215 ³

0 3300 111 3345 ms
158 3276 292 3342 frui
335 3299 547 3363 posse,
591 3278 719 3342 nisi
756 3300 888 3361 eost,
934 3278 1047 3363 qui
1083 3278 1273 3343 vobis
1309 3277 1552 3342 fructui
1588 3281 1763 3362 sunt,
1807 3298 1953 3342 con·
2409 3260 2452 3347 Ν

0 3365 258 3432 rvaritis
325 3388 459 3430 non
511 3367 755 3450 solum,
816 3371 894 3432 ut
956 3369 1108 3431 ante
1164 3366 1316 3450 dixi,
1371 3363 1775 3447 calamitate,
1840 3364 1953 3428 sed
2310 3372 2311 3375 ’
2406 3371 2510 3574 Ε*

2508 3592 2534 3646 τὲ

1 3478 118 3521 am
166 3453 564 3519 calamitatis
599 3453 949 3520 formidine
997 3453 1363 3520 liberatos?
2308 3459 2364 3534 [
