2534 3875
227 835 296 884 60

234 1978 300 2026 61

236 3380 302 3429 62

330 145 460 209 540
657 145 753 198 DE
792 143 1259 200 HARUSPICUM
1297 143 1669 201 RESPONSO
1707 146 1993 201 ORATIO.

330 311 522 374 quam
579 288 847 372 denique
901 292 1035 352 tam
1092 289 1438 353 immanem
1495 287 1889 374 Charybdim
1943 295 2172 374 poetae
2227 291 2348 357 fin-

332 378 537 462 gendo
578 379 927 460 exprimere
965 381 1334 461 potuerunt,
1372 399 1534 460 quae
1571 382 1791 443 tantos
1831 378 2164 444 exhaurire
2193 401 2348 465 gur·

333 466 500 550 gites
547 471 785 548 posset,
822 469 1097 549 quantas
1144 466 1268 529 iste
1316 463 1780 549 Byzantiorum
1818 464 2347 552 Brogitarorum-

336 575 455 636 que
521 553 791 637 praedas
849 554 1171 636 exorbuit,
1235 557 1348 618 aut
1399 557 1534 618 tam
1590 554 2020 619 eminentibus
2076 556 2342 620 canibus

335 641 621 725 Scyllam
673 647 934 726 tamque
989 641 1244 725 ieiunis,
1301 663 1493 725 quam
1550 643 1779 726 quibus
1832 643 2033 707 istum
2086 644 2341 728 videtiS,
2371 661 2399 700 ⁵

336 729 589 813 Galliis,
637 727 904 813 Clodiis,
951 729 1169 812 Titiis,
1216 734 1432 794 rostra
1475 729 1618 813 ipsa
1663 731 2117 796 mandentem?

468 817 705 902 Quare,
756 819 826 882 id
881 817 1049 901 quod
1103 821 1460 882 extremum
1516 823 1614 883 est
1666 819 1735 882 in
1778 819 2195 902 haruspicum
2241 841 2342 884 re-

337 928 595 992 sponso,
639 906 989 991 providete,
1038 905 1167 969 ‘NE
1210 923 1328 970 nm
1372 923 1714 970 PUBmoAE
1763 923 2022 972 s'rA'rus
2070 923 2340 973 comm-

338 995 605 1060 TETUR?
694 994 954 1058 Etenim
1000 993 1108 1058 vix
1154 993 1336 1077 haec,
1393 995 1450 1058 si
1495 995 1772 1078 undique
1815 994 2160 1060 fulciamus
2207 996 2342 1061 iam

2515 900 2523 972 l

337 1083 683 1165 labefacta,
754 1084 861 1146 vix
871 1133 888 1164 ,
959 1082 1251 1166 inquam,
1322 1082 1474 1147 nixa
1544 1084 1614 1146 in
1686 1084 1973 1148 omnium
2043 1087 2338 1148 nostrum
2372 1103 2425 1142 ιο
2515 1067 2523 1081 Ἀ

231 1171 315 1235 28
337 1172 575 1235 umeris
640 1169 1090 1234 cohaerebunt.
1188 1170 1338 1234 Fuit
1402 1171 1724 1254 quondam
1788 1171 1886 1235 ita
1937 1171 2127 1236 firma
2180 1172 2340 1237 haec

337 1259 564 1324 civitas
620 1262 686 1322 et
731 1259 981 1342 valens,
1035 1263 1108 1323 ut
1153 1259 1634 1345 neglegentiam
1680 1263 1943 1324 senatus
1988 1261 2090 1324 vel
2141 1260 2341 1324 etiam

335 1347 600 1410 iniurias
648 1346 884 1411 civium
929 1347 1094 1411 ferre
1138 1351 1374 1430 posset.
1458 1347 1598 1412 Iam
1645 1369 1776 1412 non
1820 1351 2053 1431 potest.
2145 1349 2342 1412 Aera-

336 1436 501 1498 rium
546 1434 800 1499 nullum
846 1439 969 1514 est,
1023 1435 1453 1520 vectigalibus
1497 1457 1628 1499 non
1671 1435 1998 1518 fruuntur,
2046 1435 2156 1517 qui
2202 1437 2342 1500 red-

339 1527 642 1606 emerunt,
688 1524 1038 1588 auctoritas
1083 1523 1446 1608 principum
1493 1523 1737 1606 cecidit,
1783 1544 2130 1588 consensus
2171 1524 2340 1587 ordi·
2370 1542 2420 1582 15

336 1633 491 1674 num
528 1615 628 1675 est
665 1611 970 1694 divolsuS,
1014 1611 1249 1676 iudicia
1284 1612 1633 1696 perierunt,
1668 1611 1976 1697 suffragia
2015 1612 2343 1697 descripta

339 1703 637 1764 tenentur
688 1722 727 1764 a
771 1701 1018 1783 paucis,
1070 1700 1388 1764 bonorum
1435 1701 1686 1764 animus
1733 1700 1812 1763 ad
1856 1703 2084 1764 nutum
2130 1701 2343 1764 nostri

341 1787 581 1851 ordinis
646 1787 975 1871 expeditus
1040 1788 1166 1852 iam
1230 1808 1360 1851 non
1425 1788 1573 1871 erit,
1637 1788 1867 1866 civem,
1932 1788 2042 1870 qui
2096 1809 2165 1850 se
2220 1809 2339 1872 pro

340 1875 588 1959 patriae
636 1875 843 1940 salute
881 1881 1167 1960 opponat
1202 1875 1497 1959 invidiae,
1541 1875 1783 1940 frustra
1819 1875 2092 1961 posthac
2129 1875 2338 1960 requi-

339 1964 512 2028 retis.
586 1962 794 2037 Quare
830 1964 1000 2029 hunc
1036 1968 1296 2047 statum,
1343 1964 1453 2048 qui
1487 1986 1655 2029 nunc
1691 1969 1809 2047 est,
1856 1964 2338 2047 qualiscumque
2365 1979 2419 2019 2⁰

343 2055 467 2135 est,
522 2052 704 2117 nulla
758 2052 887 2115 alia
941 2073 1009 2115 re
1062 2052 1189 2115 nisi
1243 2052 1580 2117 concordia
1632 2051 1911 2116 retinere
1965 2074 2338 2135 possumus3

339 2162 490 2204 nam
535 2145 609 2205 ut
652 2140 916 2205 meliore
962 2140 1158 2204 simus
1206 2139 1377 2223 1000,
1418 2160 1501 2203 110
1546 2139 1891 2223 optandum
1937 2139 2194 2223 quidem
2241 2143 2341 2203 est

338 2228 450 2291 illo
504 2228 831 2313 inpunito;
893 2227 1208 2292 deteriore
1263 2232 1477 2292 autem
1533 2231 1709 2291 statu
1761 2232 1835 2292 ut
1891 2228 2118 2310 simus,
2171 2248 2339 2291 unus

342 2320 441 2380 est
493 2316 757 2400 inferior
811 2316 1045 2401 gradus
1093 2320 1205 2380 aut
1248 2315 1552 2380 interitus
1598 2319 1710 2379 aut
1757 2316 2104 2380 servitutis
2195 2314 2336 2391 Quo

340 2426 419 2468 ne
474 2404 831 2487 trudamur,
885 2404 950 2468 di
992 2405 1393 2468 immortales
1436 2425 1554 2468 nos
1603 2404 1976 2486 admonent,
2031 2403 2336 2486 quoniam
2361 2419 2414 2459 2⁵

340 2492 470 2555 iam
523 2493 772 2575 pridem
824 2492 1107 2557 humana
1160 2492 1428 2557 consilia
1481 2492 1856 2556 ceciderunt.
1946 2491 2160 2575 Atque
2217 2511 2336 2575 ego

340 2580 506 2643 hanc
552 2580 936 2663 orationem,
990 2583 1207 2664 patres
1255 2579 1628 2664 conscripti,
1681 2583 1817 2643 tam
1860 2578 2146 2661 tristem,
2200 2582 2336 2642 tam

344 2689 606 2753 gravem
650 2689 781 2730 non
826 2667 1265 2751 suscepissem,
1309 2689 1440 2731 non
1485 2667 1639 2751 quin
1683 2667 1848 2732 hanc
1891 2688 2235 2750 personam
2273 2671 2338 2730 et

341 2756 459 2821 has
505 2756 709 2838 partis
754 2755 1107 2819 honoribus
1153 2755 1378 2839 populi
1422 2754 1716 2838 Romani,
1758 2754 1992 2819 vestris
2038 2751 2335 2838 plurimis

344 2843 737 2908 ornamentis
783 2842 946 2907 mihi
978 2842 1241 2907 tributis
1280 2843 1571 2907 deberem
1609 2846 1674 2907 et
1709 2864 1968 2926 possem
2003 2843 2415 2925 sustinerem

344 2932 454 2996 sed
513 2936 734 2996 tamen
794 2930 982 2995 facile
1036 2932 1400 2996 tacentibus
1455 2931 1682 2996 ceteris
1737 2930 2162 3012 reticuissem3
2226 2929 2336 2994 sed

341 3020 500 3085 haec
545 3022 753 3085 oratio
798 3021 1005 3084 omnis
1050 3018 1175 3083 fuit
1218 3039 1350 3083 non
1395 3018 1798 3085 auctoritatis
1845 3039 2042 3102 meae,
2079 3017 2190 3081 sed
2225 3040 2337 3103 pu·

341 3108 547 3173 blicae
601 3108 950 3194 religionis
1041 3107 1188 3172 Mea
1240 3107 1500 3173 fuerunt
1552 3107 1750 3173 verba
1801 3106 2077 3171 fortasse
2130 3105 2336 3189 plura,

344 3196 695 3260 sententiae
761 3196 1015 3279 quidem
1080 3218 1302 3260 omnes
1363 3196 1802 3279 haruspicum,
1865 3194 1944 3258 ad
2011 3214 2172 3276 quos
2227 3197 2337 3257 aut

343 3282 569 3346 referri
619 3283 920 3348 nuntiata
974 3288 1229 3348 ostenta
1281 3304 1415 3347 non
1467 3284 1768 3348 convenit
1813 3286 1924 3346 aut
1969 3302 2192 3345 eorum
2238 3302 2334 3344 10-
2361 3296 2414 3336 35

343 3369 592 3449 sponsis
644 3371 1032 3435 commoveri
1074 3392 1332 3436 necesse
1378 3375 1493 3435 est.
1583 3370 1824 3446 Quodsi
1868 3374 2082 3434 cetera
2124 3369 2336 3453 magis

341 3456 720 3539 pervulgata
773 3478 891 3520 nos
948 3479 1137 3541 saepe
1192 3462 1257 3522 et
1312 3456 1554 3523 leviora
1605 3461 1972 3541 moverunt,
2026 3475 2149 3521 vox
2192 3456 2336 3540 ipsa
