2534 3875
328 174 456 239 192
475 234 482 239 .
784 174 883 230 DE
920 174 1109 230 LEGE
1147 174 1477 231 AGRARIA
1514 174 1785 230 ORATIO
1820 174 1892 230 Π.

324 319 519 384 minis
565 319 784 404 vestri,
830 318 1036 384 otium
1084 320 1535 404 domesticum,
1582 320 1860 406 denique
1907 320 2144 405 omnia,
2192 342 2362 405 quae

245 421 250 426 '
325 408 514 473 vobis
579 429 730 472 cara
795 413 990 491 atque
1056 408 1278 491 ampla
1334 412 1514 491 sunt,
1577 408 1648 471 in
1699 407 1895 473 fidem
1951 412 2019 472 et
2073 409 2361 492 quodam

220 601 288 650 10

253 1554 296 1619 5

222 2274 284 2322 11

223 2800 288 2850 12

325 496 518 561 modo
590 496 661 560 in
722 496 1157 579 patrocinium
1222 497 1354 560 mei
1417 497 1793 561 consulatus
1858 518 1999 561 esse
2066 496 2360 561 collata?

326 582 552 669 Neque
600 584 790 667 enim,
836 582 1142 666 Quirites,
1186 584 1352 647 illud
1398 584 1584 649 vobis
1622 585 1971 649 iucundum
2008 588 2123 649 aut
2158 606 2362 668 popu·

326 672 462 737 lare
529 671 721 736 debet
771 671 1003 755 videri,
1062 672 1332 757 largitio
1399 672 1619 757 aliqua
1684 673 2131 757 promulgata,
2191 694 2361 757 quae
2390 688 2421 730 ⁵

323 760 540 825 verbis
606 761 921 825 ostentari
985 763 1232 843 potest,
1296 782 1365 824 re
1429 781 1583 824 vera
1644 760 1789 825 fieri
1849 760 1993 825 nisi·
2036 760 2359 827 exhausto

327 848 610 915 aerario.
627 848 810 913 nullo
858 851 1050 932 pacto
1098 851 1346 932 potest3
1400 869 1608 933 neque
1644 870 1800 913 vero
1845 848 1965 913 illa
2008 849 2360 933 popularia

326 940 479 1001 sunt
543 936 1001 1020 existimanda,
1063 936 1451 1001 iudiciorum
1519 936 2072 1020 perturbationes,
2137 957 2359 1001 rerum

323 1024 758 1089 iudicatarum
803 1025 1295 1108 infirmationes,
1341 1024 1673 1089 restitutio
1722 1024 2197 1108 damnatorum,
2244 1025 2359 1110 qui

325 1112 665 1178 civitatum
717 1112 1125 1177 adflictarum
1160 1112 1443 1212 ‘perditis
1490 1112 1623 1176 iam
1668 1113 1863 1177 rebus
1909 1112 2184 1177 extremi
2228 1113 2358 1177 exi·
2390 1130 2445 1171 ιι

324 1200 568 1264 tiorum
615 1200 827 1265 solent
881 1222 1021 1265 esse
1075 1199 1314 1282 exitus;
1369 1221 1513 1283 nec,
1573 1200 1630 1264 si
1684 1200 1796 1285 qui
1851 1222 2047 1287 agros
2107 1202 2357 1285 populo

324 1287 621 1353 Romano
640 1288 1049 1372 pollicentur,
1078 1288 1135 1351 si
1163 1288 1339 1352 aliud
1360 1287 1665 1371 quiddam
1686 1289 1958 1353 obscure
1978 1289 2360 1372 moliuntur,

327 1376 504 1440 aliud
551 1397 665 1460 spe
711 1398 786 1440 ac
832 1376 1043 1460 specie
1091 1375 1531 1440 simulationis
1579 1380 1943 1461 ostentant,
2002 1376 2357 1462 populares

325 1463 742 1529 existimandi
789 1469 960 1529 sunt.

458 1551 650 1636 Nam,
685 1574 837 1617 vere
874 1552 1104 1634 dicam,
1141 1549 1445 1633 Quirites,
1484 1572 1688 1637 genus
1724 1552 1942 1636 ipsum
1969 1552 2137 1635 legis
2168 1574 2356 1639 agra·
2387 1569 2445 1609 1⁵
2521 1568 2529 1577 ·

323 1640 458 1706 riae
503 1640 875 1725 vituperare
910 1662 1045 1704 non
1080 1661 1367 1724 possum.
1424 1639 1624 1704 Venit
1662 1642 1837 1704 enim
1875 1640 2037 1704 mihi
2074 1640 2144 1704 in
2180 1662 2357 1705 men.

323 1733 458 1793 tem
515 1728 674 1793 duos
731 1728 1158 1810 clarissimoS‚
1214 1728 1803 1812 ingeniosissimos,
1867 1728 2356 1794 amantissimos

321 1816 539 1902 plebei
585 1815 918 1881 Romanae
965 1816 1167 1899 viros,
1225 1814 1559 1880 Tiberium
1604 1820 1672 1881 et
1718 1815 1953 1880 Graium
2002 1815 2355 1901 Gracchos,

322 1904 584 1989 plebem
629 1904 700 1968 in
745 1904 920 1990 agris
967 1903 1246 1988 publicis
1295 1904 1731 1989 constituisse,
1788 1905 1900 1989 qui
1946 1904 2092 1990 agri
2136 1926 2178 1969 a
2222 1905 2353 1991 pri-

324 1993 500 2058 vatis
559 1996 755 2058 antea
808 1993 1331 2077 possidebantur.
1423 1992 1577 2058 Non
1633 2015 1778 2058 sum
1834 1997 2056 2058 autem
2114 2014 2239 2079 ego
2294 1995 2356 2058 is
2384 2011 2443 2050 20

326 2081 580 2165 consul,
628 2081 756 2165 qui,
801 2085 877 2145 ut
920 2081 1232 2166 plerique,
1278 2081 1461 2146 nefas
1508 2103 1649 2146 esse
1696 2081 1977 2146 arbitrer
2023 2081 2356 2147 Gracchos

323 2169 617 2248 laudare,
681 2190 954 2253 quorum
1011 2168 1327 2247 consiliis,
1391 2169 1739 2254 sapientia,
1794 2169 2052 2255 legibus
2108 2170 2356 2234 multas

326 2279 468 2322 esse
513 2257 702 2323 video
748 2257 844 2321 rei
887 2257 1186 2341 publicae
1231 2257 1442 2342 partis
1490 2257 1902 2322 constitutas.
1984 2258 2235 2341 Itaque,
2283 2262 2359 2322 ut

323 2345 514 2410 initio
561 2345 726 2409 mihi
762 2345 1104 2428 designato
1152 2345 1404 2410 consuli
1450 2345 1873 2410 nuntiabatur
1910 2345 2124 2430 legem
2164 2367 2356 2432 agra·

325 2433 490 2497 riam
526 2434 827 2498 tribunos
862 2433 1078 2517 plebis
1116 2433 1494 2518 designatos
1533 2434 1955 2517 conscribere,
1993 2435 2358 2518 cupiebam,
2388 2452 2451 2491 25

327 2520 484 2603 quid
531 2522 918 2606 cogitarent,
964 2542 1383 2607 cognoscere3
1430 2522 1671 2586 etenim
1718 2521 2107 2605 arbitrabar,
2155 2542 2359 2606 quon-

323 2607 456 2672 iam
521 2608 745 2673 eodem
811 2631 981 2673 anno
1048 2608 1314 2694 gerendi
1377 2609 1569 2674 nobis
1636 2614 1853 2674 essent
1907 2610 2358 2694 magistratus,

327 2716 466 2759 esse
533 2696 821 2780 aliquam
886 2704 1183 2780 oportere
1249 2697 1422 2761 inter
1483 2719 1604 2762 nos
1668 2698 1764 2762 rei
1829 2697 2126 2781 publicae
2190 2698 2359 2764 bene

329 2782 880 2848 administrandae
935 2784 1333 2849 societatem.
1426 2783 1591 2849 Cum
1649 2785 2064 2851 familiariter
2120 2807 2226 2850 me
2286 2785 2359 2852 in

327 2892 550 2936 eorum
587 2893 952 2936 sermonem
986 2872 1383 2936 insinuarem
1422 2895 1497 2938 ac
1533 2874 1771 2957 darem,
1818 2874 2095 2958 celabar,
2140 2875 2358 2940 exclu—
2386 2891 2444 2932 30

327 2960 546 3039 debar,
584 2963 668 3044 et,
705 2982 851 3024 cum
892 2960 1318 3044 ostenderem,
1357 2961 1414 3026 si
1450 2961 1555 3025 lex
1592 2962 1775 3027 utilis
1811 2962 1991 3046 plebi
2019 2963 2357 3027 Romanae

329 3047 492 3112 mhi
532 3047 874 3130 videretur,
913 3052 1244 3113 auctorem
1283 3071 1387 3114 me
1424 3053 1621 3134 atque
1650 3050 2014 3114 adiutorem
2040 3050 2357 3136 futurum,

326 3141 551 3201 tamen
598 3138 1116 3221 aspernabantur
1161 3137 1330 3200 hanc
1366 3138 1834 3203 liberalitatem
1871 3160 2111 3221 meam3
2158 3159 2358 3226 nega-

327 3225 490 3289 bant
527 3246 629 3289 me
667 3224 897 3290 adduci
933 3247 1144 3309 posse,
1180 3229 1254 3289 ut
1292 3227 1493 3289 ullam
1532 3226 1953 3312 largitionem
1990 3227 2359 3310 probarem.

324 3311 555 3377 Finem
610 3312 736 3378 feci
784 3313 1093 3378 offerendi
1139 3313 1295 3395 mei,
1347 3335 1429 3377 ne
1473 3313 1643 3379 forte
1688 3336 1833 3378 mea
1879 3315 2192 3379 sedulitas
2240 3319 2359 3380 aut
2387 3331 2443 3374 35

326 3400 640 3466 insidiosa
685 3406 798 3466 aut
841 3400 1182 3487 impudens
1217 3401 1564 3466 videretur.
1622 3401 1880 3467 Interea
1914 3424 2049 3467 non
2087 3403 2359 3468 desiste-

326 3487 489 3552 bant
542 3490 709 3553 clam
766 3490 938 3555 inter
998 3511 1065 3554 se
1113 3489 1484 3573 convenire,
1538 3490 1831 3574 privatos
1881 3491 2199 3576 quosdam
2248 3493 2359 3556 ad-
