2534 3875
928 197 1080 253 CAP.
1118 204 1260 252 2—4
1299 204 1330 264 ς
1371 205 1562 253 4-10.
2097 201 2227 265 277

196 342 452 406 civitati
516 341 868 426 videretur,
932 343 1167 427 negavi
1230 365 1334 406 me
1401 363 1543 407 9999
1607 342 1958 428 facturum,
2021 348 2095 409 ut
2151 346 2228 410 de

197 430 486 513 periculo
532 429 795 514 publico
843 451 975 495 non
1022 431 1102 494 ad
1141 431 1488 496 consilium
1523 432 1856 516 publicum
1894 454 2027 496 rem
2062 433 2226 497 inte-

199 539 387 603 gram
436 518 771 584 deferrem.
861 516 1150 602 Etenim,
1199 517 1515 604 Quirites,
1575 519 1633 584 si
1681 541 1784 604 ea,
1832 542 1996 604 quae
2043 525 2228 585 erant

198 605 281 670 ad
328 628 431 670 me
479 607 712 690 delata,
760 610 1017 690 reperta
1061 627 1195 670 non
1242 612 1478 691 essent,
1522 611 1743 672 tamen
1790 630 1911 693 ego
1959 631 2092 674 non
2129 632 2229 673 ar-

138 711 167 751 5
195 695 497 758 bitrabar
568 695 637 757 in
699 695 903 758 tantis
969 695 1065 758 rei
1128 695 1427 778 publicae
1490 696 1795 778 periculis
1860 718 1999 761 esse
2062 697 2225 761 mihi

195 783 473 846 nimiam
548 782 957 867 diligentiam
1022 783 1621 868 pertimescendam.
1730 782 2040 850 Senatum
2103 786 2224 850 fre-

198 875 504 955 quentem
560 870 881 954 celeriter,
936 874 1012 935 ut
1070 871 1356 952 vidistis,
1411 873 1612 957 coegi.
1702 872 1920 957 Atque
1975 875 2222 938 interea
2257 889 2293 938 8

200 959 431 1023 statim
472 958 811 1024 admonitu
857 958 1292 1044 Allobrogum
1331 959 1400 1024 C.
1431 958 1789 1044 Sulpicium
1834 965 2222 1046 praetorem,

196 1046 437 1111 fortem
483 1047 718 1130 virum,
775 1047 955 1129 misi,
1010 1048 1121 1130 qui
1169 1069 1246 1111 ex
1294 1048 1558 1112 aedibus
1608 1048 1906 1132 Cethegi,
1965 1049 2022 1114 si
2069 1050 2223 1133 quid

114 1154 169 1192 10
197 1136 483 1200 telorum
531 1139 721 1217 esset,
769 1135 1054 1218 efferret3
1103 1157 1179 1199 ex
1226 1137 1460 1220 quibus
1506 1137 1620 1201 ille
1665 1138 2019 1202 maximum
2065 1139 2222 1203 sica-

196 1246 344 1288 rum
390 1245 731 1287 numerum
779 1227 847 1287 et
892 1223 1260 1304 gladiorum
1309 1226 1557 1288 extulit.

331 1311 673 1376 Introduxi
709 1311 1120 1376 Volturcium
1169 1313 1307 1376 sine
1355 1310 1608 1395 Gallis3'
1651 1314 1843 1377 fidem
1889 1314 2218 1399 publicam
2257 1314 2303 1377 4

195 1401 377 1464 iussu
426 1405 689 1465 senatus
736 1400 908 1482 dedi3
956 1400 1258 1464 hortatus
1308 1422 1478 1481 sum,
1525 1403 1598 1464 ut
1653 1423 1753 1485 ea,
1801 1424 1964 1485 quae
2013 1403 2223 1485 sciret,

198 1489 338 1552 sine
382 1488 618 1552 timore
664 1488 995 1552 indicaret.
1087 1487 1253 1553 Tum
1300 1488 1414 1552 ille
1461 1488 1648 1565 dixit,
1696 1510 1838 1554 cum
1876 1491 1985 1554 vix
2030 1512 2099 1554 se
2146 1513 2223 1555 ex

112 1593 167 1633 15
202 1597 443 1661 magno
499 1577 732 1641 timore
786 1581 1167 1659 recreasset,
1224 1599 1263 1640 a
1307 1576 1378 1640 P.
1414 1576 1693 1640 Lentulo
1741 1598 1809 1641 se
1854 1576 2094 1641 habere
2142 1580 2222 1642 ad

198 1663 554 1729 Catilinam
601 1664 909 1729 mandata
955 1668 1021 1728 et
1066 1666 1353 1748 litterae,
1398 1669 1472 1728 ut
1518 1687 1849 1729 servorum
1898 1666 2220 1749 praesidio

196 1756 515 1836 uteretur,
575 1756 651 1816 ut
708 1752 791 1816 ad
850 1753 1077 1817 urbem
1137 1776 1332 1837 quam
1391 1753 1672 1838 primum
1734 1775 1878 1817 cum
1935 1755 2218 1818 exercitu

199 1841 558 1923 accederet3
618 1841 685 1905 id
740 1844 957 1905 autem
1018 1863 1092 1906 eo
1141 1842 1411 1906 consilio
1422 1893 1439 1925 ,
1467 1857 1471 1861 '
1504 1846 1604 1923 ut,
1659 1862 1807 1905 cum
1860 1841 2086 1905 urbem
2142 1863 2218 1905 ex

198 1929 501 1995 omnibus
549 1930 862 2014 partibuS,
900 1952 1092 2013 quem
1140 1930 1220 1995 ad
1266 1930 1529 1995 modum
1576 1930 1952 2015 discriptum
2005 1929 2218 1994 distri-

110 2036 168 2076 20
195 2020 553 2103 butumque
583 2022 739 2102 erat,
770 2018 1205 2083 incendissent
1232 2020 1619 2103 caedemque
1638 2019 1963 2083 infinitam
1983 2018 2217 2083 civium

196 2106 525 2189 fecissent,
571 2110 831 2191 praesto
880 2111 1051 2171 esset
1095 2107 1225 2191 ille,
1273 2108 1382 2192 qui
1430 2111 1494 2172 et
1537 2107 1850 2193 fugientis
1897 2107 2217 2190 exciperet

200 2198 268 2259 et
304 2216 372 2259 se
410 2216 553 2259 cum
590 2195 693 2259 his
730 2195 997 2258 urbanis
1036 2194 1306 2259 ducibus
1343 2198 1780 2281 coniungeret.
1850 2194 2215 2260 Introducti
2252 2212 2286 2261 9

200 2288 419 2348 autem
458 2282 635 2347 Galli
678 2284 780 2347 ius
825 2284 1166 2347 iurandum
1214 2284 1340 2347 sibi
1387 2287 1452 2347 et
1497 2284 1750 2348 litteras
1799 2284 1880 2347 ab
1918 2283 2215 2367 Lentulo,

199 2369 510 2455 CethegO,
557 2368 819 2436 Statilio
868 2372 949 2435 ad
998 2394 1181 2435 suam
1230 2376 1489 2456 gentem
1530 2372 1683 2436 data
1721 2394 1861 2436 esse
1900 2371 2217 2457 dixerunt,

113 2476 169 2517 25
198 2464 393 2544 atque
438 2459 535 2523 ita
586 2459 711 2523 sibi
748 2459 832 2523 ab
868 2460 971 2523 his
1010 2464 1078 2525 et
1114 2482 1153 2523 a
1188 2458 1258 2523 L.
1289 2459 1512 2523 Cassio
1550 2482 1690 2524 esse
1727 2461 2217 2545 praescriptum,

197 2553 272 2611 ut
309 2547 670 2631 equitatum
698 2548 767 2612 in
792 2546 1057 2615 Italiam
1104 2570 1298 2631 quam
1326 2548 1606 2632 primum
1635 2549 1994 2631 mitterent3
2029 2549 2216 2634 pede-

200 2639 367 2699 stres
413 2635 540 2700 sibi
584 2637 802 2720 copias
849 2657 978 2700 non
1026 2635 1377 2701 defuturas,
1431 2635 1778 2700 Lentulum
1825 2642 2041 2701 autem
2090 2638 2218 2703 sibi

198 2724 613 2789 confirmasse
654 2745 731 2788 ex
758 2723 916 2788 fatis
947 2723 1288 2807 Sibyllinis
1317 2724 1857 2809 haruspicumque
1884 2727 2214 2811 responsis

200 2834 270 2876 se
337 2833 475 2876 9999
530 2812 796 2876 tertium
848 2812 1036 2876 illum
1094 2810 1494 2895 Cornelium,
1557 2813 1638 2876 ad
1693 2835 1883 2897 quem
1936 2835 2214 2899 regnum

110 2918 167 2957 30
195 2900 389 2964 huius
448 2900 628 2964 urbis
686 2905 878 2984 atque
936 2900 1278 2982 imperium
1324 2902 1658 2984 pervenire
1706 2906 1879 2965 esset
1923 2924 2215 2985 necesse3

198 2986 475 3053 Cinnam
520 2991 670 3052 ante
718 3009 786 3051 se
833 2991 898 3051 et
936 2986 1186 3053 Sullam
1229 2988 1450 3053 fuisse.
1511 2988 1931 3073 Eandemque
1979 2990 2216 3054 dixisse

197 3075 464 3139 fatalem
522 3075 693 3141 hunc
754 3097 995 3139 annum
1054 3098 1193 3139 esse
1253 3078 1336 3140 ad
1391 3078 1725 3141 interitum
1784 3078 1976 3142 huius
2035 3078 2214 3142 urbis

200 3168 395 3247 atque
440 3163 711 3247 imperii,
760 3163 871 3247 qui
916 3168 1087 3228 esset
1133 3187 1340 3229 annus
1379 3165 1662 3229 decimus
1699 3170 1852 3251 post
1885 3165 2216 3251 virginum

200 3252 701 3336 absolutionem,
759 3254 913 3336 post
959 3251 1245 3336 Capitoli
1307 3256 1523 3317 autem
1569 3254 2004 3319 incensionem
2050 3254 2214 3319 vice-

114 3356 169 3398 35
201 3340 421 3404 simus.
483 3338 670 3404 Hanc
708 3343 926 3404 autem
956 3338 1243 3425 Cethego
1275 3362 1420 3404 cum
1450 3342 1680 3407 ceteris
1710 3342 2214 3407 controversiam
2257 3360 2322 3407 10

197 3428 399 3492 fuisse
465 3428 790 3511 dixerunt,
856 3429 1028 3511 quod
1083 3427 1358 3493 Lentulo
1426 3434 1492 3493 et
1559 3431 1703 3495 aliis
1760 3429 2215 3495 Saturnalibus

198 3516 459 3581 caedem
512 3516 655 3581 fieri
708 3524 899 3601 atque
952 3516 1180 3580 urbem
1236 3516 1491 3581 incendi
1550 3519 1861 3604 placeret,
1926 3516 2216 3603 Cethego
