2534 3875
626 898 723 974 M.
800 896 1156 971 TULLI
1228 895 1871 972 CICERONIS

441 1061 823 1149 ORATIO
886 1062 999 1146 IN
1064 1059 1639 1148 CATILINAM
1701 1059 2037 1146 PRIMA

749 1235 859 1306 IN
916 1233 1300 1307 SENATU
1352 1233 1742 1305 HABITA.

960 1464 1359 1526 ARGUMEN
1363 1463 1550 1525 TUM.

380 1581 438 1638 L.
478 1580 708 1650 Sergius
747 1579 1018 1648 Catilina,
1066 1580 1233 1635 homo
1280 1579 1510 1651 patricii
1556 1578 1804 1648 generis,
1851 1595 2059 1647 magna
2107 1577 2167 1633 vi
2203 1582 2263 1633 et

237 1652 414 1706 animi
450 1653 510 1707 et
546 1650 812 1723 corporis,
851 1651 952 1706 sed
988 1651 1218 1721 ingenio
1254 1651 1405 1706 malo
1442 1666 1753 1721 pravoque,
1791 1650 2125 1720 praetorius,
2165 1650 2264 1717 qui

235 1724 352 1778 iam
391 1740 438 1780 a.
478 1740 532 1778 u.
571 1740 617 1781 c.
658 1727 762 1778 689
810 1723 1041 1777 caedem
1089 1723 1384 1777 consulum
1428 1721 1613 1776 facere
1660 1737 1837 1789 eaque
1887 1721 2042 1776 facta
2076 1736 2264 1775 rerum

236 1794 413 1864 potiri
482 1794 877 1860 constituerat,
950 1810 1085 1847 casu
1148 1795 1338 1848 autem
1410 1809 1530 1847 rem
1601 1793 1868 1861 perficere
1939 1791 2264 1861 prohibitus

240 1867 387 1932 erat,
436 1866 629 1918 ascitis
679 1864 754 1918 ad
799 1863 1098 1918 consilium
1143 1865 1225 1919 rei
1268 1863 1531 1934 publicae
1577 1862 1978 1932 opprimendae
2021 1861 2264 1917 homini-

236 1937 344 1990 bus
406 1937 586 1991 omnis
725 1935 875 1990 neris
939 1934 1337 2003 perditissimis
1403 1937 1571 2003 atq'ue
1637 1933 2025 1989 audacissimis
2041 1976 2054 2000 ,
2120 1950 2265 2002 quos

236 2008 455 2077 inopia,
504 2007 634 2077 cupi
676 2008 813 2071 itas,
861 2006 1075 2060 scelera
1120 2006 1516 2074 stimulabant,
1561 2006 1916 2060 consulatum
1960 2006 2019 2060 in
2055 2021 2266 2059 annum

240 2085 345 2133 691
383 2096 437 2148 p.
475 2094 529 2133 u.
568 2095 615 2132 c.
652 2076 886 2146 petivit,
938 2078 1037 2131 sed
1075 2093 1225 2143 cum,
1264 2092 1406 2145 quae
1441 2078 1503 2130 in
1540 2076 1727 2131 animo
1765 2075 2041 2143 habebat,
2077 2076 2265 2145 perni-

240 2150 397 2203 ciosa
450 2149 533 2203 rei
586 2147 847 2219 publicae
903 2148 1138 2202 consilia
1189 2164 1391 2216 parum
1445 2147 1730 2202 occultata
1784 2148 1997 2211 essent,
2063 2147 2266 2202 studiis

238 2220 515 2274 bonorum
552 2218 802 2273 omnium
837 2217 912 2273 M.
931 2217 1147 2272 Tullius
1186 2218 1379 2273 Cicero
1417 2234 1530 2271 una
1558 2234 1684 2271 cum
1712 2216 1768 2274 C.
1789 2218 2037 2272 Antonio
2066 2218 2268 2272 consul

238 2290 423 2345 factus
468 2290 568 2344 est.
646 2290 767 2355 Qua
815 2304 876 2343 re
914 2292 1225 2344 commotus
1263 2288 1326 2343 L.
1365 2288 1610 2343 Catilina
1645 2290 1720 2344 M.
1751 2288 2018 2343 Cicerone
2054 2288 2112 2344 C.
2151 2290 2267 2343 An-

240 2361 401 2415 tonio
447 2360 771 2415 consulibus
821 2360 1077 2429 cupidius
1125 2361 1299 2413 etiam
1345 2377 1447 2414 sua
1491 2359 1730 2415 consilia
1776 2360 2014 2429 recepit,
2061 2359 2268 2427 quibus

240 2433 481 2485 maxime
528 2430 813 2486 Ciceronis
862 2430 1106 2485 consulis
1154 2430 1456 2500 diligentia
1498 2430 1733 2498 restitit,
1781 2430 1856 2485 ad
1900 2446 2067 2498 quem
2116 2430 2268 2487 Cati·

242 2502 393 2555 linae
432 2501 664 2571 eiusque
701 2502 980 2556 sociorum
1018 2502 1255 2556 consilia
1293 2518 1326 2556 a
1364 2500 1576 2568 Fulvia,
1614 2501 1848 2556 muliere
1883 2500 2079 2567 nobili,
2117 2517 2268 2569 quae

242 2588 361 2626 rem
411 2572 661 2627 habebat
707 2588 835 2626 cum
872 2571 933 2636 Q.
966 2570 1157 2640 Curio,
1208 2572 1307 2640 qui
1351 2573 1636 2641 particeps
1684 2572 1793 2626 fuit
1830 2571 2268 2642 conspirationis

242 2642 415 2708 illius,
454 2642 863 2696 deferebantur.
932 2642 1071 2696 Cum
1108 2644 1295 2697 autem
1332 2642 1445 2698 ista
1480 2642 1632 2697 mala
1669 2643 1906 2697 consilia
1943 2645 2141 2697 contra
2179 2660 2269 2697 sa-

244 2712 424 2766 lutem
460 2712 543 2767 rei
579 2712 839 2782 publicae
878 2729 913 2766 a
948 2714 1253 2768 coniuratis
1291 2714 1433 2768 inita
1468 2715 1716 2784 apertius
1752 2715 1867 2769 iam
1898 2715 2269 2782 agitarentur,

246 2784 473 2838 senatus
503 2783 823 2837 consultum
851 2783 1066 2838 factum
1094 2786 1197 2851 est,
1236 2786 1439 2839 darent
1471 2800 1699 2854 operam
1729 2786 2002 2851 consules,
2031 2802 2101 2839 ne
2130 2784 2271 2853 quid

246 2854 593 2980 {3¹53}ssss
621 2853 1235 2994 {ffgffisstssrffiiffiss
1262 2854 1766 2996 ἓῖἓῗὲὲἳὲῗέιοίῗ
1784 2853 2272 2994 εὶξῑὲἶξῇῑιῗιέξῗ

244 2966 665 3065 ςηατεηίςιιτᾷιιο
701 2995 769 3050 Ι).
808 2994 1031 3050 Silanus
1070 2998 1129 3051 et
1165 2996 1226 3051 L.
1264 2996 1512 3051 Murena.
1589 2995 1742 3061 Quae
1779 3013 1906 3051 cum
1943 2997 2027 3051 ita
2062 3000 2272 3064 essent,

246 3066 310 3120 1..
350 3065 621 3135 Catilina,
675 3066 772 3135 qui
815 3066 930 3120 iam
978 3068 1110 3121 ante
1146 3082 1247 3136 per
1283 3066 1508 3122 Italiam
1551 3069 1624 3121 ad
1659 3067 1912 3122 homines
1951 3068 2271 3136 seditiosos,

246 3138 488 3192 maxime
527 3138 743 3192 veteres
773 3136 832 3191 L.
864 3136 1056 3192 Sullae
1091 3138 1322 3206 milites,
1360 3138 1726 3193 concitandos
1763 3137 1990 3193 nuntios
2019 3138 2273 3207 miserat,

247 3207 322 3261 ad
371 3208 428 3263 C.
466 3208 765 3277 Manlium,
820 3209 916 3277 qui
971 3207 1263 3277 Faesulas,
1313 3209 1374 3262 in
1426 3210 1620 3263 urbem
1670 3209 1926 3263 Etruriae
1976 3210 2273 3277 munitam,

244 3294 474 3333 manum
535 3281 880 3334 armatorum
935 3280 1223 3348 coegerat,
1277 3278 1555 3349 proficisci
1609 3280 1906 3335 constituit
1951 3282 2012 3334 et
2056 3279 2274 3335 bellum

245 3350 467 3471 patriae
524 3350 729 3405 inferre
778 3350 1211 3418 convocatisque
1256 3351 1448 3417 nocte,
1504 3366 1647 3418 quae
1691 3351 1837 3405 inter
1882 3348 2013 3404 VIII
2061 3351 2119 3405 et
2165 3350 2276 3405 VH

276 3418 328 3474 d.
366 3418 712 3476 Novembres
751 3422 899 3488 erat,
960 3420 1129 3475 sociis
1166 3419 1227 3473 in
1264 3420 1492 3475 domum
1527 3422 1601 3479 M.
1638 3422 1801 3476 Porci
1837 3421 2052 3475 Laecae
2089 3420 2276 3476 consi-

246 3488 403 3556 lium,
434 3491 583 3559 quod
612 3492 857 3563 ceperat,
888 3490 1122 3562 aperuit.
1180 3489 1304 3557 Qua
1328 3493 1390 3546 in
1409 3492 1846 3559 congregatione
1865 3493 2141 3545 nocturna
2161 3492 2275 3547 duo
