2534 3875
584 910 679 983 M.
757 909 1114 983 TULLI
1190 910 1834 985 CICERONIS

364 1073 480 1157 IN
544 1072 1125 1159 CATILINAM
1187 1073 1568 1160 ORATIO
1633 1074 2058 1178 QUARTA

706 1244 1079 1316 HABITA
1133 1245 1242 1316 IN
1299 1243 1702 1320 SENATU.

1100 1401 1312 1410 --—·—-

886 1504 1323 1570 ARGUMEN
1327 1503 1530 1571 TUM.

334 1625 473 1682 Cum
498 1625 574 1681 M.
594 1625 791 1680 Cicero
828 1625 1027 1680 consul
1051 1624 1231 1680 Nonis
1260 1625 1664 1679 Decembribus
1703 1629 1961 1680 senatum
1985 1626 2049 1682 in
2073 1627 2216 1684 aede

190 1695 343 1750 Iovis
390 1695 633 1752 Statoris
680 1697 1021 1765 consuleret,
1067 1695 1204 1765 quid
1249 1696 1320 1749 de
1365 1695 1436 1750 iis
1484 1695 1887 1752 coniurationis
1935 1696 2215 1754 Catilinae

194 1765 362 1821 sociis
412 1766 534 1822 fieri
577 1766 855 1838 placeret,
903 1765 1002 1835 qui
1044 1766 1106 1822 in
1152 1766 1467 1822 custodiam
1515 1765 1714 1822 traditi
1751 1769 1967 1836 essent,
2003 1767 2216 1824 factum

195 1840 309 1905 est,
344 1839 410 1892 ut
445 1838 591 1892 duae
625 1835 983 1909 potissimum
1020 1838 1332 1891 sententiae
1371 1840 1841 1908 proponerentur,
1879 1854 1992 1892 una
2028 1839 2093 1893 D.
2134 1839 2216 1892 Si-

192 1908 314 1963 lani
358 1906 605 1964 consulis
652 1909 964 1979 designati,
1012 1907 1111 1977 qui
1153 1909 1337 1962 morte
1383 1907 1706 1964 multandos
1751 1909 1884 1963 illos
1933 1909 2213 1979 censebat,

194 1980 378 2035 altera
420 1981 479 2035 C.
528 1979 807 2046 Caesaris,
863 1978 962 2047 qui
1014 1980 1145 2034 illos
1200 1978 1509 2059 publicatis
1553 1979 1718 2034 bonis
1763 1996 1864 2049 per
1909 1980 2217 2050 municipia

192 2050 393 2106 Italiae
438 2050 854 2106 distribuendos
902 2066 969 2104 ac
1013 2048 1253 2105 vinculis
1301 2051 1658 2120 sempiternis
1703 2050 1979 2105 tenendos
2026 2052 2214 2106 existi·

192 2122 403 2175 mahat.
479 2120 616 2176 Cum
654 2123 843 2175 autem
877 2121 1069 2189 plures
1107 2122 1395 2175 senatores
1430 2121 1505 2176 ad
1542 2120 1600 2176 C.
1642 2120 1896 2176 Caesaris
1935 2138 2105 2189 quam
2142 2122 2216 2175 ad

193 2192 259 2245 D.
298 2190 478 2247 Silani
514 2191 850 2247 sententiam
886 2190 1156 2245 inclinare
1191 2191 1542 2260 viderentur,
1592 2192 1664 2245 M.
1706 2192 1899 2246 Cicero
1939 2208 2031 2258 ea,
2071 2208 2214 2259 quae

192 2261 341 2317 infra
382 2261 616 2332 legitur,
663 2260 919 2331 oratione
957 2260 1136 2315 Silani
1173 2260 1511 2315 sententiam
1549 2261 1940 2317 commendare
1979 2261 2212 2317 studuit.

322 2511 529 2577 Video
539 2564 557 2596 ‚
609 2514 831 2596 patres
888 2512 1265 2595 conscripti,
1319 2510 1389 2576 in
1435 2533 1538 2576 me
1587 2512 1877 2577 omnium
1922 2492 2280 2617 vestrum}

192 2623 309 2666 ora
352 2604 549 2684 atque
594 2600 816 2665 oculos
863 2621 1003 2665 esse
1041 2620 1406 2682 conversos,
1449 2599 1636 2664 video
1674 2621 1789 2664 vos
1827 2622 1963 2665 non
1999 2601 2213 2665 solum

193 2689 271 2753 de
315 2693 535 2753 vestro
580 2710 654 2753 ac
699 2688 795 2752 rei
840 2688 1165 2771 publicae,
1218 2710 1445 2752 verum
1492 2688 1719 2771 etiam,
1776 2688 1833 2752 si
1875 2688 1943 2752 id
1990 2689 2210 2773 depul-

194 2800 337 2842 sum
392 2777 505 2861 sit,
567 2775 644 2840 de
702 2798 847 2841 meo
900 2777 1188 2860 periculo
1246 2798 1387 2841 esse
1443 2776 1776 2841 sollicitos,
1867 2776 1992 2841 Est
2048 2777 2212 2840 mihi

108 2894 136 2935 5
192 2864 471 2930 iucunda
522 2863 593 2929 in
644 2864 835 2929 malis
891 2868 958 2929 et
1014 2869 1206 2949 grata
1260 2866 1330 2929 in
1375 2864 1597 2929 dolore
1641 2869 1862 2928 vestra
1908 2886 2066 2951 erga
2110 2886 2213 2927 me

192 2954 523 3031 voluntas,
578 2952 691 3017 sed
738 2975 908 3035 eam,
962 2974 1079 3035 per
1125 2953 1279 3017 deos
1325 2953 1727 3035 inmortale8‚
1773 2953 2074 3034 deponite
2121 2956 2214 3015 at-

194 3063 316 3126 que
363 3041 554 3105 obliti
600 3041 832 3105 salutis
880 3062 1061 3105 meae
1107 3039 1185 3105 de
1232 3041 1417 3106 vobis
1465 3061 1540 3105 ac
1588 3041 1665 3104 de
1711 3041 1943 3104 vestris
1989 3040 2212 3103 liberis

195 3130 496 3216 cogitate.
559 3127 723 3193 Mihi
761 3129 816 3193 si
852 3129 1013 3194 haec
1050 3128 1340 3193 condicio
1381 3129 1756 3194 consulatus
1795 3128 1948 3191 data
1983 3131 2103 3209 est,
2138 3132 2215 3191 ut

196 3217 405 3283 omnis
470 3217 883 3301 acerbitateS,
956 3218 1168 3281 omnis
1234 3217 1490 3282 dolores
1555 3217 2005 3299 cruciatusque
2069 3236 2214 3301 per-

112 3333 169 3373 ιο
196 3306 449 3389 ferrem,
475 3304 682 3369 feram
707 3327 842 3369 non
871 3306 1083 3370 solum
1110 3304 1390 3388 fortiter,
1417 3327 1640 3370 verum
1672 3305 1869 3370 etiam
1898 3304 2214 3386 lubenter,

195 3394 345 3458 dum
402 3394 593 3458 modo
649 3393 810 3458 meis
867 3393 1201 3458 laboribus
1259 3394 1445 3459 vobis
1501 3394 1872 3479 populoque
1918 3392 2212 3457 Romano

195 3481 480 3568 dignitas
555 3483 855 3566 salusque
927 3482 1240 3567 pariatur.
1349 3482 1496 3568 Ego
1571 3504 1715 3547 sum
1787 3481 1898 3546 ille
1973 3480 2215 3559 consul,
2253 3498 2285 3546 2
