2534 3875
361 118 496 183 400
930 116 1073 172 PRO
1113 118 1172 171 L.
1213 116 1495 173 FLACCO
1537 116 1827 173 ORATIO.

361 261 774 343 confecisset,
821 262 1099 326 classem
1145 266 1368 326 tamen
1414 262 1619 326 isdem
1666 262 1813 327 istis
1862 261 2240 327 civitatibus
2289 262 2408 327 im·

359 351 633 438 peravit.
726 347 911 425 Quod
972 349 1029 413 si
1082 353 1223 414 tum
1274 350 1509 414 statuit
1557 372 1721 434 opus
1770 371 1940 433 esse,
1998 370 2145 414 cum
2194 351 2407 435 ipsius

360 437 726 523 praesentis
770 437 1033 503 nomine
1069 443 1218 502 tuta
1255 439 1475 503 omnia
1512 440 1579 503 et
1616 442 1854 523 pacata
1892 460 2033 503 esse
2069 443 2407 523 poterant,

363 526 537 611 quid,
583 548 730 591 cum
776 526 890 590 1110
937 526 1339 608 decessisset,
1385 525 1621 591 Flacco
1671 525 2066 591 existimatis
2116 531 2408 592 statuen-

254 594 342 722 ἐὲ
364 616 516 679 dum
563 618 631 679 et
673 614 1042 679 faciendum
1086 614 1334 678 fuisse?
1408 613 1622 688 Quid?
1668 636 1791 679 nos
1836 613 1945 680 hic
1989 636 2205 679 nonne
2253 618 2405 699 ipso
2434 638 2461 679 ⁵

361 702 673 788 Pompeio
731 706 994 767 auctore
1044 700 1264 767 Silano
1324 706 1391 767 et
1433 702 1707 767 Murena
1762 703 2138 767 consulibus
2187 703 2408 769 decre-

360 792 599 875 vimus,
658 794 734 855 ut
788 790 1018 856 classis
1064 790 1135 854 in
1179 790 1376 855 Italia
1422 790 1811 876 navigaret?
1866 812 2081 855 nonne
2130 813 2206 856 eo
2252 793 2404 875 ipso

360 885 682 964 tempore,
729 902 876 944 cum
923 878 995 943 L.
1040 878 1313 943 Flaccus
1360 880 1432 944 in
1476 879 1639 943 Asia
1683 878 1965 965 remiges
2013 879 2407 963 imperabat,

359 990 480 1034 nos
527 968 636 1032 hic
678 968 749 1033 in
794 988 972 1032 mare
1011 989 1321 1049 superum
1359 973 1425 1031 et
1461 966 1743 1031 inferum
1780 968 2156 1032 sestertium
2194 974 2297 1033 ter
2333 974 2405 1033 et

362 1056 794 1141 quadragiens
843 1056 1321 1139 erogabamus‘?
1388 1053 1601 1130 Quid?
1647 1059 1914 1140 postero
1964 1077 2136 1121 anno
2183 1078 2404 1121 nonne
2436 1081 2489 1119 ιο

361 1143 449 1209 M.
480 1143 709 1210 Curtio
740 1147 808 1208 et
833 1142 905 1208 P.
935 1142 1208 1208 Sextilio
1238 1144 1695 1230 quaestoribus
1724 1144 1997 1228 pecunia
2025 1144 2094 1207 in
2122 1143 2405 1209 classem

362 1234 464 1296 est
511 1232 826 1318 erogata?
891 1229 1104 1306 Quid?
1150 1232 1277 1297 hoc
1322 1232 1501 1297 omni
1546 1236 1838 1317 tempore
1885 1232 2135 1316 equites
2178 1233 2251 1297 in
2288 1256 2405 1299 ora

360 1320 692 1385 maritima
743 1342 878 1385 11011
930 1319 1239 1385 fuerunt?
1333 1319 1461 1385 Illa
1516 1325 1621 1385 cst
1678 1320 1851 1385 enim
1909 1321 2123 1406 gloria
2181 1321 2405 1387 divina

359 1406 660 1493 Pompei,
723 1410 1009 1493 primum
1063 1407 1425 1493 praedones
1483 1430 1625 1487 eos,
1692 1409 1804 1493 qui
1858 1412 2030 1493 tum,
2095 1431 2243 1474 cum
2301 1411 2402 1474 illi

361 1496 612 1561 bellum
675 1497 1076 1562 maritimum
1139 1498 1497 1581 gerendum
1553 1498 1777 1563 datum
1835 1500 1965 1580 est,
2028 1501 2173 1562 toto
2233 1499 2402 1563 mari
2434 1522 2487 1561 15

363 1585 640 1670 dispersi
667 1587 1097 1670 vagabantur,
1125 1584 1423 1650 redactos
1454 1608 1595 1650 esse
1626 1606 1857 1651 omnes
1886 1585 1957 1649 in
1984 1590 2404 1670 potestatem,

363 1673 592 1738 deinde
641 1672 898 1757 Syriam
945 1695 1085 1739 esse
1129 1679 1443 1756 nostram,
1489 1672 1786 1739 Ciliciam
1834 1674 2061 1757 teneri,
2109 1672 2403 1759 Cyprum

361 1784 479 1848 per
515 1761 973 1828 Ptolomaeum
1008 1781 1231 1846 regem
1265 1762 1432 1826 nihil
1472 1763 1726 1846 audere,
1761 1764 2101 1845 praeterea
2131 1761 2404 1829 Cretam

359 1849 610 1914 Metelli
656 1852 902 1915 virtute
936 1871 1090 1937 0330
1137 1854 1461 1933 nostram,
1506 1851 1673 1914 nihil
1722 1871 1881 1933 esse,
1926 1850 2097 1915 unde
2144 1852 2404 1935 profici-

363 1942 649 2022 scantur,
693 1940 876 2020 nihil,
923 1961 1050 2023 quo
1096 1943 1529 2023 revertantur,
1575 1961 1799 2004 omnes
1846 1940 2047 2022 sinus,
2091 1962 2403 2024 promun-
2434 1965 2489 2004 20

362 2027 556 2112 turia,
591 2028 810 2112 litora,
846 2027 1114 2109 insulaS,
1151 2028 1346 2092 urbes
1386 2028 1751 2092 maritimas
1792 2027 2097 2092 claustris
2138 2030 2402 2114 imperii
2515 2073 2516 2076 =

255 2132 321 2181 31
362 2115 574 2181 nostri
642 2115 979 2181 contineri.
1085 2115 1332 2191 Quodsi
1390 2115 1625 2180 Flacco
1695 2118 1996 2198 praetore
2064 2139 2257 2181 nemo
2330 2119 2402 2182 in

365 2204 531 2268 mari
573 2204 817 2289 praedo
863 2203 1114 2288 fuisset,
1151 2207 1376 2268 tamen
1420 2204 1615 2268 huius
1664 2204 2008 2290 diligentia
2053 2206 2401 2290 reprehen-

365 2292 572 2356 denda
633 2314 767 2357 non
833 2295 1022 2356 esset.
1130 2291 1378 2357 Idcirco
1444 2292 1646 2376 enim,
1711 2293 1883 2376 quod
1947 2293 2056 2358 hic
2120 2295 2401 2359 classem

362 2380 718 2458 habuisset,
765 2380 1206 2444 existimarem
1250 2402 1385 2445 non
1430 2381 1647 2445 fuisse.
1740 2379 1951 2455 Quid?
2001 2381 2058 2445 si
2103 2380 2175 2445 L.
2206 2382 2401 2466 Eppi‚
2430 2402 2481 2444 25

361 2467 436 2532 L.
483 2467 675 2552 Agri,
723 2466 792 2534 C.
840 2467 1044 2551 Cesti,
1093 2468 1385 2551 equitum
1431 2469 1905 2552 Romanorum,
1949 2470 2144 2534 huius
2193 2471 2397 2536 etiam

363 2555 714 2620 clarissimi
758 2556 912 2639 viri,
968 2555 1084 2620 Cn.
1129 2556 1407 2640 Domiti,
1464 2557 1574 2642 qui
1619 2557 1689 2620 in
1734 2558 1899 2622 Asia
1944 2560 2086 2622 tum
2133 2558 2399 2645 legatus

363 2644 507 2727 fuit,
551 2644 928 2709 testimonio
978 2644 1174 2709 doceo
1223 2666 1299 2710 00
1346 2646 1490 2729 ipso
1538 2650 1850 2729 tempore,
1896 2667 2023 2730 quo
2070 2649 2145 2710 tu
2191 2669 2399 2734 negas

363 2733 637 2796 classem
700 2731 1068 2796 habendam
1129 2732 1363 2817 fuisse,
1431 2733 1796 2816 complures
1862 2755 1902 2798 a
1955 2733 2398 2818 praedonibus

365 2840 506 2884 0330
553 2824 799 2904 00111103,
845 2824 1066 2885 tamen
1109 2820 1328 2885 Flacci
1374 2821 1715 2886 consilium
1761 2822 1831 2885 in
1875 2823 2233 2906 remigibus
2282 2825 2400 2890 im·
2428 2843 2481 2883 so

365 2908 667 2993 perandis
722 2908 1273 2993 reprehendetur?
1366 2908 1561 2987 Quid,
1617 2911 1671 2974 si
1730 2911 1931 2974 etiam
1987 2910 2239 2976 occisus
2300 2919 2402 2977 est

365 3019 404 3061 a
458 2995 690 3078 piratis
744 2997 1231 3079 Adramytenus
1288 2997 1483 3062 homo
1538 2998 1810 3080 nobilis,
1866 2999 2047 3064 cuius
2104 3003 2206 3064 est
2263 3001 2399 3066 fere

362 3085 553 3149 nobis
602 3085 902 3150 omnibus
947 3107 1189 3150 nomen
1234 3085 1555 3169 auditum,
1602 3084 1898 3170 Atyanas
1944 3087 2131 3173 pugil
2179 3087 2400 3172 Olym-

361 3173 695 3257 pionices?
751 3173 875 3238 hoc
930 3177 1031 3237 est
1085 3173 1259 3258 apud
1306 3172 1619 3257 GraecOS,
1678 3175 1987 3258 quoniam
2042 3175 2121 3240 de
2170 3198 2399 3242 eorum

365 3261 692 3346 gravitate
759 3261 1056 3344 (1101111113,
1119 3283 1325 3346 prope
1390 3262 1599 3327 maius
1665 3267 1731 3327 et
1786 3263 2138 3349 gloriosius
2197 3287 2397 3349 quam
2427 3284 2483 3324 85

363 3347 611 3412 Romae
676 3348 1133 3433 triumphasse.
1239 3349 1355 3412 eAt
1418 3349 1742 3415 neminem
1808 3351 2081 3435 cepisti?
2182 3352 2396 3428 Quam

364 3435 556 3499 multi
603 3457 755 3500 orae
803 3437 1170 3502 maritimae
1217 3437 1567 3502 clarissimi
1612 3439 1740 3502 viri
1785 3439 2237 3526 praefuerunt,
2285 3444 2398 3528 qui
