2534 3875
338 168 466 233 146
863 169 1008 223 PRO
1048 167 1114 222 A.
1155 166 1519 223 CLUENTIO
1560 166 1852 224 ORATIO.

337 314 536 396 dices,
597 315 930 377 senatores
994 310 1371 397 equitesque
1430 310 1738 394 Romani,
1797 313 1868 376 in
1928 312 2387 397 compluribus

334 402 467 466 iam
521 400 673 484 reiS,
733 422 896 485 quos
953 403 1185 465 contra
1243 400 1423 485 leges
1479 400 1789 483 pecunias
1848 401 2175 485 accepisse
2231 403 2387 466 sub-

335 490 653 573 scriptum
721 492 847 571 est,
913 510 1067 553 suae
1125 488 1349 573 potius
1409 487 1717 573 religioni
1777 510 1973 574 quam
2035 510 2385 555 censorum

336 577 629 662 opinioni
674 578 1048 661 paruerunt.
1139 575 1391 640 Deinde
1436 580 1774 661 praetores
1822 576 2075 661 urbani,
2126 576 2240 661 qui
2285 578 2385 643 iu-

335 667 465 731 rati
504 665 742 730 debent
781 665 1103 749 optimum
1142 685 1459 749 quemque
1497 665 1565 729 in
1602 666 1806 730 lectos
1841 665 2087 730 iudices
2116 665 2384 751 referre,
2413 684 2445 726 ε

333 776 692 837 numquam
761 753 888 817 sibi
957 752 1040 816 ad
1109 774 1254 817 eam
1324 774 1465 816 rem
1525 752 1886 818 censoriam
1944 754 2385 839 ignominiam

228 859 330 908 122
352 842 818 926 impedimento
875 861 1019 905 esse
1070 844 1373 925 oportere
1422 842 1760 907 duxerunt.
1834 840 2152 907 Censores
2200 843 2385 908 deni-

333 952 456 1014 que
523 930 653 1014 ipsi
719 950 1183 1013 saepenumero
1240 930 1650 1012 superiorum
1708 951 2047 995 censorum
2102 930 2383 1015 iudiciis,

334 1019 392 1083 si
436 1018 568 1082 ista
612 1017 853 1082 iudicia
899 1018 1232 1101 appellare
1281 1017 1501 1102 vultis,
1546 1040 1681 1082 non
1726 1022 2065 1083 steterunt.
2156 1019 2383 1104 Atque

335 1107 532 1170 etiam
601 1106 731 1189 ipsi
798 1105 972 1169 inter
1033 1128 1102 1169 se
1163 1127 1464 1171 censores
1526 1128 1643 1171 sua
1702 1106 1940 1171 iudicia
1998 1108 2170 1171 tanti
2234 1130 2380 1173 esse
2414 1127 2473 1166 10

335 1194 767 1272 arbitrantur,
823 1196 898 1257 ut
953 1194 1121 1257 alter
1185 1194 1457 1258 alterius
1504 1194 1814 1259 iudicium
1858 1217 1994 1260 non
2040 1195 2233 1260 modo
2282 1218 2383 1261 re·-

331 1281 720 1367 prehendat‚
787 1282 899 1346 sed
961 1282 1159 1346 etiam
1220 1282 1575 1365 rescindat,
1639 1286 1716 1346 ut
1775 1284 1944 1348 alter
2004 1283 2081 1347 de
2143 1288 2384 1349 senatu

333 1391 595 1435 movere
642 1370 832 1453 velit,
881 1370 1043 1435 alter
1098 1371 1381 1435 retineat
1426 1374 1494 1435 et
1538 1370 1761 1436 ordine
1820 1372 2226 1456 amplissimo
2286 1373 2383 1436 di-

335 1480 536 1544 gnum
585 1458 930 1542 existimet,
977 1462 1052 1523 ut
1099 1460 1268 1523 alter
1313 1458 1383 1522 in
1430 1460 1717 1524 aerarios
1762 1460 1991 1525 referri
2038 1464 2152 1525 aut
2196 1460 2383 1526 tribu

333 1548 579 1611 moveri
615 1547 858 1630 iubeat,
895 1547 1062 1611 alter
1098 1550 1295 1612 vetet.
1362 1546 1576 1623 Quare
1616 1548 1727 1633 qui
1763 1548 1952 1612 vobis
1990 1549 2059 1613 in
2088 1552 2378 1615 mentem
2412 1568 2470 1608 15

333 1635 512 1700 venit
565 1635 727 1700 haec
785 1636 1116 1720 appellare
1162 1635 1427 1716 iudicia,
1483 1657 1647 1721 quae
1696 1659 1735 1700 a
1780 1637 2025 1721 populo
2074 1638 2379 1721 rescindi,

334 1725 416 1788 ab
454 1724 688 1789 iuratis
726 1724 1048 1788 iudicibus
1087 1724 1437 1808 repudiari,
1476 1747 1515 1788 a
1552 1724 2050 1808 magistratibus
2087 1726 2380 1811 neglegi,

335 1813 416 1876 ab
454 1812 556 1895 iis,
593 1813 704 1895 qui
743 1812 1013 1876 eandem
1051 1814 1454 1895 potestatem
1492 1813 1713 1897 adepti
1750 1816 1922 1896 sunt,
1962 1815 2379 1898 commutari,

332 1901 506 1965 inter
553 1901 843 1986 collegas
892 1900 1256 1984 discrepare
1304 1900 1625 1966 videatis?

487 1987 665 2064 Quae
722 2010 869 2054 cum
915 1990 1011 2052 ita
1071 1990 1230 2072 sint,
1287 1989 1649 2069 videamus,
1707 1990 1862 2075 quid
1908 1991 2175 2055 tandem
2234 2013 2378 2057 cen·
2412 2011 2472 2050 20

353 2099 533 2143 sores
582 2077 660 2141 de
706 2077 824 2141 illo
870 2077 1108 2141 iudicio
1157 2081 1465 2161 corrupto
1513 2079 1834 2142 iudicasse
1870 2078 2202 2145 dicantur.
2277 2080 2381 2145 Ac

332 2166 618 2250 primum
673 2165 837 2229 illud
892 2169 1289 2248 statuamuS,
1343 2169 1591 2249 utrum,
1658 2167 1809 2249 quia
1868 2189 2166 2232 censores
2221 2169 2381 2232 ›sub-

336 2253 745 2338 scripserint,
810 2254 906 2318 ita
961 2253 1075 2335 sit,
1131 2275 1243 2337 an,
1300 2254 1453 2338 quia
1507 2255 1604 2317 ita
1655 2254 1884 2338 fuerit,
1937 2256 2049 2319 illi
2094 2257 2381 2322 subscri-

333 2342 603 2442 pserint.
669 2340 738 2405 Si
778 2342 929 2426 quia
968 2341 1495 2426 subscripserint,
1540 2341 1771 2424 videte,
1819 2343 1973 2427 quid
2012 2346 2249 2429 agatiS,
2294 2367 2379 2410 ne

333 2431 404 2492 in
467 2451 668 2493 unum
735 2451 1052 2513 quemque
1116 2434 1417 2494 nostrum
1484 2431 1859 2495 censoribus
1914 2432 1985 2494 in
2037 2437 2379 2534 posterum
2410 2451 2471 2492 25

333 2521 733 2600 potestatem
770 2518 1022 2602 regiam
1060 2518 1478 2602 permittatiS,
1523 2541 1607 2588 ne
1645 2519 2039 2604 subscriptio
2080 2522 2379 2586 censoria

331 2626 466 2668 non
519 2606 734 2670 minus
791 2606 1184 2670 calamitatis
1242 2607 1493 2672 civibus
1543 2630 1739 2690 quam
1783 2608 1904 2672 illa
1950 2609 2379 2674 acerbissima

331 2692 722 2777 proscriptio
769 2694 983 2777 possit
1029 2693 1311 2778 adferre,
1355 2717 1438 2759 ne
1486 2697 1850 2761 censorium
1900 2697 2142 2780 stilum,
2190 2698 2376 2763 cuius

333 2801 706 2845 mucronem
756 2781 981 2868 multis
1028 2783 1331 2847 remediis
1376 2784 1654 2849 maiores
1693 2785 1907 2850 nostri
1941 2787 2381 2870 rettuderunt,

336 2891 537 2954 aeque
584 2870 863 2953 posthac
911 2874 1104 2955 atque
1149 2871 1341 2937 illum
1381 2872 1801 2937 dictatorium
1842 2873 2195 2958 [gladium]
2232 2897 2379 2958 per·
2408 2893 2473 2933 30

231 2974 332 3022 124
352 2957 788 3023 timescamuS.
882 2957 995 3023 Sin
1043 2963 1289 3044 autem,
1344 2961 1517 3044 quod
1564 2961 2006 3044 subscriptum
2054 2965 2175 3045 est,
2227 2965 2383 3047 quia

333 3067 559 3110 verum
607 3049 733 3130 est,
787 3047 1026 3112 idcirco
1088 3069 1289 3134 grave
1337 3049 1531 3113 debet
1576 3071 1747 3133 esse,
1801 3050 1926 3114 hoc
1974 3072 2382 3135 quaeramuS,

334 3156 561 3198 verum
617 3135 704 3198 sit
761 3157 844 3200 an
897 3136 1168 3222 falsum3
1237 3143 1697 3203 removeantur
1756 3139 2179 3203 auctoritates
2238 3161 2383 3204 cen-

337 3223 574 3306 soriae,
633 3224 908 3288 tollatur
966 3225 1034 3288 id
1081 3247 1158 3290 ex
1207 3247 1427 3309 causa,
1478 3226 1649 3309 quod
1703 3226 1773 3289 in
1829 3249 2025 3292 eausa
2070 3248 2205 3291 11011
2252 3233 2371 3310 est3

336 3311 509 3394 doce,
558 3333 754 3394 quam
800 3313 1144 3395 pecuniam
1183 3313 1523 3379 Cluentius
1574 3314 1843 3397 dederit,
1889 3317 2059 3379 unde
2106 3315 2378 3400 dederit,
2409 3335 2468 3376 35

337 3419 525 3481 quem
589 3400 672 3463 ad
732 3401 998 3465 modum
1065 3401 1343 3484 dederit3
1405 3424 1608 3465 unum
1670 3402 1946 3486 denique
2010 3403 2278 3489 aliquod
2344 3428 2383 3470 a

339 3486 639 3552 Cluentio
685 3489 1020 3574 profectae
1066 3490 1379 3572 pecuniae
1418 3490 1773 3576 vestigium
1812 3491 2097 3556 ostende.
2175 3492 2386 3559 Vince

224 1968 315 2030 44

231 2058 329 2107 123
