2534 3875
204 388 269 439 19

232 726 276 790 9

196 1979 267 2028 20

194 3078 262 3127 21

312 139 399 204 24
858 137 1002 194 PRO
1042 139 1113 194 M.
1153 137 1479 195 FONTEIO
1521 137 1812 226 ΟβΑΤῘΟ.

310 301 406 350 AD
455 282 523 350 C.
572 281 949 350 Fonmmu
995 301 1183 367 nne„
1238 282 1309 347 L.
1357 301 1421 348 A.
1467 301 1558 348 AB
1607 280 1678 348 C.
1723 282 1960 348 Anmo
2017 300 2202 366 LEG„
2258 300 2358 348 AB

312 371 379 438 C.
425 370 749 439 FONTEIO
797 389 959 437 ΒΕΘ.
1053 375 1139 454 [9]
1218 370 1394 436 Satis
1453 371 1683 455 opinor
1731 393 1872 436 esse
1919 371 2357 456 perspicuum,

308 460 581 545 iudices,
636 461 807 527 hanc
860 461 1186 525 rationem
1233 459 1618 524 munitionis
1671 481 1881 544 neque
1928 460 2008 524 ad
2053 458 2140 524 M.
2186 459 2238 524 F
2241 481 2358 525 on-

308 549 513 614 teium
560 549 888 633 pertinere
936 552 1001 613 et
1048 549 1132 614 ab
1186 548 1269 613 iis
1317 569 1458 614 esse
1514 551 1896 633 tractatam,
1950 569 2110 633 quos
2155 569 2354 613 nemo

309 639 522 723 possit
566 637 1055 721 reprehendere.
2385 656 2418 696 s

443 726 539 807 [5]
590 723 981 811 Cognoscite
1035 746 1207 791 nunc
1263 725 1343 790 de
1390 724 1659 790 crimine
1704 725 1983 810 vinari0‚
2038 727 2211 811 quod
2247 726 2357 791 illi

305 813 890 880 invidiosissimum
936 818 1006 879 et
1051 813 1412 878 maximum
1457 835 1600 879 esse
1644 813 2008 879 voluerunt.
2090 813 2358 880 Crimen

308 925 349 967 a
391 901 756 986 Plaetori0‚
811 901 1085 984 iudiceS,
1138 901 1235 966 ita
1281 902 1712 967 constitutum
1759 906 1887 986 est,
1944 901 2031 967 M.
2075 901 2355 968 Fonteio

302 1012 441 1055 non
486 991 555 1056 in
601 988 821 1055 Gallia
876 991 1160 1073 primum
1206 990 1462 1056 venisse
1517 991 1590 1055 in
1643 994 1955 1070 mentem,
2002 996 2077 1056 ut
2131 995 2357 1077 porto-

306 1079 477 1143 rium
523 1078 659 1143 vini
703 1079 1103 1162 institueret,
1164 1078 1280 1143 sed
1324 1079 1447 1144 hac
1492 1079 1658 1143 inita
1710 1077 1844 1143 iam
1891 1101 1967 1144 ac
2011 1081 2356 1164 proposita
2389 1101 2450 1140 10

305 1167 562 1232 ratione
631 1166 843 1232 Roma
900 1167 1286 1251 profectum.
1392 1167 1625 1251 Itaque
1685 1165 2010 1232 Titurium
2070 1168 2356 1234 Tolosae

306 1258 663 1340 quaternos
711 1256 1011 1321 denarios
1056 1256 1127 1321 in
1165 1256 1462 1341 singulas
1509 1255 1646 1320 vini
1683 1255 2035 1339 amphoras
2073 1257 2357 1340 portorii

305 1344 569 1410 nomine
616 1344 934 1428 exegisse,
980 1346 1027 1429 †
1075 1342 1362 1409 Croduni
1408 1343 1712 1408 Porcium
1769 1349 1836 1408 et
1880 1343 2178 1410 Munium
2224 1347 2356 1409 ter·

306 1453 425 1498 nos
474 1434 879 1517 victoriatOS‚
923 1430 1335 1498 Vulchalone
1390 1430 1745 1497 Servaeum
1792 1433 1981 1498 binos
2041 1438 2108 1498 et
2150 1433 2354 1499 victo-

304 1520 515 1585 riatos
560 1520 656 1604 M,
713 1525 910 1605 atque
964 1521 1035 1584 in
1078 1520 1183 1586 his
1240 1519 1401 1585 locis
1453 1521 1568 1603 [sc.
1614 1519 1900 1586 Croduni
1955 1525 2023 1586 et
2065 1520 2350 1587 Vulcha-
2387 1542 2446 1584 15

307 1606 481 1696 lone]
516 1610 598 1674 ab
628 1609 711 1673 iis
740 1609 1105 1693 portorium
1134 1631 1276 1674 esse
1307 1613 1624 1691 exactum,
1661 1609 1720 1674 si
1749 1609 1863 1694 qui
1890 1607 2356 1694 Cobiomach0‚
2530 1607 2531 1612 ’

307 1699 420 1781 qui
466 1699 648 1763 vicus
687 1698 858 1762 inter
896 1697 1209 1763 Tolosam
1255 1701 1322 1762 et
1358 1696 1741 1762 Narbonem
1778 1700 1898 1780 est,
1943 1699 2353 1764 deverteren-

306 1789 418 1851 tur
475 1808 685 1870 neque
733 1785 1045 1852 Tolosam
1101 1787 1197 1851 ire
1256 1785 1530 1869 vellent,
1588 1784 1812 1851 Elesio
1867 1785 2356 1853 Duluscantum

308 1895 501 1940 senos
550 1874 851 1941 denarios
901 1876 984 1940 ab
1031 1873 1141 1954 iis,
1198 1874 1310 1959 qui
1357 1874 1440 1940 ad
1484 1874 1744 1941 hostem
1792 1878 2166 1961 portarent,
2210 1897 2354 1941 exe-

308 1963 579 2049 gissent.
680 1966 803 2045 [10]
853 1964 1092 2048 Video,
1153 1964 1427 2048 iudices,
1483 1985 1623 2028 esse
1683 1964 1929 2030 crimen
1988 1969 2056 2029 et
2114 1986 2352 2051 genere
2385 1987 2446 2027 2⁰

305 2052 449 2135 ipso
488 2072 799 2135 magnum
839 2051 1152 2138 (vectigal
1206 2053 1381 2117 enim
1425 2074 1569 2118 esse
1614 2052 1974 2135 inpositum
2028 2052 2351 2119 fructibus

303 2139 551 2204 nostris
598 2140 863 2224 dicitur,
920 2144 987 2205 et
1031 2141 1375 2225 pecuniam
1431 2162 1861 2227 permagnam
1915 2142 2172 2207 ratione
2217 2143 2354 2207 ista

304 2228 455 2315 cogi
500 2229 805 2330 potuisse·
841 2227 1188 2316 confiteor)
1238 2234 1306 2295 et
1359 2229 1606 2295 invidia
1650 2230 1756 2294 vel
1792 2232 2168 2315 maximum3
2215 2252 2353 2295 ma-

304 2316 479 2381 xime
544 2318 717 2381 enim
785 2317 1034 2383 inimici
1097 2318 1267 2383 hanc
1339 2340 1479 2383 rem
1545 2318 1955 2383 sermonibus
2022 2318 2351 2404 divulgari

304 2406 672 2471 voluerunt.
764 2403 890 2471 Sed
938 2427 1059 2491 ego
1114 2407 1210 2471 ita
1256 2407 1586 2489 existim0‚
1649 2428 1777 2492 quo
1836 2407 2046 2472 maius
2103 2407 2352 2473 crimen
2381 2429 2442 2471 25

306 2492 395 2557 sit
435 2493 527 2595 id?
573 2494 746 2577 quod
796 2495 1179 2560 ostendatur
1225 2517 1367 2559 esse
1412 2494 1684 2576 falsum,
1729 2494 1855 2560 hoc
1901 2496 2215 2560 maiorem
2264 2496 2350 2561 ab

306 2601 382 2646 eo
429 2582 738 2647 iniuriam
773 2583 937 2667 fieri,
985 2584 1096 2667 qui
1141 2582 1210 2647 id
1246 2583 1599 2668 confingat.
1673 2582 1837 2648 Vult
1883 2585 2058 2647 enim
2095 2584 2351 2669 magni-

302 2669 533 2734 tudine
591 2672 687 2735 rei
743 2671 838 2736 sic
881 2693 1199 2756 occupare
1261 2672 1515 2735 animos
1573 2692 1824 2755 eorum,
1886 2672 1998 2756 qui
2059 2673 2352 2756 audiunt,

302 2762 379 2823 ut
426 2758 715 2825 difficilis
763 2759 977 2825 aditus
1024 2760 1294 2824 veritati
1339 2759 1765 2841 relinquatur.

440 2846 549 2911 DE
600 2863 892 2913 camma
950 2865 1256 2913 vnumo.
1361 2846 1469 2911 DE
1526 2865 1756 2913 menno
1804 2847 2442 2915 Vocowr1onun.3o

305 2933 413 3000 DE
460 2952 955 3003 msPosrrloNE
1004 2953 1488 3001 maximorum.

441 3025 672 3106 [6.11]
754 3022 872 3088 ‘At
924 3023 1051 3090 hoc
1106 3024 1284 3088 Galli
1337 3023 1636 3108 negant'.
1741 3023 1837 3091 At
1891 3027 2066 3091 ratio
2129 3048 2352 3092 rerum

304 3115 373 3177 et
426 3113 527 3177 vis
590 3115 1128 3197 argumentorum
1190 3112 1506 3199 coarguit.
1613 3111 1844 3177 Potest
1898 3114 2104 3199 igitur
2163 3115 2351 3181 testi-

305 3200 429 3264 bus
475 3199 669 3264 iudex
713 3222 849 3265 non
894 3200 1195 3265 credere?
1281 3198 1549 3285 Cupidis
1597 3205 1663 3266 et
1709 3200 1896 3267 iratis
1946 3206 2012 3268 et
2057 3203 2351 3270 coniura-

304 3288 391 3353 tis
454 3291 522 3352 et
577 3288 660 3352 ab
724 3287 1046 3372 religione
1115 3289 1386 3389 rem-otis
1449 3311 1583 3355 non
1645 3291 1859 3355 solum
1923 3293 2172 3376 potest,
2235 3294 2353 3357 sed
2383 3311 2438 3354 as

302 3375 505 3441 etiam
571 3375 780 3440 debet.
882 3375 1151 3441 Etenim
1208 3376 1295 3461 si,
1351 3377 1505 3462 quia
1561 3376 1740 3443 Galli
1804 3378 2056 3460 dicunt,
2109 3380 2352 3447 idcirco

298 3462 389 3529 M.
461 3461 775 3529 Fonteius
858 3486 1101 3530 nocens
1177 3466 1652 3532 existimandus
1735 3471 1864 3550 est,
1951 3429 2109 3552 quid
2189 3468 2357 3535 mihi
