2534 3875
803 201 957 257 ΟΑΡ.
998 207 1213 256 23—25
1250 207 1281 267 s
1319 207 1546 257 60—66.
2065 201 2196 266 481

159 368 417 412 omnem
458 346 566 410 diu
604 345 947 410 collectam
977 345 1109 410 vim
1138 346 1603 430 improborum,
1640 367 1804 429 quae
1836 347 2199 412 inveterata

159 455 536 520 compresso
604 433 753 498 odio
818 437 1013 518 atque
1071 434 1276 498 tacito
1332 435 1464 498 iam
1521 434 1906 519 erumpebat
1957 438 2200 499 nancta

157 529 298 587 tam
353 521 614 587 audacis
671 522 891 605 duces,
951 522 1173 606 excepi
1219 543 1363 586 meo
1413 543 1702 606 corpore.
1792 521 1872 586 In
1917 544 2021 586 me
2068 545 2200 587 uno

160 612 537 677 consulares
610 609 785 675 faces
850 611 1057 675 iactae
1124 609 1427 674 manibus
1494 609 1862 674 tribuniciis
1873 660 1891 693 ,
1963 610 2034 674 in
2097 633 2201 674 me

104 719 135 760 5
164 699 413 784 omnia,
470 721 636 783 quae
692 719 815 784 ego
873 699 1201 783 quondam
1248 698 1678 781 rettuderam,
1735 697 2201 763 coniurationis

164 787 423 852 nefaria
458 788 597 851 tela
633 786 1085 852 adhaeserunt.
1143 786 1406 870 Quodsi,
1442 789 1517 850 ut
1555 786 1782 851 multis
1819 785 2200 850 fortissimis

162 876 324 940 viris
352 875 620 960 placuit,
647 875 716 940 vi
744 878 811 938 et
841 875 1039 940 armis
1070 879 1298 940 contra
1325 876 1460 939 vim
1481 875 1810 939 decertare
1828 875 2202 956 voluissem,

165 969 281 1029 aut
326 963 628 1029 vicissem
672 985 819 1028 011111
858 984 1097 1047 magna
1134 963 1560 1027 internicione
1597 963 2044 1048 inproborum,
2091 963 2203 1027 sed

164 1057 389 1116 tamen
453 1052 717 1135 civium,
782 1055 897 1116 aut
959 1052 1322 1116 interfectis
1387 1051 1576 1116 bonis
1635 1052 1965 1135 011111111113,
2030 1051 2202 1135 quod

83 1141 302 1205 millis
369 1139 857 1226 optatissimum
914 1146 1077 1224 erat,
1140 1162 1271 1205 una
1335 1161 1480 1205 011111
1543 1161 1614 1204 re
1673 1141 1938 1225 publica
1994 1139 2202 1205 conci-

167 1230 425 1294 dissem.
481 1229 805 1294 Videbam
841 1228 989 1293 vivo
1028 1231 1259 1292 senatu
1294 1229 1666 1312 populoque
1703 1227 2000 1293 Romano
2039 1229 2202 1293 cele·
2240 1245 2310 1294 64

165 1340 304 1383 rem
362 1317 524 1381 mihi
579 1339 835 1381 summa
891 1339 1037 1382 cum
1086 1315 1406 1402 dignitate
1453 1316 1736 1381 reditum
1781 1339 1900 1382 nec
1945 1317 2200 1381 intelle-

168 1407 403 1492 gebam
448 1406 590 1470 fieri
637 1405 880 1470 diutius
926 1427 1135 1488 posse,
1182 1407 1257 1469 ut
1303 1404 1468 1468 mihi
1510 1425 1645 1468 non
1691 1405 1917 1470 liceret
1955 1425 2096 1470 esse
2133 1407 2202 1468 in

169 1517 247 1560 03
308 1516 378 1559 re
442 1494 735 1579 publica,
800 1515 995 1578 quam
1060 1493 1201 1576 ipse
1267 1513 1648 1558 servassem.
1759 1491 2003 1567 Quodsi
2068 1515 2202 1557 non

87 1599 142 1640 1⁵
168 1583 419 1666 liceret,
468 1582 798 1647 audieram
846 1585 913 1646 et
958 1583 1247 1666 legeram
1295 1581 1694 1646 clarissimos
1739 1585 2005 1646 nostrae
2051 1581 2202 1646 civi-

169 1672 329 1736 tatis
375 1672 550 1736 viros
600 1693 668 1735 se
714 1671 782 1734 in
819 1670 1067 1735 medios
1102 1669 1317 1734 hostis
1357 1669 1438 1734 ad
1474 1669 1885 1754 perspicuam
1923 1673 2202 1732 mortem

170 1782 289 1844 pro
330 1760 539 1824 salute
578 1758 895 1824 exercitus
932 1758 1257 1841 iniecisse3
1299 1778 1419 1842 ego
1457 1780 1576 1842 pro
1617 1758 1830 1822 salute
1863 1758 2204 1822 universae

171 1846 266 1912 rei
331 1848 631 1932 publicae
692 1847 1059 1912 dubitarem
1117 1846 1243 1911 hoc
1305 1845 1574 1911 meliore
1633 1844 2008 1911 condicione
2065 1866 2206 1910 esse

172 1959 367 2023 quam
395 1935 596 2019 Decii,
634 1938 807 2021 quod
842 1937 945 2001 illi
981 1958 1063 2001 ne
1106 1935 1435 2001 auditores
1466 1934 1727 2019 quidem
1757 1956 1910 1999 suae
1939 1933 2206 2019 gloriae,

89 2043 147 2084 20
176 2046 299 2111 ego
376 2026 575 2089 etiam
650 2028 983 2109 spectator
1054 2046 1235 2091 meae
1309 2023 1521 2088 laudis
1597 2045 1738 2088 esse
1800 2023 2204 2106 potuissem?

172 2114 405 2196 Itaque
468 2112 785 2178 infractus
850 2113 1033 2179 furor
1088 2117 1241 2178 tuus
1295 2112 1509 2177 inanis
1564 2110 1850 2175 faciebat
1903 2112 2203 2195 impetus,
2227 2114 2314 2178 25

176 2200 449 2265 Omnem
499 2200 671 2264 enim
707 2202 843 2265 vim
881 2202 1165 2266 omnium
1208 2202 1674 2266 sceleratorum
1713 2199 2037 2263 acerbitas
2077 2200 2204 2263 mei

173 2309 365 2355 casus
440 2293 807 2373 exceperat3
879 2311 1011 2353 non
1084 2293 1225 2353 erat
1299 2289 1370 2352 in
1431 2292 1568 2352 tam
1632 2286 1904 2352 immani
1967 2287 2206 2351 iniuria

172 2376 509 2460 tantisque
563 2376 767 2441 ruinis
812 2398 1020 2443 novae
1066 2376 1442 2443 crudelitati
1486 2378 1686 2441 locus.
1779 2374 1944 2441 Cato
1991 2376 2208 2440 fuerat
2245 2396 2314 2444 65

91 2485 147 2527 25
174 2464 527 2551 proximus.
600 2465 767 2541 Quid
814 2466 1087 2551 ageres?
1130 2486 1265 2529 non
1301 2467 1460 2547 erat,
1504 2467 1598 2546 ut,
1644 2464 1756 2548 qui
1793 2462 1955 2529 mihi
1992 2465 2206 2529 socius

174 2554 419 2620 laboris
464 2555 706 2638 fuerat,
751 2554 925 2619 idem
962 2558 1137 2619 esset
1181 2552 1472 2617 iniuriae.
1566 2550 1734 2626 Quid
1778 2553 2052 2637 posses?
2099 2575 2206 2617 ex-

174 2645 437 2708 trudere
484 2643 567 2707 ad
606 2642 915 2728 Cypriam
953 2641 1340 2726 pecuniam?
1403 2639 1654 2705 Praeda
1689 2641 1976 2725 perierit.
2050 2640 2206 2705 Alia

174 2754 307 2796 11011
354 2731 583 2815 deerit3
630 2730 785 2799 hinc
830 2732 1022 2795 modo
1070 2729 1516 2794 amandandus
1563 2733 1681 2794 est.
1773 2727 1878 2794 Sic
1922 2729 2010 2796 M.
2041 2727 2204 2795 Cato

176 2820 422 2885 invisus
471 2819 659 2903 quasi
705 2840 822 2904 per
867 2818 1247 2883 beneficium
1289 2815 1574 2901 Cyprum
1617 2816 1967 2903 relegatur.
2038 2816 2206 2882 Eici-

94 2926 151 2968 30
177 2912 375 2973 untur
439 2908 563 2973 duo
574 2958 591 2991 ,
656 2928 849 2991 quos
875 2905 1093 2971 videre
1146 2906 1406 2989 inprobi
1458 2927 1592 2970 non
1646 2910 1978 2990 poterant,
2037 2906 2206 2969 alter

175 3019 292 3080 per
354 2997 671 3062 honorem
738 2993 1216 3077 turpissimum,
1281 2994 1448 3058 alter
1504 3016 1620 3079 per
1672 2993 2206 3058 honestissimam

178 3085 635 3150 calamitatem.
726 3082 944 3166 Atque
996 3085 1073 3146 ut
1120 3081 1344 3147 sciatis
1389 3104 1524 3147 non
1566 3081 1941 3146 hominibus
1987 3081 2208 3164 istum,
2245 3101 2313 3149 66

180 3174 291 3238 sed
354 3172 709 3237 virtutibus
782 3170 1039 3236 hostem
1112 3192 1366 3255 semper
1435 3170 1668 3254 fuisse,
1741 3190 1844 3233 me
1919 3169 2206 3253 expuls0,

181 3261 427 3326 Catone
492 3259 839 3325 amandato
902 3259 972 3323 in
1038 3281 1183 3324 eum
1244 3259 1460 3342 ipsum
1528 3280 1596 3323 se
1662 3257 2014 3340 convertit,
2077 3278 2204 3340 quo

94 3366 153 3409 35
184 3353 462 3431 auctore,
511 3370 639 3431 quo
687 3348 982 3413 adiutore
1018 3348 1090 3413 in
1134 3347 1550 3414 contionibus
1589 3368 1684 3428 ea,
1731 3365 1897 3428 quae
1935 3346 2208 3431 gerebat

180 3437 400 3503 omnia
446 3458 737 3522 quaeque
784 3441 1104 3523 gesserat,
1166 3458 1235 3501 se
1283 3439 1349 3500 et
1391 3434 1624 3499 fecisse
1672 3436 1740 3497 et
1782 3432 1994 3498 facere
2043 3433 2208 3499 dice-

179 3526 321 3610 bat;
370 3524 483 3592 Cn.
512 3524 910 3613 Pompeium,
958 3549 1146 3613 quem
1197 3523 1489 3590 omnium
1525 3521 1762 3587 iudicio
1802 3522 1996 3607 longe
2032 3522 2207 3608 prin-

283 3638 393 3681 010.
421 3640 485 3683 11.
512 3640 550 3682 2.
1813 3630 1880 3679 31
