2534 3875
752 205 755 209 .
832 160 983 219 CAP.
1027 170 1234 219 10-12
1275 170 1305 229 ς
1344 171 1572 220 23—29.
2062 166 2193 233 399

147 306 524 387 [acerrime]
590 309 1139 393 contemplemini.
1237 308 1425 374 Nihil
1488 310 1802 396 religione
1857 314 2193 396 testatum,

147 394 317 459 nihil
356 395 638 459 veritate
674 396 1036 481 fundatum,
1071 396 1238 461 nihil
1280 398 1504 463 dolore
1535 419 1909 482 expressum
1941 405 2192 465 contra-

149 504 273 567 que
322 483 545 547 omnia
589 489 896 569 corrupta
943 485 1230 565 libidine,
1277 486 1629 570 iracundia,
1676 485 1912 571 studi0,
1958 489 2193 574 pretiO,

145 570 438 656 periurio
484 572 904 657 reperientur.
1706 608 1711 613 ·

87 676 116 717 5
281 658 550 724 Etenim
614 661 746 724 iam
813 662 1118 726 universa
1171 662 1451 728 istorum
1512 662 1779 748 cognita
1832 664 2190 747 cupiditate
2216 642 2297 772 ῙΞ

147 748 456 814 accedam
504 748 587 813 ad
633 748 928 834 singulas
977 750 1301 835 querellas
1341 750 1955 835 criminationesque
1994 750 2190 818 Grae·
2228 724 2259 771 2

146 857 396 901 corum.
454 833 701 901 Classis
731 838 998 903 nomine
1024 840 1365 921 pecuniam
1396 838 1771 903 civitatibus
1800 840 2191 923 imperatam

148 928 530 1009 queruntur.
595 922 780 999 Quod
815 948 937 991 nos
973 925 1238 1009 factum,
1275 927 1541 1012 iudices,
1578 930 1980 994 confitemur.
2046 928 2191 1013 Sed,

147 1012 208 1076 si
261 1011 390 1077 hoc
445 1012 688 1078 crimen
744 1018 873 1097 est,
927 1018 1042 1079 aut
1095 1015 1165 1078 in
1220 1037 1297 1080 eo
1356 1019 1485 1099 est,
1539 1016 1711 1100 quod
1754 1038 1887 1081 non
1932 1017 2192 1082 licuerit

57 1120 116 1159 ιο
143 1100 501 1184 imperare,
556 1106 670 1166 aut
723 1104 793 1167 in
849 1124 951 1184 eo,
1005 1103 1174 1187 quod
1229 1125 1363 1168 non
1417 1125 1581 1190 opus
1639 1104 1838 1168 fuerit
1892 1106 2189 1190 navibus,

147 1193 267 1253 aut
312 1189 383 1254 in
430 1211 535 1272 eo,
591 1191 763 1274 quod
807 1191 991 1255 nulla
1034 1189 1160 1256 hoc
1206 1196 1511 1275 praetore
1556 1193 1791 1257 classis
1836 1194 2187 1279 navigarit.

145 1276 441 1342 Licuisse
513 1281 589 1342 ut
662 1279 1038 1364 intellegas,
1110 1300 1456 1365 cognosce,
1528 1281 1685 1363 quid
1756 1303 1860 1345 me
1925 1284 2187 1347 consule

147 1369 418 1430 senatus
474 1365 853 1451 decreverit,
910 1389 1055 1432 cum
1113 1368 1374 1452 quidem
1428 1367 1597 1432 nihil
1656 1390 1695 1432 a
1740 1370 2186 1454 superioribus

146 1455 607 1520 continuorum
663 1460 984 1521 annorum
1038 1455 1316 1520 decretis
1374 1455 1763 1521 discesserit.
1859 1456 2186 1525 SENATUS

61 1559 117 1600 ιε
148 1559 591 1607 CONSULTUM.
655 1542 1032 1608 Proximum
1070 1548 1172 1608 est
1209 1564 1388 1629 erg0,
1423 1547 1518 1628 ut,
1554 1565 1718 1627 opus
1745 1544 1946 1609 fuerit
1974 1546 2186 1611 classe

143 1652 369 1712 necne,
417 1652 821 1715 quaeramus.
902 1630 1142 1697 Utrum
1188 1632 1395 1715 igitur
1440 1632 1565 1697 hoc
1610 1631 1844 1696 Graeci
1891 1637 2186 1698 statuent

147 1723 268 1784 aut
310 1718 486 1783 ullae
533 1723 789 1784 exterae
833 1720 1134 1785 nationes
1183 1742 1267 1785 an
1312 1720 1523 1785 nostri
1568 1724 1926 1805 praetoreS,
1970 1725 2186 1787 nostri

148 1807 366 1891 duceS,
409 1808 623 1872 nostri
667 1808 1141 1893 imperatores?
1206 1808 1529 1892 Equidem
1577 1809 1881 1873 existimo
1929 1809 2000 1873 in
2046 1810 2183 1875 eius

146 1895 328 1962 modi
372 1898 642 1982 regione
687 1900 883 1981 atque
931 1896 1291 1983 provincia,
1338 1917 1503 1982 quae
1551 1897 1717 1962 mari
1762 1897 1991 1983 cincta,
2036 1920 2184 1981 por-

59 2004 116 2044 20
143 1986 330 2050 tibus
388 1985 722 2066 distincta,
775 1987 1009 2050 insulis
1065 1986 1468 2050 circumdata
1527 1989 1726 2070 esset,
1779 2007 1913 2050 non
1968 1987 2184 2051 solum

146 2073 478 2159 praesidii,
516 2074 626 2138 sed
667 2074 866 2138 etiam
906 2075 1179 2140 ornandi
1217 2074 1479 2160 imperii
1516 2095 1713 2140 causa
1740 2074 2182 2159 navigandum

144 2161 369 2226 fuisse.
458 2160 640 2227 Haec
694 2162 864 2227 enim
920 2163 1091 2228 ratio
1147 2184 1224 2227 ac
1267 2163 1654 2248 magnitudo
1703 2163 2069 2226 animorum
2114 2165 2181 2227 in
2220 2181 2289 2231 28

147 2248 508 2314 maioribus
554 2251 798 2315 nostris
845 2250 988 2334 fuit,
1033 2254 1127 2335 ut,
1171 2273 1318 2315 cum
1365 2252 1435 2315 in
1471 2251 1748 2335 privatis
1784 2251 1981 2315 rebus
2021 2251 2182 2316 suis-

147 2361 274 2422 que
323 2338 691 2421 sumptibus
737 2339 1006 2405 minimo
1045 2339 1335 2404 contenti
1370 2338 1757 2403 tenuissimo
1795 2340 1975 2403 cultu
2011 2339 2182 2404 vive·

61 2443 117 2484 25
146 2431 315 2510 rent,
359 2427 428 2491 in
475 2426 749 2511 imperio
798 2431 993 2512 atque
1038 2427 1109 2492 in
1154 2426 1421 2511 publica
1468 2427 1786 2512 dignitate
1834 2427 2054 2491 omnia
2100 2429 2183 2492 ad

146 2515 428 2601 gloriam
495 2516 1028 2600 splendoremque
1090 2517 1490 2581 revocarent.
1591 2513 1939 2590 Quaeritur
2008 2517 2181 2580 enim

143 2604 215 2668 in
269 2625 340 2668 re
396 2603 756 2668 domestica
813 2605 1248 2669 continentiae
1302 2605 1476 2687 laus,
1529 2603 1599 2668 in
1652 2603 1916 2687 publica
1974 2604 2180 2688 digni-

143 2692 326 2757 tatis.
430 2690 676 2767 Quodsi
731 2693 929 2756 etiam
983 2692 1294 2778 praesidii
1350 2713 1547 2756 causa
1600 2691 1877 2756 classem
1931 2692 2182 2776 habuit,

145 2780 291 2865 quis
339 2779 466 2843 erit
509 2783 651 2844 tam
676 2780 986 2864 ‚iniquus,
1032 2781 1142 2865 qui
1171 2780 1649 2864 reprehendat?
1734 2779 1947 2844 ‘Nulli
1992 2785 2182 2845 erant

65 2885 122 2926 30
149 2865 553 2951 praedones?
621 2866 832 2943 Quid?
879 2868 1098 2933 nullos
1134 2868 1278 2933 fore
1318 2868 1463 2953 quis
1499 2872 1835 2954 praestare
1871 2868 2179 2952 poterat?

145 2956 459 3040 ‘Minuis',
512 2957 756 3040 inquit,
809 2956 1113 3043 ‘gloriam
1165 2955 1479 3040 Pompei?
1579 2957 1789 3021 Immo
1847 2961 1921 3020 tu
1978 2977 2179 3041 auges
2218 2973 2285 3022 29

145 3045 539 3112 molestiam.
605 3045 726 3109 Ille
757 3047 928 3109 enim
957 3045 1199 3110 classes
1227 3045 1645 3130 praedonum,
1680 3045 1892 3125 urbeS,
1929 3048 2181 3126 portus,

143 3133 556 3216 receptacula
603 3134 884 3212 sustulit,
931 3155 1156 3219 pacem
1203 3131 1607 3198 maritimam
1644 3153 1897 3196 summa
1934 3133 2179 3195 virtute

145 3226 342 3306 atque
397 3221 763 3286 incredibili
822 3221 1152 3287 celeritate
1199 3220 1508 3303 confecit3
1561 3219 1724 3283 illud
1770 3240 1924 3283 vero
1970 3240 2179 3302 neque

64 3327 117 3368 ³5
146 3309 437 3394 suscepit
501 3331 710 3393 neque
767 3311 1090 3394 suscipere
1147 3309 1397 3393 debuit,
1461 3313 1562 3392 ut,
1628 3307 1686 3371 si
1738 3327 1870 3390 qua
1921 3306 2179 3389 uspiam

147 3398 454 3464 navicula
489 3398 892 3484 praedonum
932 3397 1361 3482 apparuisset,
1400 3395 1797 3461 accusandus
1837 3393 2182 3459 videretur.

147 3487 386 3572 Itaque
413 3486 554 3571 ipse
581 3486 651 3550 in
679 3483 860 3570 Asia,
898 3507 1044 3551 cum
1072 3485 1294 3550 omnia
1318 3486 1453 3549 iam
1479 3484 1657 3548 bella
1684 3486 1863 3548 terra
1888 3482 2181 3569 marique
