2534 3875
337 133 382 197 2
900 130 1045 186 PRO
1084 130 1158 185 M.
1198 129 1467 186 TULLIO
1511 130 1806 187 ORATIO.

338 274 560 344 posset,
607 274 895 341 curarent,
941 288 1014 326 ne
1050 272 1189 326 fines
1227 272 1339 326 nisi
1381 289 1440 326 se
1478 273 1869 341 praesentibus
1905 271 2114 328 Fabius
2152 272 2386 328 demon·
2499 270 2501 304 ⁷

341 347 561 401 straret.
628 344 773 398 Huic
812 342 1027 397 domini
1061 343 1349 400 voluntati
1385 343 1840 413 obtemperantes
1875 346 2080 414 petunt
2115 360 2152 398 a
2186 343 2388 410 Fabio,

340 419 407 470 ut
445 431 522 482 se,
562 432 690 470 cum
727 413 866 469 fines
904 414 1201 470 ostendere
1238 413 1429 481 vellet,
1469 414 1788 471 advocaret.
1861 415 1966 470 Ille
2003 431 2065 468 se
2102 415 2388 469 facturum

340 485 595 554 negavit,
633 484 749 540 illis
780 484 1109 540 absentibus
1138 484 1277 538 fines
1307 483 1733 540 demonstravit.
1788 484 1986 554 Neque
2015 488 2207 540 tamen
2235 484 2384 538 hanc

344 556 660 611 centuriam
680 556 1052 625 Populianam
1079 570 1319 610 vacuam
1345 554 1609 621 tradidit;
1638 573 1770 610 nam
1796 572 1925 610 cum
1954 556 2104 612 servi
2132 556 2204 610 M.
2229 555 2386 610 Tulli

342 630 490 694 tum,
542 644 670 681 cum
705 627 845 680 fines
883 626 1401 681 demonstrarentur
1439 629 1498 680 et
1541 627 1775 681 traditio
1819 627 2204 696 perficeretur,
2258 642 2386 680 eam

342 701 627 765 tenerent,
673 696 1055 768 ingredientes
1099 695 1268 751 facile
1317 696 1700 765 reppulerunt.
1774 698 1849 752 Et
1884 698 2223 753 Acerronius
2263 698 2386 766 qui-

344 771 499 836 dem,
546 785 656 838 quo
703 768 871 823 modo
917 765 1133 837 potuit,
1180 782 1241 822 se
1289 766 1359 820 de
1404 769 1532 822 tota
1575 783 1636 822 re
1683 769 1999 834 excusavit3
2055 783 2188 824 mox
2233 768 2388 821 enim

346 841 487 894 socii
536 839 765 894 fraudes
809 838 1096 908 perspexit
1138 838 1492 905 multumque
1536 839 1740 907 postea
1774 839 1882 894 sibi
1919 838 2240 910 gratulatus
2280 845 2385 904 est,

346 911 444 964 ubi
498 927 566 964 ex
619 909 851 979 negotio
908 926 1035 963 cum
1084 907 1313 963 homine
1368 911 1485 963 eius
1539 907 1693 964 modi
1744 912 1907 980 gesto
1959 909 2386 964 semiustulatus

346 979 562 1048 effugit.
618 979 825 1034 Fabius
854 995 987 1034 vero
1018 979 1260 1048 emptori
1289 978 1359 1032 de
1389 979 1728 1034 auctoritate
1758 980 2042 1051 obligatus
2082 982 2142 1034 et
2179 980 2385 1034 acerbe

345 1052 549 1112 ferens,
588 1052 740 1120 quod
775 1052 927 1104 artes
966 1066 1101 1103 suae
1140 1049 1251 1103 sibi
1286 1051 1406 1103 tam
1432 1047 1584 1102 male
1613 1050 1935 1120 cessissent,
1971 1049 2106 1103 dolo
2133 1047 2254 1102 vim
2285 1050 2384 1102 ad-

347 1123 480 1177 dere
531 1122 829 1189 Tullioque
884 1119 1214 1176 vindicandi
1269 1119 1360 1173 sui
1412 1119 1603 1189 gratia
1657 1119 1938 1191 insignem
1993 1119 2389 1176 calamitatem

346 1192 601 1260 infligere
640 1191 952 1246 constituit.
1026 1190 1276 1244 Adducit
1323 1190 1500 1258 igitur
1534 1190 1596 1244 in
1633 1191 1840 1245 saltum
1875 1191 2132 1246 homines
2171 1189 2389 1246 electos

346 1263 607 1316 maximis
642 1262 887 1329 viribus,
934 1261 1104 1316 armis
1140 1261 1376 1314 instruit
1411 1262 1672 1330 omnique
1708 1263 2012 1318 violentiae
2049 1263 2250 1332 generi
2288 1261 2387 1316 ad·

348 1333 586 1387 suefacit
613 1335 862 1387 ceterum
890 1333 1083 1386 odium
1111 1331 1389 1399 occulenS‚
1431 1332 1886 1402 opportunitates
1915 1333 2159 1388 nocendi
2187 1335 2389 1402 capta-

345 1407 524 1459 turus.
597 1404 830 1458 Interim
877 1403 1051 1457 etiam
1096 1401 1319 1457 Tullius
1363 1402 1424 1455 in
1463 1402 1773 1457 Thurinum
1807 1404 1989 1471 venit,
2037 1403 2138 1457 sed
2174 1403 2390 1473 palam,

347 1491 464 1530 non
508 1475 657 1530 clam
702 1475 1013 1545 profectus,
1060 1476 1127 1527 ut
1172 1476 1446 1543 appareat
1495 1491 1609 1528 non
1651 1472 1986 1528 insidiarum
2033 1477 2092 1529 et
2134 1475 2392 1529 rixarum

348 1562 544 1612 causa,
592 1546 693 1600 sed
741 1548 808 1599 ut
852 1563 1015 1599 suum
1052 1544 1381 1598 defenderet
1418 1560 1454 1598 a
1487 1544 1660 1599 vicini
1706 1543 1953 1612 iniuriis,
2007 1561 2042 1600 a
2086 1561 2200 1613 quo
2249 1545 2394 1614 quid

348 1617 763 1686 expectandum
813 1617 988 1684 esset,
1039 1631 1131 1670 res
1180 1630 1361 1683 nuper
1409 1617 1574 1685 gesta
1623 1616 1984 1683 ostendebat,
2035 1615 2096 1669 in
2146 1615 2395 1670 fundum

348 1705 513 1741 suum
556 1703 619 1743 se
655 1687 981 1743 contulisse.
1056 1684 1178 1752 Quo
1216 1688 1504 1754 comperto
1544 1685 1752 1740 Fabius
1789 1687 2016 1741 fraudes
2053 1702 2185 1741 suas
2222 1703 2393 1756 prae-

348 1761 549 1812 ventas
599 1758 715 1813 iam
776 1757 1115 1826 intellegens
1178 1758 1533 1810 occasionem
1593 1773 1708 1812 non
1768 1757 2040 1828 opperiri,
2111 1757 2216 1819 sed
2267 1757 2398 1826 ipse

346 1829 462 1882 sibi
496 1828 683 1884 facere
721 1827 886 1897 vique
926 1829 1122 1896 aperta
1157 1827 1429 1881 adversus
1466 1826 1716 1882 Tullium
1753 1843 1922 1897 agere
1959 1827 2177 1883 statuit.
2248 1825 2398 1882 Cum

343 1905 519 1973 igitur
566 1904 815 1972 quodam
862 1904 953 1959 die
1001 1918 1227 1959 servum
1264 1902 1419 1957 Tulli
1462 1901 1523 1955 in
1558 1899 1879 1970 Populiana
1914 1899 2173 1954 centuria
2209 1899 2400 1955 anim-

342 1975 691 2041 adverteret,
740 1974 876 2043 quid
923 1972 980 2028 ei
1023 1972 1086 2027 in
1131 1988 1231 2027 suo
1271 1975 1422 2027 esset
1465 1972 1712 2040 negotii,
1760 1970 2084 2040 compellat.
2162 1969 2400 2038 Servus,

348 2045 398 2100 si
436 2045 572 2114 quid
615 2044 792 2101 vellet
834 2043 1175 2114 disceptare,
1221 2042 1512 2099 dominum
1558 2044 1766 2111 adiret,
1816 2044 2140 2115 respondet.
2189 2044 2396 2110 ,Profi-

347 2116 581 2170 ciscitur
623 2117 799 2185 igitur
844 2131 973 2169 cum
1024 2112 1330 2169 Acerronio
1378 2118 1532 2182 (nam
1577 2114 1627 2168 is
1680 2132 1902 2184 quoque
1947 2115 2031 2169 ibi
2076 2118 2202 2169 tum
2239 2118 2394 2185 erat)

349 2187 424 2240 ad
472 2186 626 2241 Tulli
670 2185 867 2241 villam
910 2185 1146 2250 Fabius3
1201 2200 1322 2239 rem
1368 2185 1622 2254 exponit,
1676 2186 1926 2241 Tullium
1976 2203 2137 2240 suum
2188 2189 2394 2241 tenere

346 2258 712 2325 vociferatur,
759 2256 822 2309 id
868 2271 928 2310 se
974 2254 1392 2310 vindicaturum
1437 2256 1638 2323 iactat,
1687 2256 1965 2327 appellat,
2012 2260 2078 2311 ut
2123 2260 2227 2311 aut
2261 2258 2393 2326 ipse

346 2328 593 2383 Tullium
621 2328 925 2383 deduceret
960 2331 1061 2381 aut
1096 2328 1167 2380 ab
1206 2341 1274 2381 eo
1313 2325 1695 2381 deduceretur.
1753 2327 1975 2382 Tullius
2012 2343 2072 2382 se
2109 2326 2392 2382 deductu-

346 2417 471 2453 rum
508 2398 676 2465 dicit3
715 2397 1100 2453 vadimonium
1136 2396 1314 2451 Fabio
1351 2397 1588 2452 Romam
1623 2398 2043 2467 promissurum.
2097 2399 2298 2453 Manet
2326 2399 2390 2451 in

348 2485 420 2525 ea
446 2468 774 2524 condicione
802 2467 1041 2523 Tullius.
1097 2466 1436 2522 Disceditur.
1485 2468 1694 2522 Verum
1722 2470 1869 2523 enim
1905 2484 2040 2524 vero
2077 2469 2196 2523 vim
2221 2468 2390 2529 illam

346 2539 740 2609 imaginariam
784 2538 923 2594 iuris
962 2538 1146 2593 civilis
1182 2538 1480 2607 praevenit
1516 2537 1720 2593 Fabius
1767 2540 1825 2594 vi
1872 2538 2171 2609 armisque.
2249 2538 2386 2595 Pro-

347 2610 503 2665 xima
547 2610 697 2664 enim
738 2612 923 2677 nocte,
975 2608 1091 2664 iam
1146 2609 1260 2664 fere
1303 2609 1400 2662 lux
1441 2625 1568 2663 cum
1611 2611 2106 2679 appropinquaret,
2144 2609 2392 2665 veniunt

346 2682 408 2735 in
446 2680 789 2747 aedificium,
834 2680 984 2749 quod
1024 2682 1148 2734 erat
1181 2681 1241 2733 in
1279 2680 1530 2735 centuria
1564 2680 1900 2750 Populiana,
1939 2680 2087 2736 servi
2119 2680 2183 2735 P.
2221 2681 2392 2748 Fabi,

349 2752 645 2807 introitum
700 2750 813 2805 sibi
867 2750 927 2805 vi
979 2766 1261 2818 manuque
1319 2751 1602 2819 aperiunt,
1657 2752 1916 2806 homines
1964 2752 2160 2822 magni
2215 2752 2394 2821 pretii

348 2820 424 2875 M.
464 2821 615 2876 Tulli
658 2821 1013 2889 adoriuntur,
1062 2822 1295 2877 caedem
1335 2824 1582 2877 atrocem
1619 2822 1861 2889 faciunt,
1909 2825 2124 2878 tectum
2161 2822 2391 2877 villam-

350 2909 457 2961 que
504 2894 838 2949 disturbant.
914 2894 1223 2947 Nuntiatur
1266 2908 1356 2946 res
1393 2894 1466 2947 M.
1504 2892 1714 2959 Tulli03
1763 2894 1861 2962 qui
1906 2891 2208 2949 confestim
2252 2897 2394 2962 post

349 2964 637 3032 patratum
667 2963 901 3029 facinus,
930 2966 997 3017 ut
1022 2966 1294 3018 testatum
1322 2964 1498 3031 fieret,
1537 2964 1609 3017 ad
1637 2963 1850 3020 amicos
1877 2963 2058 3018 mittit
2083 2963 2390 3018 iudicium-

351 3051 459 3102 que
496 3034 575 3103 id,
613 3034 673 3087 in
711 3050 823 3102 quo
854 3036 1046 3089 Cicero
1074 3035 1221 3088 hanc
1250 3033 1568 3089 orationem
1595 3034 1814 3103 habuit,
1850 3038 2171 3105 praeparat.

277 3266 310 3388 ξ
528 3286 733 3351 Antea
777 3287 868 3350 sic
912 3286 1074 3350 hanc
1117 3306 1373 3350 causam
1425 3305 1599 3368 ayere
1647 3290 2008 3368 statueram,
2064 3306 2387 3370 recupera-

353 3378 553 3457 tores,
621 3379 693 3439 ut
759 3376 1155 3457 infitiaturos
1226 3373 1628 3439 adversarios
1699 3373 2050 3439 arbitrarer
2122 3378 2388 3442 tantam

354 3463 616 3527 caedem
672 3466 739 3527 et
792 3466 933 3527 tam
980 3466 1267 3529 atrocem
1315 3463 1395 3527 ad
1441 3461 1756 3527 familiam
1803 3482 1991 3525 suam
2035 3465 2386 3546 pertinere.
2428 3515 2438 3523 .
