2534 3875
886 187 1041 244 cAP.
1080 194 1219 243 5—7
1258 193 1290 254 ς
1329 195 1558 244 11—16.
1813 257 1817 262 .
2073 190 2206 256 305

166 333 275 399 cui
329 353 482 398 vere
537 331 714 396 istud
769 330 939 396 obici
994 333 1223 416 possit.
1314 330 1527 397 Nemo
1585 332 1756 397 enim
1811 333 1946 398 fere
2001 334 2207 400 saltat

168 420 430 486 sobrius
440 471 457 504 ,
516 419 646 484 nisi
689 418 859 484 forte
902 419 1177 504 insanit,
1229 441 1438 504 neque
1483 421 1553 486 in
1599 421 1951 486 solitudine
1994 443 2204 507 neque

166 511 238 574 in
284 507 584 574 convivio
632 507 967 573 moderato
1014 512 1210 595 atque
1256 510 1551 574 honesto.
1615 509 2013 595 Tempestivi
2059 532 2205 576 con-

169 596 349 682 vivii,
396 597 652 663 amoeni
698 597 843 680 loci,
888 598 1244 662 multarum
1293 595 1669 662 deliciarum
1705 619 1922 663 comes
1960 601 2061 664 est
2099 620 2205 663 ex-

114 701 141 742 5
169 691 387 750 trema
433 684 717 750 saltatio.
780 683 880 749 Tu
926 685 1089 750 mihi
1134 685 1372 770 arripis
1409 686 1550 769 hoc,
1597 685 1770 771 quod
1803 707 2066 752 necesse
2103 691 2205 752 est

170 774 467 839 omnium
493 773 800 839 vitiorum
832 794 970 837 esse
998 777 1422 859 postremum,
1458 774 1774 858 relinquis
1801 775 1938 859 illa,
1967 775 2202 859 quibus

170 861 447 928 remotis
492 863 617 928 hoc
654 861 890 927 vitium
937 863 1199 927 omnino
1247 883 1390 927 esse
1423 883 1556 927 non
1592 863 1859 947 potest?
1930 861 2203 928 Nullum

174 955 369 1037 turpe
409 950 795 1034 convivium,
830 971 965 1014 non
994 971 1195 1034 amor,
1229 971 1364 1015 non
1393 950 1790 1034 comissatio,
1823 971 1957 1016 non
1983 951 2205 1036 libido,

170 1060 305 1104 non
352 1041 652 1121 sumptus
701 1037 1092 1123 ostenditur,
1148 1042 1242 1122 et,
1287 1059 1435 1104 cum
1483 1061 1560 1104 ea
1602 1061 1734 1105 non
1780 1039 2205 1125 reperiantur,

93 1143 146 1184 ιο
174 1149 341 1212 quae
417 1125 776 1209 voluptatis
848 1148 1089 1191 nomen
1160 1127 1433 1211 habent,
1507 1149 1905 1212 quamquam
1967 1128 2206 1194 vitiosa

172 1220 346 1298 sunt,
392 1215 463 1279 in
501 1236 629 1299 quo
663 1213 879 1300 ipsam
916 1214 1242 1280 luxuriam
1279 1215 1563 1300 reperire
1598 1237 1733 1282 non
1769 1221 1976 1300 poteS,
2019 1217 2088 1282 in
2126 1238 2203 1282 eo

172 1308 238 1369 te
292 1304 597 1368 umbram
641 1303 937 1367 luxuriae
984 1307 1395 1388 reperturum
1439 1305 1679 1389 putas?
1770 1302 1958 1369 Nihil
2002 1305 2206 1390 igitur
2246 1322 2310 1374 14

174 1393 244 1457 in
290 1393 498 1457 vitam
544 1389 613 1457 L.
660 1390 971 1457 Murenae
1018 1391 1145 1456 dici
1191 1395 1436 1475 potest,
1491 1392 1688 1475 nihil,
1732 1392 2025 1477 inquam,
2073 1415 2206 1458 om—

174 1481 355 1562 nino,
400 1479 661 1545 iudices.
746 1477 853 1545 Sic
890 1502 929 1544 a
975 1502 1077 1544 me
1124 1479 1353 1544 consul
1399 1479 1777 1565 designatus
1823 1481 2205 1564 defenditur,

96 1585 148 1625 15
174 1574 252 1634 ut
286 1567 648 1634 eiusnulla
684 1566 882 1652 fraust,
923 1569 1111 1633 nulla
1146 1568 1442 1652 avaritia,
1478 1569 1663 1633 nulla
1697 1567 1986 1653 perfidia,
2020 1571 2204 1635 nulla

175 1657 545 1736 crudelitas,
589 1656 844 1721 nullum
888 1657 1193 1740 petulans
1239 1655 1484 1722 dictum
1529 1657 1599 1720 in
1643 1658 1784 1721 vita
1818 1656 2203 1739 proferatur.

176 1745 351 1810 Bene
398 1745 627 1830 habet3
672 1744 845 1810 iacta
891 1748 1043 1809 sunt
1085 1743 1509 1810 fundamenta
1554 1743 1966 1809 defensionis,
2028 1743 2205 1810 Non-

179 1834 334 1898 dum
390 1834 562 1898 enim
616 1833 862 1898 nostris
919 1832 1248 1917 laudibus,
1306 1833 1540 1917 quibus
1585 1837 1734 1898 utar
1778 1837 2036 1918 postea,
2089 1833 2202 1898 sed

176 1944 377 2008 prope
412 1920 826 1988 inimicorum
872 1921 1276 1988 confessione
1321 1922 1531 1988 virum
1577 1921 1824 1988 bonum
1870 1925 2066 2005 atque
2112 1922 2205 1987 in-

96 2016 438 2097 mtegram
482 2010 814 2077 hominem
862 2010 1282 2076 defendimus,
1366 2009 1508 2087 Quo
1555 2010 1910 2076 constituto
1947 2009 2204 2076 facilior
2244 2014 2280 2077 7

179 2106 279 2164 est
313 2100 476 2164 mihi
522 2099 736 2164 aditus
783 2098 866 2165 ad
910 2099 1393 2165 contentionem
1440 2099 1802 2185 dignitatis,
1849 2120 2013 2182 quae
2048 2120 2202 2182 pars

180 2187 389 2253 altera
432 2186 562 2252 fuit
606 2186 1057 2253 accusationis.

312 2272 647 2341 Summam
684 2276 869 2341 video
917 2297 1057 2340 esse
1104 2275 1175 2340 in
1211 2278 1296 2359 te,
1345 2273 1478 2340 Ser.
1507 2272 1771 2360 Sulpici,
1818 2274 2204 2360 dignitatem
2223 2256 2309 2382 (Jg

180 2365 436 2452 generis
446 2415 463 2448 ,
535 2363 964 2449 integritatis,
1034 2363 1392 2428 industriae
1466 2366 1951 2447 ceterorumque
2012 2384 2202 2428 orna-

98 2469 151 2510 25
179 2456 551 2518 mentorum
600 2452 907 2538 omnium,
954 2452 1187 2537 quibus
1232 2452 1472 2516 fretum
1511 2451 1593 2517 ad
1629 2452 2006 2517 consulatus
2043 2452 2203 2537 peti-

178 2542 421 2606 tionem
478 2540 744 2627 adgredi
791 2562 911 2624 par
956 2544 1073 2606 est.
1163 2539 1360 2605 Paria
1405 2559 1727 2624 cognosco
1774 2562 1914 2605 esse
1957 2540 2090 2605 ista
2133 2541 2203 2605 in

178 2628 248 2694 L.
276 2628 569 2712 Murena,
616 2632 812 2713 atque
857 2628 953 2693 ita
996 2629 1200 2713 paria,
1245 2632 1322 2693 ut
1366 2649 1572 2712 neque
1618 2628 1760 2712 ipse
1807 2629 2124 2715 dignitate
2160 2650 2204 2694 a

178 2723 235 2783 te
276 2717 451 2783 vinci
493 2718 781 2802 potuerit
814 2738 1020 2802 neque
1056 2721 1122 2781 te
1159 2716 1479 2801 dignitate
1517 2717 1860 2800 superarit.
1905 2715 2202 2783 Contem-

3 2878 5 2887 ,
179 2806 373 2891 psisti
416 2804 487 2872 L.
534 2804 846 2870 Murenae
894 2826 1117 2891 genus,
1164 2805 1462 2869 extulisti
1505 2808 1708 2869 tuum.
1775 2804 1914 2881 Quo
1963 2806 2107 2871 loco
2147 2806 2204 2870 si

3 2896 5 2899 ’
100 2910 154 2951 30
179 2894 305 2958 tibi
348 2894 473 2959 hoc
519 2894 747 2977 sumiS,
800 2894 931 2958 nisi
976 2895 1089 2977 qui
1132 2893 1444 2979 patricius
1492 2894 1602 2977 sit,
1656 2894 1983 2959 neminem
2028 2894 2201 2959 bono

182 3004 321 3047 esse
377 3002 610 3069 genere
665 2986 917 3065 natum,
970 2980 1159 3066 facis,
1212 2985 1290 3046 ut
1341 3002 1564 3047 rursus
1609 2981 1834 3066 plebes
1880 2982 1951 3045 in
1995 2982 2204 3047 Aven-

182 3070 392 3135 tinum
447 3070 809 3137 sevocanda
856 3089 994 3134 esse
1040 3069 1354 3135 videatur.
1446 3068 1561 3134 Sin
1607 3073 1826 3135 autem
1874 3073 2027 3133 sunt
2072 3091 2203 3134 am-

182 3158 329 3243 plae
404 3162 470 3223 et
540 3158 855 3225 honestae
927 3157 1216 3223 familiae
1281 3157 1597 3243 plebeiae,
1672 3161 1738 3223 et
1803 3179 2086 3243 proavus
2133 3156 2203 3222 L.

183 3244 492 3312 Murenae
548 3252 616 3312 et
670 3268 829 3313 avus
881 3251 1146 3329 praetor
1190 3246 1344 3330 fuit,
1403 3250 1470 3312 et
1513 3249 1701 3332 pater
1745 3267 1892 3311 cum
1939 3246 2205 3331 amplis-

107 3350 158 3392 85
186 3333 343 3399 sime
380 3340 573 3421 atque
609 3332 1066 3400 honestissime
1102 3357 1179 3401 ex
1214 3340 1522 3420 praetura
1557 3335 2044 3419 triumphasset,
2081 3332 2204 3399 hoc

183 3422 540 3489 faciliorem
578 3424 727 3488 huic
765 3420 1039 3509 gradum
1075 3424 1448 3489 consulatus
1487 3423 1882 3508 adipiscendi
1918 3422 2202 3507 reliquit,

184 3512 353 3595 quod
398 3513 456 3576 is
501 3512 634 3577 iam
679 3509 857 3597 patri
903 3508 1157 3577 debitus
1195 3535 1235 3579 a
1268 3512 1407 3577 filio
1445 3512 1807 3597 petebatur.
1871 3510 2012 3577 Tua
2048 3534 2202 3577 vero
2245 3528 2310 3577 16

287 3624 395 3666 010.
422 3626 484 3666 11.
512 3626 549 3666 2.
1814 3621 1884 3669 20
