2534 3875
801 167 955 222 CAP.
996 173 1134 222 7—9
1173 174 1203 234 ς
1240 175 1469 222 23—27.
2011 169 2138 234 187

39 315 140 375 ut
219 309 487 395 possim
542 310 877 375 tribunum
935 311 1146 395 plebis
1193 312 1288 376 rei
1333 313 1633 396 publicae
1677 313 1918 379 iratum
1966 321 2139 380 coer-

40 421 266 480 cere,
319 399 484 462 mihi
531 399 773 463 iratum
820 409 1247 464 contemnere.

227 487 453 563 Quam
500 487 585 551 ob
633 509 790 566 rem,
834 509 950 572 per
998 488 1149 552 deos
1191 488 1625 554 immortales!
1674 490 1967 591 colligite
2002 512 2142 592 vos,

41 575 359 642 tribuni
402 575 634 659 plebis,
681 576 959 640 deserite
1005 597 1135 659 eOS,
1181 599 1221 640 a
1268 576 1525 660 quibus,
1570 577 1699 641 nisi
1745 578 2140 663 prospicitis,

41 663 284 729 brevi
347 667 641 748 tempore
689 664 1099 748 deseremini,
1155 665 1525 749 conspirate
1568 666 1934 750 nobiscum,
1989 688 2138 732 con-

47 753 347 818 sentite
394 773 539 816 cum
575 752 784 835 bonis,
823 760 1230 817 communem
1268 775 1408 816 rem
1444 753 1773 837 publicam
1811 755 2140 820 communi

47 839 322 906 studio
374 843 570 923 atque
617 861 838 905 amore
887 840 1226 905 defendite.
1301 840 1513 909 Multa
1560 846 1713 906 sunt
1750 844 2007 907 occulta
2043 843 2139 908 rei

46 928 408 1014 publicae
464 928 751 1012 vulnera,
799 930 1010 992 multa
1050 927 1450 993 nefariorum
1498 929 1735 994 civium
1774 931 2141 1015 perniciosa

49 1016 409 1098 consilia3
446 1016 699 1081 nullum
737 1021 1076 1081 externum
1112 1017 1474 1100 periculum
1512 1020 1632 1101 est,
1668 1040 1802 1083 non
1838 1040 1971 1103 rex,
2006 1041 2141 1084 non

52 1126 257 1191 gens
341 1105 507 1187 ulla,
577 1125 712 1169 non
783 1106 965 1169 natio
1027 1105 1544 1188 pertimescenda
1608 1110 1741 1186 est3
1814 1107 2140 1172 inclusum

53 1194 382 1275 malum,
436 1193 822 1257 intestinum
879 1215 956 1257 ac
1004 1193 1432 1259 domesticum
1478 1198 1596 1258 est.
1685 1194 1857 1260 Huic
1902 1217 2021 1281 pro
2069 1217 2141 1260 se

56 1283 384 1367 quisque
428 1286 723 1345 nostrum
763 1279 1008 1345 mederi
1045 1284 1240 1365 atque
1280 1281 1403 1346 hoc
1441 1303 1667 1346 omnes
1707 1305 1937 1348 sanare
1973 1283 2139 1349 velle

57 1372 434 1435 debemus.
533 1369 820 1452 Errat1S,
878 1371 935 1434 si
990 1374 1290 1433 senatum
1346 1370 1625 1453 probare
1682 1393 1784 1455 ea,
1840 1394 2006 1472 quae
2052 1372 2143 1436 di·

58 1462 348 1525 cuntur
405 1479 446 1520 a
508 1478 638 1540 me,
698 1457 978 1542 putatis,
1041 1458 1359 1542 populum
1420 1462 1640 1530 autem
1697 1480 1837 1523 esse
1892 1460 1963 1523 in
2011 1460 2143 1524 alia

61 1547 468 1613 voluntate.
541 1544 800 1629 OmneS,
847 1546 959 1630 qui
1004 1567 1071 1610 se
1108 1546 1469 1611 incolumes
1508 1546 1747 1631 volent,
1793 1552 2145 1632 sequentur

62 1634 572 1701 auctoritatem
630 1634 914 1698 consulis
971 1634 1170 1699 soluti
1225 1656 1264 1699 a
1319 1634 1813 1719 cupiditatibus,
1867 1636 2059 1700 liberi
2104 1658 2144 1700 a

63 1721 386 1805 delictis,
420 1722 594 1786 cauti
631 1722 699 1785 in
734 1722 1059 1807 periculis,
1095 1743 1226 1786 non
1253 1723 1516 1787 timidi
1498 1745 1568 1786 111
1596 1723 2141 1788 contentionibus

64 1809 358 1888 Quodsi
412 1809 522 1894 qui
575 1813 866 1875 vestrum
931 1831 1045 1894 spe
1102 1810 1359 1875 ducitur
1403 1833 1473 1876 se
1518 1832 1719 1896 posse
1764 1811 2143 1876 turbulenta

63 1898 366 1966 ratione
419 1897 653 1964 honori
707 1898 1020 1964 velificari
1075 1920 1221 1983 suo,
1276 1899 1561 1984 primum
1615 1921 1718 1965 me
1764 1900 2031 1966 consule
2076 1900 2144 1965 id

29 2007 378 2075 -sperare
432 1986 733 2070 desistat,
795 1987 1023 2052 deinde
1077 1987 1320 2052 habeat
1374 2010 1477 2052 me
1521 1989 1736 2073 ipsum
1785 1988 1910 2053 sibi
1958 1989 2137 2053 docu-

68 2079 357 2157 mentO,
394 2096 583 2159 quem
623 2076 906 2159 equestri
947 2079 1162 2141 ortum
1201 2076 1346 2141 loco
1385 2077 1715 2141 consulem
1746 2077 1941 2154 videt,
1979 2098 2144 2160 quae

69 2168 284 2232 vitae
325 2162 435 2227 via
468 2162 780 2228 facillime
821 2164 994 2228 viros
1031 2166 1238 2228 bonos
1269 2164 1351 2228 ad
1380 2164 1696 2229 honorem
1726 2165 2146 2250 dignitatem·

72 2275 227 2339 que
308 2250 639 2336 perducat.
748 2250 994 2328 Quodsi
1056 2272 1174 2317 vos
1238 2256 1531 2318 vestrum
1604 2253 1767 2317 mihi
1839 2253 2146 2337 studium,

73 2345 337 2428 patres
384 2340 747 2424 conscripti,
794 2340 874 2405 ad
921 2362 1327 2405 communem
1376 2341 1767 2426 dignitatem
1806 2341 2145 2406 defenden-

29 2447 40 2484 ’ν
76 2432 260 2495 dam
309 2428 734 2512 profitemini,
789 2429 1120 2514 perficiam
1166 2428 1487 2511 profecto,
1532 2428 1599 2492 id
1646 2429 1818 2513 quod
1866 2429 2146 2494 maxime

73 2540 200 2584 res
247 2515 515 2600 publica
552 2515 890 2600 desiderat,
926 2519 1001 2580 ut
1036 2516 1228 2580 huius
1268 2516 1521 2581 ordinis
1558 2519 1935 2601 auctoritas,
1982 2539 2146 2602 quae

78 2604 286 2691 apud
346 2604 624 2669 maiores
677 2608 939 2670 nostros
993 2604 1149 2687 fuit,
1207 2603 1429 2668 eadem
1488 2626 1658 2669 nunc
1704 2607 1905 2692 longo
1951 2607 2147 2670 inter·

77 2693 291 2761 vallo
341 2692 437 2756 rei
479 2692 780 2778 publicae
826 2692 1134 2758 restituta
1179 2714 1321 2757 esse
1367 2692 1681 2758 videatur.

2177 492 2219 557 9

2180 1388 2247 1437 27
