2534 3875
885 186 1042 257 cAP.
1081 192 1256 241 8—10
1294 193 1325 253 s
1364 191 1593 242 24-29.
2086 185 2218 252 349

165 332 419 416 amieis,
464 334 729 416 praesto
777 335 932 396 sunt
978 332 1314 415 omnibus;
1361 331 1418 397 si
1462 353 1673 417 neque
1720 332 1913 398 amici
1956 330 2027 397 in
2069 331 2217 397 foro

167 420 518 505 requirunt
573 419 861 485 studium
919 441 1138 485 meum
1182 441 1393 505 neque
1438 441 1542 485 res
1587 419 1853 505 publiea
1896 420 1967 485 in
2013 421 2216 503 curia3

175 510 236 573 si
291 531 396 573 me
451 530 586 573 non
639 508 833 573 modo
891 530 1024 574 non
1079 530 1296 573 rerum
1353 512 1689 594 gestarum
1752 508 2040 591 vacatio,
2105 510 2218 573 sed

171 618 386 681 neque
411 596 684 661 honoris
711 617 918 681 neque
948 597 1186 661 aetatis
1217 596 1552 662 excusatio
1579 595 1871 661 vindicat
1896 619 1937 661 a
1966 598 2216 680 labore3

105 703 144 744 5
177 686 238 750 si
282 685 590 750 voluntas
639 707 802 768 mea,
847 684 906 749 si
951 685 1294 769 industria,
1341 685 1399 750 si
1444 686 1695 769 domne,
1744 684 1803 749 si
1840 685 2113 767 animuS,
2160 687 2219 749 si

174 795 367 839 aures
411 777 646 857 patent
681 773 1017 857 omnibus3
1067 773 1124 838 si
1171 773 1335 838 mihi
1369 794 1452 838 ne
1490 774 1572 838 ad
1612 796 1689 839 ea
1726 774 2005 857 quidem,
2052 795 2217 857 quae

171 884 297 948 pro
363 862 576 927 salute
642 862 934 927 omnium
999 862 1207 947 gessi,
1273 861 1673 927 recordanda
1738 866 1807 927 et
1870 861 2218 947 cogitanda

173 951 523 1035 quiequam
593 950 984 1035 relinquitur
1047 950 1395 1033 temporis:
1467 954 1689 1015 tamen
1752 949 1878 1016 hoo
1941 972 2217 1037 regnum

175 1038 651 1124 appellabitur,
717 1038 897 1103 ouius
963 1038 1244 1104 vicarius
1309 1039 1421 1123 qui
1476 1039 1638 1105 velit
1702 1060 1873 1123 esse,
1936 1039 2218 1105 inveniri

83 1146 150 1187 ιο
177 1149 372 1194 nemo
418 1127 683 1212 potest?
774 1126 1004 1213 Longe
1051 1129 1238 1192 abest
1284 1150 1325 1191 a
1368 1149 1473 1192 me
1518 1128 1707 1213 regni
1753 1127 2063 1211 suspi0i03
2112 1128 2219 1193 sin
2255 1134 2318 1185 2⁸2

175 1215 465 1301 quaeris,
521 1216 634 1299 qui
691 1215 825 1280 sint
866 1215 1114 1281 Romae
1161 1235 1437 1301 regnum
1485 1220 1800 1299 oecupare
1846 1216 2091 1299 eonati,
2146 1220 2221 1281 ut

175 1326 263 1369 ne
316 1304 594 1389 replices
651 1303 987 1369 annalium
1041 1304 1455 1387 memoriam,
1511 1326 1589 1368 ex
1637 1303 2011 1369 domesfiicis
2056 1304 2218 1369 ima-

179 1392 446 1477 ginibus
503 1392 811 1458 invenies,
906 1392 1036 1457 Res
1083 1393 1255 1456 enim
1303 1396 1556 1477 gestae,
1611 1392 1830 1474 eredo,
1884 1414 2067 1457 meae
2113 1415 2217 1458 me

175 1481 376 1546 nimis
443 1481 818 1545 extulerunt
871 1502 948 1545 ae
1002 1480 1164 1545 mihi
1222 1480 1443 1545 neseio
1500 1502 1661 1564 quos
1720 1480 1990 1565 spiribus
2053 1484 2217 1545 attu-

91 1587 150 1628 15
179 1572 418 1634 lerunt.
482 1566 730 1644 Quibus
777 1568 857 1633 de
892 1570 1087 1634 rebus
1126 1572 1264 1633 tam
1302 1567 1515 1652 elariS,
1561 1573 1699 1634 tam
1738 1568 2218 1647 inmortalibus,

179 1658 452 1741 iudices,
497 1656 624 1722 hoe
649 1678 936 1759 ‘possum
984 1657 1222 1735 dicere,
1268 1679 1402 1736 me,
1450 1656 1562 1741 qui
1606 1678 1685 1720 ex
1732 1657 2003 1721 summis
2048 1657 2216 1758 peri-

181 1747 346 1813 eulis
383 1745 736 1831 eripuerim
782 1746 1012 1811 urbem
1057 1745 1228 1811 hane
1277 1750 1343 1810 et
1387 1707 1594 1810 ititam
1632 1744 1925 1809 omnium
1962 1744 2220 1815 civium.

183 1836 344 1900 satis
391 1834 702 1919 adeptum
745 1833 906 1918 fore,
953 1834 1012 1899 si
1057 1855 1135 1899 ex
1171 1835 1297 1898 hoe
1334 1837 1523 1899 {zanto
1558 1833 1631 1897 in
1668 1834 1881 1897 omnis
1919 1833 2218 1897 mortalis

183 1923 496 1989 beneficio
553 1922 810 1988 nullum
867 1923 937 1988 in
992 1945 1095 1988 me
1151 1924 1369 2008 ipsum
1414 1922 1774 2006 periculum
1820 1920 2219 1987 redundarit.

98 2031 155 2071 20
179 2013 472 2096 Etenim,
517 2011 588 2076 in
634 2034 762 2096 qua
809 2011 1074 2078 civitate
1121 2033 1226 2077 res
1273 2016 1494 2077 tantas
1544 2012 1886 2096 gesserim,
1932 2010 2217 2093 memini,
2256 2018 2322 2067 28

181 2103 254 2166 in
315 2123 448 2186 qua
507 2101 666 2165 urbe
731 2121 978 2184 verser,
1053 2100 1388 2185 intellego.
1495 2099 1771 2164 Plenum
1831 2099 2049 2164 forum
2116 2102 2218 2164 est

185 2212 411 2255 eorum
455 2188 814 2273 hominum,
861 2210 1025 2273 quos
1073 2210 1196 2275 ego
1237 2211 1277 2253 a
1312 2189 1547 2253 vestris
1584 2187 1943 2254 cervicibus
1982 2187 2218 2271 depuli,

182 2278 454 2357 ludices,
500 2299 540 2341 a
585 2277 746 2343 meis
791 2298 924 2342 non
969 2277 1239 2342 removi.
1330 2274 1481 2341 Nisi
1524 2298 1677 2342 vero
1724 2297 1969 2361 paucos
2013 2275 2218 2340 fuisse

184 2365 616 2445 arbitramini,
663 2365 776 2451 qui
821 2367 1043 2430 conari
1090 2370 1207 2431 aut
1241 2387 1505 2450 sperare
1542 2368 1815 2450 possent
1853 2386 1921 2429 se
1958 2367 2219 2428 tantum

104 2470 158 2511 25
185 2454 534 2540 imperium
580 2476 773 2539 posse
821 2454 1050 2518 delere.
1148 2453 1406 2518 Horum
1452 2475 1575 2539 ego
1620 2453 1799 2518 faces
1846 2453 2094 2538 eripere
2141 2451 2218 2517 de

184 2543 490 2608 manibus
537 2546 603 2606 eb
649 2542 904 2628 gladios
952 2546 1339 2626 extorquere
1384 2541 1600 2627 potui,
1656 2541 1851 2606 sicuti
1894 2541 2051 2626 feei,
2108 2563 2217 2606 vo·

183 2633 476 2697 luntates
549 2652 704 2695 vero
769 2631 1243 2696 consceleralzas
1312 2653 1388 2696 ao
1452 2630 1740 2695 nefarias
1802 2651 1923 2696 nec
1990 2651 2219 2696 sanare

183 2719 372 2805 polzui
423 2741 542 2784 neo
597 2719 846 2784 tollere.
946 2718 1158 2795 Quare
1221 2742 1357 2784 non
1422 2740 1566 2784 sum
1632 2719 1917 2802 nescius,
1974 2723 2219 2804 quani-‚o

184 2808 478 2893 periculo
523 2807 740 2873 vivam
775 2807 847 2873 in
883 2812 1074 2872 tanlza
1109 2807 1528 2872 multitudine
1563 2807 2030 2892 improborum,
2076 2829 2223 2872 oum

107 2914 159 2954 30
186 2897 352 2961 mihi
429 2895 544 2961 uni
605 2919 752 2962 oum
817 2896 1118 2961 omnibus
1181 2895 1499 2982 improbis
1568 2901 1902 2961 aeternum
1965 2895 2221 2960 videam

186 2985 438 3050 bellum
495 2989 886 3087 susceptum·
929 3006 1086 3051 esse.
1178 2983 1426 3086 Quodsi
1479 2984 1616 3049 illis
1671 2985 1833 3049 meis
1880 2983 2328 3078 praesidiis29
2246 2952 2331 3016 10

185 3074 358 3139 forte
403 3072 673 3155 invides,
719 3077 787 3138 et
831 3073 890 3138 si
927 3096 1004 3138 ea
1040 3073 1165 3138 tibi
1201 3073 1387 3158 regia
1424 3072 1739 3156 videntur,
1786 3072 1959 3157 quod
1996 3091 2221 3135 omnes

187 3162 348 3227 boni
405 3162 698 3226 omnium
753 3183 1063 3247 generum
1121 3165 1318 3246 atque
1365 3161 1663 3226 ordinum
1710 3181 1897 3225 suam
1944 3159 2224 3224 salutem

189 3273 337 3315 oum
411 3272 560 3314 mea
630 3251 1057 3336 coniungunt,
1125 3249 1463 3315 consolare
1526 3252 1622 3330 te,
1698 3247 1869 3332 quod
1934 3245 2225 3311 omnium

106 3355 160 3396 ³⁵
191 3342 444 3403 mentes
500 3337 949 3423 improborum
1004 3337 1168 3404 mihi
1219 3338 1335 3402 uni
1390 3337 1669 3402 maxime
1726 3339 1879 3400 sunt
1933 3335 2226 3398 infensae

189 3432 257 3492 et
313 3427 650 3511 adversae3
706 3427 816 3512 qui
875 3447 978 3491 me
1031 3447 1166 3491 non
1226 3425 1477 3506 [modo]
1537 3425 1747 3488 solum
1792 3421 2029 3488 idcirco
2077 3422 2225 3487 ode·

189 3519 373 3600 runt,
438 3514 612 3600 quod
672 3536 898 3580 eorum
962 3518 1236 3579 eonabus
1300 3513 1538 3598 impios
1605 3515 1672 3576 elz
1735 3511 2021 3576 furorem
2079 3531 2226 3576 eon-
