2534 3875
666 934 765 1008 M.
824 933 1111 1006 TULLI
1168 933 1665 1008 CICERONIS

444 1097 999 1185 ORATIONIS
1064 1097 1272 1182 PRO
1337 1098 1443 1182 M.
1509 1097 1890 1184 TULLIO

736 1265 974 1342 QUAE
1021 1262 1592 1330 MANSERUNT.
1931 1268 1942 1284 ⁸

1058 1427 1274 1436 *-

870 1533 1464 1596 ARGUMENTUM.

290 1652 370 1708 Μ.
411 1649 635 1705 'Pullius
678 1649 930 1704 habebat
972 1651 1033 1705 in
1070 1667 1207 1720 agro
1244 1650 1494 1704 Thurino
1531 1649 1770 1704 fundum
1808 1665 1844 1703 a
1877 1651 2041 1720 patre
2079 1650 2188 1705 sibi

136 1723 435 1789 relictum,
490 1722 581 1776 cui
631 1725 755 1775 erat
806 1721 991 1776 vicina
1040 1721 1155 1775 alia
1202 1721 1486 1791 possessio
1535 1719 1592 1774 C.
1643 1719 1843 1774 Claudi
1895 1721 2184 1776 senatoris.

139 1794 215 1849 Et
252 1792 525 1862 quamdiu
562 1792 655 1846 hic
693 1791 921 1860 quidem
959 1792 1203 1846 vicinum
1241 1791 1478 1845 fundum
1515 1791 1870 1860 possidebat,
1920 1790 2080 1844 nulla
2115 1792 2187 1845 de

138 1865 353 1918 finibus
400 1881 437 1918 a
506 1879 667 1918 orum
702 1863 1087 1918 controversia
1122 1863 1260 1917 erat.
1335 1863 1542 1917 Postea
1577 1877 1710 1916 vero
1748 1861 1984 1916 fundum
2022 1878 2186 1916 suum

138 1935 409 1991 vendidit
490 1977 503 1990 .
541 1933 740 2001 Fabio,
794 1933 1021 1989 sordido
1058 1933 1300 2001 homini,
1352 1933 1450 2002 qui
1497 1932 1798 2003 pecuniam
1846 1932 1908 1987 in
1942 1931 2072 1987 Asia
2128 1935 2189 1988 et

136 2003 491 2062 Macedonia
532 2005 725 2059 nescio
771 2021 883 2073 quo
928 2006 1097 2059 modo
1151 2005 1468 2075 quaesitam
1503 2005 1564 2059 in
1599 2004 1776 2060 fundo
1812 2006 1939 2059 tuto
1975 2020 2186 2073 ponere

136 2077 509 2147 properabat.
564 2075 719 2129 Emit
746 2077 937 2129 autem
969 2076 1138 2130 homo
1168 2092 1284 2131 non
1317 2076 1502 2129 minus
1541 2074 1748 2129 stultus
1786 2090 1956 2143 quam
1983 2092 2186 2129 avarus

137 2154 262 2203 tam
301 2148 504 2201 insano
541 2148 741 2217 pretio,
780 2150 845 2201 ut
880 2147 1177 2215 pecuniam
1212 2147 1404 2216 potius
1433 2145 1706 2201 abiecisse
1736 2162 1904 2213 quam
1931 2146 2186 2215 posuisse

138 2220 259 2273 dici
297 2220 511 2287 posset.
587 2216 747 2283 Quod
784 2218 851 2270 ut
884 2218 1009 2286 ipse
1046 2216 1240 2284 sensit,
1279 2215 1706 2286 circumspicere
1753 2216 1968 2285 coepit,
2020 2232 2186 2284 quem

144 2290 223 2345 ad
262 2289 495 2343 modum
532 2288 799 2343 damnum
827 2304 988 2341 suum
1016 2289 1321 2357 repararet.
1378 2286 1456 2341 Et
1479 2287 1724 2356 primum
1753 2285 1982 2355 quidem
2008 2287 2186 2341 totius

138 2360 368 2429 negotii
386 2376 517 2413 eum
534 2359 885 2427 paenitebat3
914 2357 1148 2411 fundum
1168 2372 1306 2427 ergo
1326 2357 1532 2411 iterum
1559 2357 1906 2427 proscripsit,
1934 2360 2188 2427 emptum

144 2436 343 2486 autem
382 2446 507 2483 eum
546 2429 799 2490 hahebat
831 2444 958 2483 cum
986 2428 1294 2483 Acerronio
1331 2428 1595 2496 quodam,
1632 2428 1889 2493 honesto,
1927 2430 1992 2482 ut
2025 2428 2182 2483 vide-

140 2504 267 2567 tur,
320 2500 460 2554 viro.
536 2497 672 2553 Cum
721 2498 897 2568 igitur
944 2514 1109 2553 nemo
1162 2498 1236 2553 ad
1286 2497 1632 2567 emptionem
1683 2499 1999 2565 accederet,
2054 2499 2186 2552 huic

143 2572 306 2627 socio
355 2586 482 2643 suc,
528 2572 595 2623 ut
638 2570 838 2626 eodem
884 2568 1007 2623 sine
1053 2568 1227 2624 dubio
1274 2571 1374 2623 aut
1417 2568 1657 2637 maiore,
1705 2586 1877 2637 quam
1914 2584 2024 2637 quo
2062 2570 2184 2639 ipse

143 2643 389 2707 emerat,
436 2638 621 2709 pretio
655 2639 891 2694 fundum
925 2639 1251 2708 redimeret,
1303 2641 1600 2711 persuasit.
1673 2641 1960 2694 Persuasit
1995 2642 2186 2694 autem

144 2728 219 2767 eo
254 2710 485 2765 facilius
522 2710 811 2780 improbus
850 2711 1043 2778 homo,
1082 2710 1235 2779 quod
1273 2711 1334 2764 in
1369 2710 1588 2765 tabella
1623 2710 2050 2780 proscriptionis
2089 2709 2186 2764 ad-

141 2781 524 2838 finiendorum
574 2783 891 2851 emptorum
948 2798 1119 2836 causa
1171 2781 1446 2837 maiorem
1495 2781 1657 2835 fundi
1711 2783 1963 2847 modum,
2020 2797 2188 2850 quam

143 2854 331 2924 ipsius
368 2856 519 2919 erat,
562 2854 629 2905 ut
662 2850 921 2907 venalem
956 2852 1377 2922 designaverat,
1423 2852 1642 2907 inclusa
1679 2851 1899 2906 scilieet
1933 2852 2189 2906 centuria

143 2924 398 2993 quadam
442 2922 781 2991 Populiana,
829 2938 975 2991 quae
1018 2924 1208 2992 portio
1254 2926 1379 2977 erat
1422 2922 1584 2975 fundi
1630 2922 1903 2989 Tulliani,
1957 2923 2057 2977 sed
2103 2921 2190 2976 ita

146 2995 289 3061 sita,
340 2996 409 3048 ut
454 2992 635 3047 inscio
683 2994 758 3048 ad
808 3010 971 3048 suum
1020 2993 1257 3047 fundum
1308 2993 1591 3063 pertinere
1642 2994 1944 3049 videretur.
2029 2993 2184 3046 Haec

144 3066 305 3119 fraus
343 3064 405 3117 in
441 3063 845 3133 proscribendo
891 3063 1065 3118 fundo
1104 3064 1356 3118 admissa
1389 3064 1574 3118 Tullio
1613 3080 1650 3117 a
1683 3066 2048 3134 procuratore
2085 3078 2185 3116 suo

144 3139 371 3191 mature
418 3136 655 3189 Romam
700 3134 1009 3191 nuntiatur.
1083 3134 1356 3205 Appellat
1398 3133 1766 3190 Acerronium
1810 3133 2020 3189 ibidem
2065 3135 2187 3187 tum

148 3209 358 3333 3353&
360 3224 459 3330 ’ἒξ
484 3203 1572 3344 'zfiffifflugu{Sessflffuffimas
1579 3204 2000 3343 {332200211233
2035 3203 2186 3327 22²2?

1787 3317 1800 3342 ²

149 3348 384 3403 modum
420 3347 546 3412 fuit,
584 3346 894 3416 respondit.
951 3346 1030 3400 At
1064 3346 1204 3401 fines
1231 3346 1437 3401 Fabius
1475 3318 1674 3401 auctor
1709 3344 2013 3399 Acerronio
2051 3360 2188 3396 non-

150 3420 287 3472 dum
334 3418 835 3473 demonstraverat.
920 3418 1101 3471 Mittit
1147 3416 1325 3486 igitur
1375 3415 1449 3472 ad
1493 3418 1914 3485 procuratorem
1963 3414 2188 3467 litteras

151 3491 211 3543 et
247 3488 325 3543 ad
372 3488 607 3543 vilicum
643 3488 889 3557 Tullius,
938 3492 1205 3544 caverent
1247 3504 1288 3542 a
1327 3487 1622 3541 fraudibus
1657 3485 1798 3539 Fabi
1841 3487 1924 3551 et,
1971 3485 2023 3538 si
2065 3485 2187 3539 fieri
2234 3484 2239 3488 '

258 3586 374 3629 010.
402 3588 470 3627 11.
496 3588 537 3627 2.
1295 3646 1304 3655 .
1830 3577 1860 3624 1
