2534 3875
346 202 479 268 496
633 202 731 257 DE
768 199 975 256 DOMO
1016 200 1157 258 SUA
1195 202 1295 256 AD
1334 199 1766 257 PONTIFICES
1807 200 2097 258 ORATIO-

345 369 477 414 non
539 346 776 412 inludit
841 345 1220 412 auctoritati
1280 345 1513 410 horum
1577 345 1893 429 omnium,
1958 347 2070 431 qui
2128 347 2391 430 adsunt,

348 457 748 501 summorum
794 435 1110 520 virorum,
1164 454 1299 498 non
1345 438 1590 517 vestra,
1635 434 2006 518 pontifices,
2055 437 2392 520 gravitate

348 524 688 589 abutitur?
754 523 854 588 Ex
900 523 1032 588 isto
1081 544 1192 588 ore
1238 521 1578 607 religionis
1625 523 1896 587 verbum
1937 523 2234 588 excidere
2277 530 2392 588 aut

348 611 520 676 elabi
566 612 830 697 potest?
878 632 1071 695 quam
1119 616 1194 675 tu
1240 610 1467 674 eodem
1515 631 1626 674 ore
1664 611 2023 676 accusando
2063 616 2392 696 senatum,

349 701 520 783 quod
560 721 779 765 severe
822 699 899 764 de
928 699 1246 785 religione
1278 698 1666 780 decerneret,
1703 698 2122 784 inpurissime
2149 704 2390 765 taeter·
2415 719 2436 758 5

245 770 639 896 ftobrimeque
686 788 970 853 violasti.
1062 786 1385 870 Aspicite,
1440 787 1780 870 pontifices
1792 838 1809 869 ,
1855 786 2192 852 hominem
2240 790 2390 853 reli-

279 849 311 898 ⁰
351 877 607 962 giosum
656 881 739 960 et,
787 877 842 940 si
889 875 1076 940 vobis
1124 875 1397 958 videtur,
1447 875 1620 958 quod
1659 880 1760 939 est
1805 876 2126 940 bonorum
2173 879 2392 961 ponti-

347 965 569 1050 ficum,
624 968 883 1029 monete
938 984 1083 1027 eum
1144 963 1409 1027 modum
1457 961 1778 1046 quendam
1825 984 1964 1028 esse
2010 964 2390 1050 religionis3

346 1055 622 1117 nimium
680 1074 821 1117 esse
885 1051 1410 1134 superstitiosum
1455 1073 1589 1116 non
1635 1055 1954 1136 oportere.
2045 1049 2220 1126 Quid
2265 1053 2389 1117 tibi

346 1162 609 1206 necesse
655 1139 780 1205 fuit
825 1139 982 1204 anili
1028 1139 1518 1223 superstitione,
1572 1139 1771 1205 homo
1817 1140 2133 1223 fanatice,
2193 1143 2454 1207 sacri-10

348 1230 583 1311 ficium,
631 1229 801 1311 quod
840 1228 1089 1293 alienae
1126 1228 1304 1293 domi
1342 1227 1547 1311 fieret,
1584 1227 1907 1293 invisere?
1956 1250 2121 1312 quae
2161 1233 2385 1294 autem

348 1321 415 1380 te
452 1320 642 1380 tanta
677 1316 912 1381 mentis
951 1316 1346 1382 inbecillitas
1384 1315 1614 1399 tenuit,
1650 1319 1727 1380 ut
1760 1337 1892 1380 non
1928 1321 2200 1400 putares
2231 1317 2386 1383 deos

349 1405 513 1469 satis
549 1427 741 1488 posse
779 1404 1044 1488 placari,
1080 1405 1208 1469 nisi
1248 1404 1447 1468 etiam
1484 1403 1911 1469 muliebribus
1949 1405 2385 1490 religionibus

348 1498 415 1557 te
459 1492 915 1577 inplicuisses‘?
980 1490 1183 1567 Quem
1230 1514 1538 1576 umquam
1587 1491 1828 1556 audisti
1873 1495 2198 1559 maiorum
2247 1499 2386 1560 tuo-

348 1604 513 1663 rum,
560 1582 671 1665 qui
718 1585 783 1646 et
831 1603 1015 1646 sacra
1059 1580 1320 1664 privata
1367 1581 1704 1645 coluerunt
1753 1584 1820 1645 et
1854 1581 2137 1665 publicis
2177 1600 2450 1648 sacer-1⁵

351 1669 547 1735 dotiis
592 1669 1035 1754 praefuerunt,
1080 1690 1225 1734 cum
1275 1668 1661 1734 sacrificium
1708 1667 1928 1734 Bonae
1976 1670 2132 1735 deae
2179 1671 2384 1752 fieret,

349 1757 770 1823 interfuisse?
864 1757 1234 1842 Neminem,
1289 1778 1372 1820 ne
1417 1757 1604 1821 illum
1652 1757 1938 1840 quidem,
1995 1758 2106 1842 qui
2153 1780 2384 1824 caecus

350 1850 451 1911 est
503 1845 737 1911 factus
825 1844 927 1909 Ex
984 1866 1110 1929 quo
1166 1845 1576 1931 intellegitur
1631 1847 1839 1910 multa
1893 1846 1961 1910 in
2016 1846 2153 1912 vita
2215 1847 2383 1912 falso

349 1934 648 2000 homines
705 1933 988 2019 opinari,
1053 1956 1196 1999 cum
1251 1933 1391 2018 ille,
1456 1933 1569 2018 qui
1621 1933 1787 1998 nihil
1845 1934 2097 1999 viderat
2153 1938 2382 2019 scienS‚

351 2024 522 2107 quod
558 2023 743 2087 nefas
782 2028 972 2106 esset,
1018 2022 1268 2086 lumina
1306 2022 1548 2106 amisit,
1593 2023 1804 2105 istiuS,
1853 2024 1964 2106 qui
2000 2045 2133 2088 non
2171 2026 2382 2090 solum
2408 2042 2452 2081 2⁰

352 2116 644 2197 aspecta,
710 2111 822 2175 sed
886 2111 1084 2175 etiam
1150 2111 1399 2175 incesto
1462 2110 1717 2195 flagitio
1781 2117 1848 2176 et
1905 2116 2130 2195 stupro
2187 2114 2380 2178 caeri-

351 2200 602 2265 monias
648 2199 911 2283 polluit,
967 2220 1179 2283 poena
1224 2200 1435 2263 omnis
1487 2199 1822 2264 oculorum
1872 2200 1953 2264 ad
1999 2200 2380 2267 caecitatem

350 2288 587 2352 mentis
654 2292 755 2351 est
816 2308 1146 2352 conversa.
1245 2286 1390 2352 Hoc
1461 2289 1721 2352 auctore
1775 2292 1913 2353 tam
1970 2293 2178 2373 casto,
2245 2294 2376 2355 tam

349 2376 680 2461 religioso,
724 2380 863 2439 tam
904 2379 1148 2458 sancto,
1195 2379 1332 2439 tam
1371 2375 1481 2460 pio
1520 2375 1816 2461 potestis,
1851 2376 2215 2461 pontifices,
2253 2400 2378 2443 non

352 2463 775 2546 commoveri,
830 2486 976 2529 cum
1036 2463 1168 2528 suis
1226 2484 1297 2527 se
1344 2464 1518 2528 dicat
1561 2464 1862 2529 manibus
1912 2465 2174 2530 domum
2223 2467 2376 2532 civis
2402 2481 2444 2522 ²⁵

353 2552 584 2635 optimi
640 2551 952 2616 evertisse
1010 2556 1075 2616 et
1132 2574 1275 2616 eam
1323 2552 1528 2617 isdem
1575 2553 1876 2617 manibus
1923 2555 2378 2619 consecrasse?

248 2654 348 2704 106
484 2639 664 2715 Quae
720 2643 837 2703 tua
890 2639 1019 2703 fuit
1078 2640 1524 2705 consecratio?
1581 2638 1950 2725 ‘Tuleram',
1987 2643 2230 2725 inquit,
2286 2642 2377 2707 ‘ut

352 2726 514 2791 mihi
561 2726 827 2791 liceret?
921 2726 1134 2802 Quid?
1188 2750 1323 2793 non
1377 2749 1748 2812 exceperaS,
1802 2733 1902 2814 ut,
1957 2730 2014 2794 si
2070 2730 2227 2813 quid
2281 2733 2376 2796 ius

348 2838 482 2880 non
530 2818 702 2879 esset
745 2817 994 2899 rogari,
1050 2837 1132 2880 ne
1179 2820 1350 2881 esset
1397 2817 1752 2902 rogatum?
1842 2815 1954 2882 Ius
2001 2818 2208 2902 igitur
2255 2825 2374 2884 sta-

350 2904 549 2969 tuetis
597 2924 736 2968 esse
786 2904 974 2968 unius
1022 2905 1330 2988 cuiusque
1377 2910 1666 2969 vestrum
1715 2905 1917 2987 sedes,
1965 2927 2132 2990 araS,
2179 2907 2436 2989 focOS‚³⁰

352 2991 505 3058 deos
564 2995 833 3076 penates
902 2993 1224 3057 subiectos
1292 3014 1432 3057 esse
1497 2993 1753 3057 libidini
1811 2993 2248 3061 tribuniciae?
2312 2998 2374 3060 in

352 3102 543 3164 quem
600 3081 873 3165 quisque
919 3102 1036 3164 per
1079 3080 1378 3146 homines
1426 3081 1786 3147 concitatos
1831 3082 2134 3165 inruerit,
2189 3106 2374 3168 quem

349 3168 598 3253 impetu
643 3169 1019 3252 perculerit,
1063 3168 1258 3233 huius
1307 3169 1569 3234 domum
1615 3190 1748 3235 non
1796 3171 2005 3235 solum
2054 3170 2372 3258 adfligere,

350 3257 519 3340 quod
578 3260 678 3321 est
722 3256 1085 3341 praesentis
1130 3257 1420 3321 insaniae
1467 3258 1656 3341 quasi
1699 3260 2110 3342 tempestatis
2160 3281 2371 3346 repen-

350 3344 544 3426 tinae,
592 3344 704 3408 sed
743 3344 941 3409 etiam
987 3345 1055 3407 in
1100 3348 1434 3428 posterum
1482 3352 1739 3429 tempus
1789 3348 2186 3431 sempiterna
2232 3350 2368 3415 reli·
2390 3359 2428 3403 ³⁵

243 3407 543 3530 ‘1237gione
616 3432 951 3516 obligare?
1048 3431 1369 3516 Equidem
1426 3434 1518 3498 sic
1573 3435 1817 3518 accepi,
1881 3435 2250 3520 pontifices,
2311 3439 2370 3502 in

350 3516 776 3601 religionibus
826 3520 1249 3603 suscipiendis
1298 3525 1492 3604 caput
1540 3542 1682 3587 esse
1726 3523 2163 3609 interpretari,
2211 3547 2369 3609 quae
