2534 3875
911 75 1064 130 CAP.
1108 82 1135 128 1
1174 81 1204 141 ς
1244 82 1398 132 1—3.
2036 79 2161 143 179

258 219 330 282 4.
381 217 725 300 Praedam,
773 218 1140 300 manubiaS,
1191 219 1575 304 sectionem,
1627 227 1845 285 castra
1889 221 2163 306 denique

95 305 242 378 Cn.
311 304 585 388 Pompei
668 306 930 371 sedente
1003 308 1393 390 imperatore
1457 309 1802 374 decemviri
1865 309 2163 375 vendent.

95 393 322 480 (Gen.
373 393 576 458 XIII
614 395 712 460 25.
760 401 830 474 6,
875 395 1040 459 Non.
1085 399 1234 460 432.
1280 394 1416 481 29.)
1473 431 1475 434 >

263 655 394 698 *²¹⁸*
441 680 606 742 quae
669 680 773 722 res
834 662 1057 743 aperte
1119 662 1493 744 petebatur,
1560 683 1636 726 ea
1688 683 1859 727 nunc
1913 664 2161 728 occulte
2202 640 2239 766 {-

32 765 61 804 5
95 747 450 814 cuniculis
499 750 932 832 oppugnatur.
994 747 1231 814 Dicent
1268 751 1441 814 enim
1480 750 1841 835 decemviri,
1886 750 1952 814 id
1990 750 2162 835 quod

95 842 177 902 et
238 835 486 900 dicitur
531 858 571 899 a
616 835 841 899 multis
888 838 954 900 et
1000 857 1193 921 saepe
1240 837 1483 902 dictum
1532 842 1660 922 est,
1704 843 1855 924 post
1901 839 2162 904 eosdem

95 925 434 991 consules
505 924 681 1009 regis
753 922 1111 988 Alexandri
1183 928 1577 991 testamento
1650 949 1925 1013 regnum
1996 926 2162 991 illud

96 1012 367 1099 populi
419 1011 700 1077 Romani
756 1033 897 1076 esse
952 1011 1216 1077 factum.
1306 1013 1571 1079 Dabitis
1626 1016 1830 1100 igitur
1882 1015 2162 1080 Alexan-

99 1103 346 1167 driam
412 1101 582 1164 clam
644 1101 1020 1184 petentibus
1089 1101 1197 1184 iis,
1272 1103 1504 1185 quibus
1580 1104 1986 1187 apertissime
2049 1124 2162 1187 pu·

31 1207 68 1246 =0
101 1188 491 1277 guantibus
555 1188 944 1253 restitistis?
1052 1187 1257 1272 Haec,
1328 1213 1444 1274 per
1510 1191 1662 1256 deos
1727 1192 2161 1256 immortales!

100 1283 358 1344 utrum
413 1296 553 1340 esse
608 1276 794 1340 vobis
849 1277 1126 1341 consilia
1179 1279 1500 1342 siccorum
1547 1302 1632 1343 an
1678 1280 2161 1345 vinulentorum

102 1365 391 1432 somnia
438 1368 503 1428 et
546 1367 767 1428 utrum
805 1365 1097 1450 cogitata
1143 1367 1535 1450 sapientium
1581 1389 1664 1431 an
1702 1371 1931 1451 optata
1964 1368 2162 1433 furio-

31 1512 32 1515 ,
102 1476 360 1522 sorum
404 1452 748 1517 videntur?
811 1451 1046 1517 Videte
1090 1475 1280 1536 nunc,
1324 1456 1622 1538 proximo
1670 1456 1884 1538 capite
1929 1460 2003 1520 ut
2046 1457 2161 1521 im·
2198 1472 2231 1519 2

99 1563 336 1630 purus
395 1541 616 1606 helluo
678 1541 902 1605 turbet
961 1563 1098 1605 rem
1156 1542 1511 1626 publicam,
1571 1546 1645 1606 ut
1706 1565 1746 1607 a
1804 1544 2204 1609 maioribus.

31 1647 69 1687 -5
101 1630 380 1697 nostris
439 1631 882 1714 possessiones
929 1630 1190 1694 relictas
1238 1629 1569 1714 disperdat
1614 1653 1690 1695 ac
1737 1631 2034 1715 dissipet,
2088 1637 2164 1696 ut

104 1722 214 1785 sit
283 1739 422 1782 non
483 1719 696 1781 minus
759 1717 830 1782 in
881 1718 1109 1802 populi
1163 1717 1447 1782 Romani
1501 1720 1896 1802 patrimonio
1951 1742 2157 1804 nepos

105 1829 333 1894 quam
379 1806 447 1869 in
493 1827 628 1870 su0.
708 1804 1065 1870 Perscribit
1108 1804 1179 1869 in
1225 1828 1345 1870 sua
1388 1806 1534 1892 lege
1580 1808 1947 1892 vectigalia,
1994 1830 2160 1891 quae

106 1894 479 1961 decemviri
516 1893 818 1979 vendant,
853 1893 978 1959 hoc
1015 1896 1117 1959 est
1153 1895 1505 1979 proscribit
1542 1895 1909 1961 auctionem
1944 1895 2157 1981 publi-

106 2006 362 2052 corum
423 1983 760 2047 bonorum.
868 1982 1087 2065 Agros
1158 1984 1287 2048 emi
1341 1985 1510 2067 vult,
1585 1985 1696 2069 qui
1761 1985 2157 2068 dividantur3

29 2090 74 2129 το
107 2071 393 2158 quaerit
434 2071 793 2154 pecuniam.
856 2069 1178 2135 Videlicet
1225 2072 1625 2157 excogitabit
1671 2072 1917 2156 aliquid
1962 2076 2158 2157 atque

109 2161 403 2227 adferet.
491 2158 664 2223 Nam
720 2158 1163 2242 superioribus
1221 2161 1547 2244 capitibus
1596 2159 1883 2246 dignitas
1930 2162 2158 2245 populi

106 2246 418 2315 Romani
453 2246 841 2330 violabatur,
886 2268 1125 2310 nomen
1159 2248 1417 2330 imperii
1453 2248 1524 2312 in
1561 2270 1900 2313 commune
1939 2248 2157 2313 odium

110 2336 314 2403 orbis
363 2338 574 2399 terrae
612 2335 994 2416 vocabatur,
1041 2335 1233 2399 urbes
1281 2340 1579 2420 pacatae,
1626 2338 1769 2422 agri
1815 2337 2158 2421 sociorum,

107 2446 368 2511 regum
424 2425 633 2487 status
689 2423 1067 2488 decemviris
1127 2423 1564 2507 donabantur3
1624 2445 1795 2489 nunc
1848 2446 2157 2509 praesens

29 2531 73 2571 25
111 2518 315 2581 certa
384 2512 654 2595 pecunia
719 2516 1064 2576 numerata
1123 2511 1475 2597 quaeritur.
1578 2512 1932 2597 ExspectO,
2002 2514 2158 2600 quid
2194 2532 2227 2579 3

109 2602 438 2667 tribunus
484 2598 696 2683 plebis
741 2599 1024 2685 vigilans
1065 2603 1130 2663 et
1168 2604 1393 2665 acutus
1432 2600 1775 2686 excogitet.
1840 2600 2158 2687 ‘Veneat',

110 2689 367 2773 inquit,
412 2686 604 2751 ‘silva
651 2685 956 2752 Scantia'.
1027 2686 1266 2752 Utrum
1305 2687 1568 2753 tandem
1613 2689 1782 2753 hanc
1818 2688 2053 2755 silvam
2086 2691 2157 2755 in

110 2776 381 2844 relictis
436 2774 958 2859 possessionibus
1015 2798 1098 2840 an
1151 2776 1219 2840 in
1278 2798 1618 2841 censorum
1671 2778 1933 2861 pascuis
1980 2778 2157 2843 inve-
2231 2822 2235 2826 -

110 2865 340 2933 nisti?
414 2860 483 2927 Si
520 2864 674 2947 quid
711 2867 829 2947 est,
877 2864 1049 2947 quod
1083 2864 1434 2949 indagariS,
1479 2865 1821 2949 inveneriS,
1867 2887 1945 2929 ex
1981 2870 2156 2929 tene-

31 2975 79 3015 ιο
112 2956 270 3020 bris
320 2951 580 3034 erueriS,
627 2974 1022 3036 quamquam
1066 2952 1363 3035 iniquum
1410 2957 1528 3037 est,
1574 2956 1797 3017 tamen
1852 2974 2155 3018 consume

115 3063 307 3125 sane,
338 3040 510 3124 quod
539 3039 950 3105 commodum
980 3044 1096 3124 est,
1125 3041 1433 3124 quoniam
1462 3041 1722 3124 quidem
1749 3045 1821 3104 tu
1841 3041 2155 3125 attulisti3

116 3132 371 3196 silvam
417 3150 570 3195 vero
616 3131 691 3192 tu
739 3127 1077 3193 Scantiam
1122 3128 1360 3192 vendas
1405 3129 1597 3193 nobis
1644 3129 2016 3193 consulibus
2064 3133 2155 3192 at-

114 3241 256 3302 que
291 3217 415 3281 hoc
453 3216 727 3281 senatu?
777 3221 852 3280 tu
888 3217 1096 3280 ullum
1132 3216 1412 3301 vectigal
1450 3218 1761 3301 attingaS,
1805 3220 1878 3279 tu
1915 3219 2155 3300 populo

113 3308 428 3373 Romano
488 3304 778 3369 subsidia
831 3304 1020 3385 belli,
1073 3307 1147 3368 tu
1203 3308 1587 3369 ornamenta
1640 3304 1819 3388 pacis
1868 3304 2155 3388 eripias?

29 3416 76 3456 ³5
116 3395 301 3459 Tum
346 3415 500 3458 vero
537 3393 661 3458 hoc
697 3414 801 3457 me
838 3392 1215 3458 inertiorem
1254 3392 1584 3457 consulem
1621 3391 1920 3456 iudicabo
1959 3408 2155 3475 quam

1728 3493 1836 3547 12*
