2534 3875
329 165 419 230 32
876 165 1023 220 PRO
1060 164 1134 218 M.
1173 164 1500 220 FONTEIO
1542 163 1834 220 ORATIO.

255 325 322 374 41
464 311 591 392 [31]
638 308 872 375 Videte
918 307 1143 396 igitur,
1190 314 1414 374 utrum
1461 308 1550 374 sit
1587 309 1855 393 aequius
1892 308 2227 374 hominem
2260 307 2383 374 ho·

326 398 792 482 nestissimum,
837 396 1053 463 virum
1097 398 1556 480 fortissimum,
1603 399 1810 464 civem
1857 397 2177 482 optimum
2225 396 2383 461 dedi

324 486 797 552 inimicissimis
846 491 1043 570 atque
1089 486 1587 551 immanissimis
1632 485 2013 552 nationibus
2061 509 2145 550 an
2190 485 2382 550 reddi

327 576 574 660 amiciS,
619 576 1007 659 praesertim
1053 597 1201 640 cum
1240 579 1345 640 tot
1388 596 1494 639 res
1543 575 1695 658 sint,
1743 596 1905 661 quae
1951 573 2190 640 vestris
2237 573 2382 638 ani-

327 664 452 728 mis
506 685 628 748 pro
683 663 877 729 huius
936 663 1304 728 innocentis
1363 662 1575 728 salute
1633 663 2027 748 supplicent,
2087 663 2381 746 primum
2411 679 2442 720 5

329 753 585 839 generis
626 752 1003 836 antiquitaS,
1052 773 1245 835 quam
1293 751 1595 836 Tuscu10,
1643 773 1721 816 ex
1759 751 2123 816 clarissimo
2163 752 2380 815 muni-

328 841 528 924 cipi0,
574 840 939 926 profectam
993 839 1064 905 in
1117 835 1558 905 monumentis
1614 862 1834 906 rerum
1890 843 2224 926 gestarum
2281 839 2380 905 in-

327 929 532 994 cisam
572 950 649 993 ac
684 933 982 994 notatam
1020 929 1335 1010 videmuS,
1370 933 1514 994 tum
1553 934 1774 994 autem
1807 931 2153 994 continuae
2190 949 2382 1013 prae·-

326 1021 533 1100 turae,
582 1038 747 1100 quae
796 1023 862 1082 et
907 1017 1143 1083 ceteris
1183 1018 1587 1082 ornamentis
1637 1021 1704 1082 et
1751 1016 2234 1082 existimatione
2280 1016 2380 1080 in-

325 1105 669 1170 nocentiae
724 1105 1005 1170 maxime
1059 1105 1450 1189 floruerunt,
1510 1106 1739 1170 deinde
1785 1127 2010 1172 recens
2058 1105 2379 1170 memoria
2415 1124 2471 1164 10

327 1195 641 1278 parentis,
686 1196 867 1260 euius
916 1195 1231 1280 sanguine
1279 1215 1414 1260 non
1459 1195 1676 1259 solum
1715 1195 2193 1259 Asculanorum
2239 1215 2379 1258 ma-

327 1303 472 1367 nus,
519 1305 559 1346 a
598 1304 725 1366 qua
761 1282 1144 1349 interfectus
1183 1287 1301 1367 est,
1349 1283 1463 1348 sed
1499 1286 1715 1347 totum
1759 1283 1927 1347 illud
1966 1283 2203 1348 sociale
2240 1282 2379 1346 bel-

328 1371 464 1436 lum
513 1371 773 1436 macula
820 1372 1081 1437 sceleris
1120 1370 1450 1437 imbutum
1487 1375 1607 1456 est,
1654 1375 1991 1454 postremo
2038 1372 2180 1456 ipse
2228 1391 2380 1450 cum

328 1458 401 1524 in
464 1460 767 1525 omnibus
828 1460 1005 1525 vitae
1069 1461 1372 1543 partibus
1437 1460 1753 1524 honestus
1829 1464 2026 1544 atque
2099 1461 2380 1544 integer,

329 1551 472 1612 tum
536 1548 607 1612 in
668 1570 739 1613 re
804 1549 1079 1614 militari
1145 1570 1293 1614 611111
1358 1549 1597 1612 summi
1661 1548 1918 1613 consilii
1983 1553 2050 1614 et
2105 1548 2378 1612 maximi
2415 1569 2470 1609 15

329 1636 561 1720 animi,
608 1639 752 1701 tum
799 1659 956 1702 vero
1002 1659 1124 1702 usu
1164 1659 1422 1721 quoque
1459 1638 1785 1702 bellorum
1826 1637 2260 1722 gerendorum
2307 1636 2379 1700 in

227 1771 308 1836 19
328 1724 560 1807 primis
618 1746 845 1790 eorum
898 1725 1267 1808 hominum,
1327 1725 1438 1808 qui
1493 1747 1665 1790 nunc
1721 1730 1903 1808 sunt,
1966 1725 2381 1790 exercitatus.

223 1849 291 1898 42
332 1813 466 1894 [15.
481 1816 578 1894 32]
610 1812 823 1890 Quare
854 1815 911 1878 si
940 1815 1137 1878 etiam
1168 1814 1476 1878 monendi
1507 1814 1665 1878 estis
1697 1836 1736 1878 a
1764 1836 1884 1897 me,
1913 1814 2175 1898 iudices,
2205 1814 2383 1898 quod

328 1924 462 1968 non
500 1901 660 1968 estis
672 1954 689 1988 ,
726 1902 952 1968 videor
988 1903 1115 1969 hoc
1150 1903 1385 1969 leviter
1421 1925 1538 1987 pro
1577 1925 1724 1968 mea
1763 1903 2154 1969 auctoritate
2190 1901 2380 1968 vobis

330 1992 703 2076 praecipere
760 2013 982 2074 posse,
1027 1996 1103 2057 ut
1149 2013 1228 2056 ex
1284 2014 1361 2056 eo
1420 2012 1656 2078 genere
1714 1991 2041 2075 homineS,
2099 2013 2379 2075 quorum
2411 2013 2471 2051 20

330 2080 596 2164 cognita
622 2080 852 2162 virtuS,
886 2080 1229 2163 industria,
1266 2079 1548 2145 felicitas
1577 2080 1649 2144 in
1684 2102 1754 2145 re
1793 2081 2065 2145 militari
2095 2081 2198 2163 sit,
2236 2080 2381 2145 dili·

336 2171 566 2253 genter
612 2168 801 2233 vobis
838 2169 1213 2233 retinendos
1254 2169 1666 2234 existimetis,
1756 2168 1911 2233 Fuit
1947 2170 2122 2233 enim
2169 2169 2383 2234 maior

330 2256 567 2321 talium
622 2258 914 2321 virorum
968 2257 1040 2321 in
1094 2258 1219 2322 1166
1282 2279 1353 2322 re
1407 2257 1670 2342 publica
1725 2258 1940 2343 copia3
2007 2279 2174 2341 quae
2231 2279 2381 2323 cum

333 2350 534 2429 esset,
589 2348 813 2409 tamen
860 2367 1085 2410 eorum
1139 2368 1276 2410 non
1321 2346 1514 2411 modo
1564 2346 1789 2429 saluti,
1851 2346 1965 2411 sed
2013 2348 2210 2410 etiam
2267 2347 2382 2411 ho-

330 2434 479 2497 nori
520 2433 998 2499 consulebatur.
1077 2433 1246 2511 Quid
1286 2455 1460 2498 nunc
1487 2434 1676 2499 vobis
1705 2434 2074 2499 faciendum
2103 2439 2208 2499 est
2245 2438 2382 2499 stu·
2415 2454 2472 2495 25

334 2520 458 2585 diis
506 2521 904 2586 militaribus
954 2523 1125 2608 apud
1178 2523 1586 2588 iuventutem
1635 2523 1970 2606 obsoletis,
2014 2525 2384 2603 fortissimis

335 2612 555 2673 autem
610 2610 988 2675 hominibus
1046 2632 1121 2676 ac
1177 2612 1451 2676 summis
1510 2611 1782 2677 ducibus
1842 2611 2086 2696 partim
2144 2616 2382 2697 aetate,

333 2697 579 2782 partim
636 2696 920 2763 civitatis
970 2699 1309 2764 discordiis
1365 2722 1441 2765 ac
1486 2700 1582 2764 rei
1642 2700 1945 2784 publicae
2001 2699 2384 2765 calamitate

334 2786 761 2870 consumptis,
807 2809 954 2852 cum
990 2791 1094 2851 tot
1139 2788 1320 2853 bella
1358 2791 1474 2853 aut
1521 2810 1560 2852 a
1596 2788 1788 2853 nobis
1834 2789 2202 2853 necessario
2242 2812 2384 2855 sus-

335 2874 661 2958 cipiantur
703 2879 819 2939 aut
856 2875 1073 2940 subito
1112 2881 1310 2959 atque
1353 2877 1690 2961 inprovisa
1725 2878 2121 2942 nascantur?
2168 2899 2384 2943 nonne
2415 2898 2472 2937 ³0

336 2965 404 3027 et
465 2963 799 3027 hominem
864 2965 1082 3049 ipsum
1149 2966 1230 3029 ad
1297 2965 1496 3030 dubia
1556 2965 1651 3029 rei
1715 2966 2014 3050 publicae
2078 2969 2385 3051 tempora

336 3049 801 3117 reservandum
856 3057 926 3117 et
980 3056 1229 3117 ceteros
1288 3054 1506 3118 studio
1562 3053 1773 3118 laudis
1833 3076 1906 3120 66
1961 3054 2230 3119 virtutis
2288 3056 2386 3121 in-

228 3151 297 3200 43
336 3140 768 3205 flammandos
815 3140 1115 3226 putatis?
1190 3144 1319 3223 [33]
1367 3141 1856 3226 R-ecordamini,
1913 3163 2074 3227 quos
2122 3143 2388 3228 legatos

335 3251 544 3315 nuper
580 3230 651 3293 in
678 3229 857 3295 bello
885 3229 957 3294 L.
987 3229 1212 3314 Iulius,
1251 3252 1416 3313 quos
1447 3230 1515 3293 P.
1545 3229 1850 3314 Rutilius,
1893 3252 2057 3316 quos
2096 3230 2166 3295 L.
2199 3231 2389 3318 Cato,

337 3338 500 3402 quos
532 3316 647 3383 Cn.
674 3316 1028 3404 Pompeius
1068 3317 1403 3402 habuerit3
1443 3318 1663 3382 scietis
1700 3318 1905 3385 fuisse
1942 3323 2085 3385 tum
2113 3319 2200 3386 M.
2230 3320 2390 3387 Cor·
2417 3341 2470 3381 85

336 3411 589 3489 nutum,
626 3406 696 3472 L.
731 3406 1026 3491 Cinnam,
1052 3406 1125 3472 L.
1159 3404 1430 3491 Sullam,
1467 3406 1836 3492 praetorios
1866 3408 2182 3489 homines,
2221 3409 2390 3476 belli

339 3495 607 3579 gerendi
645 3497 1109 3581 peritissimos;
1157 3499 1498 3582 praeterea
1535 3492 1607 3560 O.
1644 3494 1946 3579 Marium,
1990 3494 2062 3561 P.
2099 3494 2392 3580 Didium,
