2534 3875
213 981 279 1031 67

220 1726 387 1775 68.

225 3185 292 3233 69

312 201 446 268 482
599 200 698 255 DE
739 200 949 256 DOMO
989 200 1128 255 SUA
1165 200 1266 254 AD
1305 197 1738 254 PONTIFICES
1776 196 2061 253 ORATIO.

316 348 527 432 cipem
564 366 708 410 esse
745 344 1035 410 civitatis
1072 343 1366 429 videbat,
1405 343 1650 408 diutius
1686 342 1895 408 furori
1933 364 2050 407 suo
2089 342 2361 406 veniam

316 437 619 500 daturum
673 455 807 499 non
863 433 1326 498 arbitrabatur.
1409 430 1534 506 Qui
1588 453 1668 496 ex
1719 433 1857 496 eius
1905 430 2202 496 custodia.
2239 451 2362 515 per

316 523 587 588 insidias
664 521 841 607 regis
906 521 1099 586 amici
1161 521 1372 586 filium
1436 519 1693 585 hostem
1758 519 2092 603 captivum
2158 519 2360 583 surri-

318 612 570 696 puisset
642 613 710 675 et
769 631 846 674 ea
901 609 1141 675 iniuria
1199 610 1413 673 virum
1468 608 1902 675 fortissimum
1960 607 2361 690 lacessisset,

320 699 608 784 speravit
671 697 879 763 isdem
945 719 1014 762 se
1079 697 1284 782 copiis
1349 719 1495 762 cum
1557 697 1674 762 illo
1737 717 1931 780 posse
1987 695 2418 780 confligere,5

321 789 703 872 quibuscum
752 807 873 872 ego
920 786 1280 850 noluissem
1327 785 1647 851 bonorum
1692 785 1979 868 periculo
2027 783 2360 860 dimicare

323 882 389 941 et
434 876 647 960 primo
695 875 951 959 quidem
992 874 1400 940 adiutoribus
1439 873 1840 956 consulibus3
1885 876 2119 957 postea
2151 872 2359 958 fregit

318 964 547 1030 foedus
612 962 954 1046 GabiniuS,
1017 962 1171 1028 Piso
1237 967 1462 1027 tamen
1513 961 1583 1026 in
1637 961 1762 1026 fide
1818 961 2078 1026 mansit.
2177 960 2356 1037 Quas

320 1054 447 1118 iste
491 1057 633 1117 tum
679 1051 925 1134 caedeS,
970 1072 1131 1134 quas
1180 1050 1634 1134 lapidationeS,
1679 1071 1842 1133 quas
1879 1049 2070 1134 fugas
2106 1049 2358 1132 fecerit,

321 1163 517 1225 quam
570 1138 764 1204 facile
820 1137 996 1203 ferro
1053 1138 1529 1223 cotidianisque
1582 1137 1866 1221 insidiis,
1922 1160 2070 1203 cum
2125 1138 2263 1202 iam
2321 1161 2358 1202 a
2387 1152 2442 1190 1⁰

321 1227 697 1293 firmissimo
742 1227 975 1292 robore
1023 1227 1360 1312 copiarum
1397 1249 1659 1292 suarum
1696 1226 1962 1292 relictus
2001 1230 2196 1310 esset,
2241 1223 2360 1291 On.

322 1315 705 1400 Pompeium
770 1315 913 1381 foro
973 1316 1280 1400 curiaque
1335 1315 1614 1400 privarit
1671 1315 2064 1399 domumque
2119 1337 2358 1416 conpu-

324 1406 501 1489 lerit,
555 1403 831 1468 vidistis.
921 1402 1023 1468 Ex
1084 1425 1211 1488 quo
1266 1404 1552 1469 iudicare
1607 1403 1914 1488 potestis,
1967 1408 2217 1487 quanta
2258 1404 2358 1468 vis

325 1494 444 1558 illa
497 1491 696 1557 fuerit
742 1492 959 1557 oriens
1006 1495 1072 1556 et
1118 1496 1547 1578 congregata,
1603 1514 1750 1558 cum
1797 1492 1957 1558 haec
2002 1489 2118 1558 Cn.
2163 1490 2356 1557 Pom-

324 1582 541 1667 peium
586 1580 893 1645 terruerit
938 1580 1071 1644 iam
1117 1580 1432 1646 distracta
1477 1585 1544 1645 et
1589 1581 1892 1646 extincta.
2389 1594 2443 1634 ¹⁵

459 1668 639 1734 Haec
683 1669 849 1734 vidit
892 1668 963 1733 in
1008 1668 1334 1734 sententia
1371 1669 1649 1734 dicenda
1683 1667 1998 1733 Kalendis
2034 1667 2360 1734 Ianuariis

326 1781 427 1824 vir
490 1757 1037 1843 prudentissimus
1103 1761 1171 1821 et
1234 1779 1382 1822 cum
1436 1757 1532 1822 rei
1585 1757 1914 1841 publicae,
1976 1778 2124 1821 cum
2179 1757 2361 1839 mihi,

325 1852 471 1911 tum
516 1846 714 1910 etiam
761 1845 1027 1910 veritati
1072 1845 1531 1927 amicissimus,
1584 1844 1658 1910 L.
1704 1844 1927 1927 Cotta,
1983 1844 2095 1929 qui
2140 1844 2362 1932 legem

327 1935 403 2000 de
460 1956 603 2001 meo
658 1932 871 1999 reditu
928 1932 1261 2000 ferendam
1309 1957 1444 2001 non
1489 1933 1766 2017 censuit;
1821 1934 1933 2019 qui
1978 1955 2082 1999 me
2127 1955 2362 2001 consu-

326 2024 527 2088 luisse
599 2023 694 2087 rei
768 2023 1095 2107 publicae,
1168 2024 1439 2089 cessisse
1503 2022 1910 2109 tempestati,
1983 2022 2362 2088 amiciorem
2388 2042 2450 2081 2⁰

327 2112 515 2176 vobis
554 2112 906 2195 ceterisque
946 2110 1197 2176 civibus
1235 2133 1431 2195 quam
1468 2111 1630 2176 mihi
1668 2111 1981 2195 extitisse,
2018 2112 2101 2195 vi,
2139 2114 2362 2196 armiS,

329 2199 747 2284 discriptione
819 2199 1157 2264 hominum
1223 2199 1307 2263 ad
1370 2200 1633 2265 caedem
1697 2199 2003 2265 instituta
2059 2221 2363 2285 novoque

330 2289 667 2353 dominatu
702 2288 964 2371 pulsum
1001 2309 1144 2352 esse
1180 2287 1374 2372 dixit3
1408 2288 1577 2353 nihil
1615 2287 1693 2353 de
1733 2310 1877 2353 meo
1915 2288 2128 2372 capite
2167 2294 2364 2373 potu-

327 2376 458 2441 isse
513 2376 695 2458 ferri,
752 2376 919 2439 nihil
976 2397 1117 2441 esse
1171 2376 1311 2441 iure
1360 2377 1676 2460 scriptum
1723 2382 1839 2441 aut
1883 2397 2076 2462 posse
2122 2378 2362 2461 valere,

330 2465 550 2529 omnia
605 2468 833 2528 contra
886 2464 1067 2551 leges
1112 2486 1489 2548 moremque
1535 2466 1858 2530 maiorum
1903 2470 2176 2548 temere,
2229 2471 2362 2531 tur·
2387 2482 2442 2523 25

328 2552 615 2635 bulente,
660 2573 777 2636 per
814 2552 966 2635 vim,
1012 2575 1129 2636 per
1174 2553 1463 2617 furorem
1499 2574 1640 2617 esse
1677 2558 1883 2638 gesta.
1957 2552 2206 2629 Quodsi
2243 2556 2365 2620 illa

330 2641 434 2704 lex
482 2641 673 2722 esset,
716 2660 834 2704 nec
879 2641 1119 2705 referre
1168 2640 1251 2705 ad
1298 2646 1595 2707 senatum
1643 2641 2020 2707 consulibus
2060 2663 2181 2709 nec
2221 2664 2364 2709 sen-

330 2726 608 2793 tentiam
683 2727 893 2792 dicere
966 2729 1093 2793 sibi
1165 2729 1387 2813 licere3
1460 2751 1734 2813 quorum
1799 2734 2149 2814 utrumque
2215 2754 2366 2797 cum

329 2816 534 2899 fieret,
577 2836 710 2879 non
747 2820 1067 2901 oportere,
1113 2821 1189 2881 ut
1225 2818 1304 2882 de
1342 2839 1446 2883 me
1483 2819 1587 2883 lex
1623 2818 1922 2901 ferretur,
1969 2819 2246 2904 decerni,
2279 2843 2365 2886 ne

330 2905 469 2987 illa,
516 2925 681 2988 quae
725 2905 911 2969 nulla
956 2910 1148 2988 esset,
1192 2927 1336 2971 esse
1381 2907 1486 2971 lex
1531 2906 1942 2972 iudicaretur.
2022 2904 2365 2975 Sententia
2387 2926 2436 2967 ³0

331 2993 564 3074 verior,
611 2995 892 3078 gravior,
939 2993 1187 3077 melior,
1234 2994 1460 3059 utilior
1515 2994 1609 3060 rei
1652 2995 1948 3078 publicae
1993 2996 2176 3062 nulla
2221 3018 2364 3063 esse

330 3081 565 3166 potuit.
640 3080 943 3146 Hominis
990 3082 1162 3148 enim
1211 3083 1454 3148 scelere
1499 3086 1567 3147 et
1601 3082 1822 3149 furore
1857 3087 2089 3149 notato
2125 3085 2364 3151 similis

332 3190 373 3233 a
416 3190 486 3234 re
533 3168 795 3253 publica
840 3169 1023 3235 labes
1069 3170 1139 3234 in
1186 3175 1521 3255 posterum
1567 3172 2045 3238 demovebatur.
2131 3171 2364 3258 Neque

328 3257 455 3321 hoc
493 3254 604 3321 Cn.
634 3254 1003 3342 PompeiuS,
1041 3259 1150 3341 qui
1187 3260 1674 3325 ornatissimam
1713 3260 1792 3325 de
1828 3282 1932 3325 me
1968 3262 2363 3328 sententiam

331 3344 520 3427 dixit,
594 3366 862 3429 vosque,
937 3346 1309 3430 pontifices,
1374 3347 1485 3430 qui
1549 3370 1651 3413 me
1714 3349 1951 3415 vestris
2017 3352 2362 3417 sententiis
2387 3366 2434 3409 ³5

330 3432 954 3519 auctoritatibusque
1002 3433 1399 3517 defendistiS,
1445 3457 1578 3500 non
1622 3435 1898 3520 vidistis,
1942 3437 2128 3521 leyem
2175 3439 2364 3506 illam

330 3538 469 3583 esse
534 3519 809 3604 nullam,
874 3526 1069 3605 atque
1134 3542 1278 3587 esse
1341 3523 1562 3606 potius
1629 3524 1961 3591 flammam
2023 3529 2364 3613 temporis,
