2534 3875
215 1328 286 1377 43

222 2788 294 2837 44

320 159 449 223 318
881 157 1026 212 PRO
1066 157 1125 212 L.
1166 156 1480 212 MURENA
1518 156 1808 214 ORATIO.

320 304 492 388 quod
536 303 605 367 in
652 323 755 367 me
802 301 947 386 ipso
995 307 1063 366 et
1106 306 1410 387 praetore
1457 305 1522 366 et
1561 302 1824 367 consule
1859 301 2154 387 probavi.
2226 300 2360 366 Sed

316 397 541 458 tamen
578 389 649 456 L.
678 389 988 455 Murenae
1026 391 1363 474 provincia
1399 391 1644 456 multas
1680 390 1887 455 bonas
1927 391 2176 474 gratias
2205 412 2360 455 cum

320 479 566 564 optima
620 478 1101 544 existimatione
1158 480 1403 543 attulit.
1493 477 1746 546 Habuit
1798 479 2215 563 proficiscens
2263 478 2360 543 di-

319 569 563 633 lectum
630 568 700 631 in
765 567 1069 650 Umbria3
1132 567 1308 631 dedit
1371 567 1430 632 ei
1493 567 1876 632 facultatem
1930 588 2034 632 res
2088 567 2362 651 publica

320 656 761 740 liberalitatiS,
808 677 936 739 qua
982 677 1138 719 usus
1186 656 1428 720 multas
1475 655 1603 720 sibi
1647 655 1858 721 tribus
1867 705 1885 740 ,
1933 677 2098 739 quae
2144 657 2360 720 muni·
2385 673 2412 715 5

322 744 509 830 cipiis
554 743 871 810 Umbriae
927 743 1383 829 conficiuntur,
1442 743 1760 827 adiunxit3
1817 743 1962 828 ipsa
2018 747 2241 808 autem
2287 743 2363 808 in

324 832 543 898 Gallia
587 835 663 896 ut
707 830 921 896 nostri
964 831 1261 896 homines
1301 833 1676 917 desperatas
1713 831 1848 896 iam
1882 832 2189 918 pecunias
2230 833 2364 897 exi-

324 924 587 1005 gerent,
654 919 982 1004 aequitate
1038 919 1506 1005 diligentiaque
1561 919 1850 1004 perfecit.
1950 919 2049 984 Tu
2102 920 2362 986 interea

322 1009 570 1074 Romae
611 1008 859 1073 scilicet
897 1007 1120 1072 amicis
1158 1013 1421 1092 praesto
1459 1009 1670 1092 fuisti3
1705 1009 1942 1093 fateor3
1981 1008 2096 1073 sed
2129 1012 2364 1074 tamen

321 1097 484 1162 illud
548 1096 794 1181 cogita,
857 1117 991 1160 non
1051 1097 1384 1163 nullorum
1450 1097 1806 1162 amicorum
1871 1097 2089 1162 studia
2147 1097 2364 1162 minui
2390 1115 2436 1154 ιο

326 1186 537 1250 solere
573 1185 645 1248 in
682 1206 813 1266 eos,
851 1207 890 1248 a
928 1183 1162 1268 quibus
1190 1185 1560 1270 provincias
1591 1186 1918 1250 contemni
1943 1185 2364 1271 intellegant.

455 1273 548 1338 Et
594 1273 900 1356 quoniam
948 1272 1221 1356 ostendi,
1266 1274 1528 1355 iudices,
1571 1295 1798 1358 parem
1845 1273 2238 1358 dignitatem
2279 1274 2366 1340 ad

326 1362 705 1426 consulatus
723 1360 1129 1446 petitionem,
1158 1361 1483 1446 disparem
1499 1362 1836 1427 fortunam
1857 1362 2366 1446 provincialium

324 1450 743 1535 negotiorum
788 1449 859 1514 in
894 1448 1167 1515 Murena
1214 1455 1410 1536 atque
1455 1451 1525 1515 in
1561 1448 1847 1535 Sulpicio
1883 1450 2104 1534 fuisse,
2141 1451 2365 1516 dicam

323 1538 457 1602 iam
504 1539 812 1623 apertius,
857 1538 928 1601 in
976 1560 1102 1622 quo
1150 1560 1333 1603 meus
1378 1539 1776 1604 necessarius
1821 1538 2023 1604 fuerit
2065 1538 2365 1624 inferior,
2393 1555 2438 1597 1⁵

327 1624 587 1692 Servius
598 1677 615 1710 ,
682 1630 748 1692 et
813 1647 889 1691 ea
944 1626 1155 1692 dicam
1209 1627 1400 1692 vobis
1456 1626 1868 1692 audientibus
1923 1626 2166 1692 amisso
2223 1628 2366 1693 iam

326 1719 638 1799 tempore,
684 1736 849 1800 quae
894 1715 1025 1798 ipsi
1072 1715 1197 1780 soli
1241 1737 1312 1781 re
1357 1715 1618 1800 integra
1664 1736 1857 1799 saepe
1904 1715 2052 1780 dixi.
2123 1715 2366 1782 Petere

328 1805 735 1868 consulatum
781 1803 1029 1868 nescire
1074 1808 1159 1886 te,
1207 1801 1409 1886 Servi,
1453 1825 1764 1889 persaepe
1809 1804 1936 1868 tibi
1972 1803 2134 1887 dixi3
2184 1809 2255 1870 et
2293 1805 2368 1869 in

325 1891 407 1957 iis
457 1891 653 1957 rebus
690 1891 871 1977 ipsiS,
919 1913 1081 1976 quas
1118 1895 1185 1956 te
1222 1912 1466 1979 magno
1505 1895 1570 1958 et
1605 1891 1762 1958 forti
1800 1892 2017 1959 animo
2056 1895 2124 1958 et
2161 1912 2365 1977 agere

329 1984 396 2045 et
452 1981 663 2046 dicere
717 1980 1046 2063 videbam,
1100 1980 1225 2043 tibi
1281 1981 1514 2045 solitus
1575 2003 1718 2046 sum
1774 1980 1984 2047 dicere
2029 1982 2245 2068 magis
2295 1987 2365 2047 te
2394 2000 2445 2041 zo

326 2070 568 2135 fortem
615 2073 1058 2133 accusatorem
1104 2068 1267 2132 mihi
1311 2069 1517 2134 videri
1562 2091 1755 2153 quam
1803 2070 2166 2155 sapientem
2211 2092 2366 2135 can·

332 2158 641 2223 didatum.
713 2156 1004 2221 Primum
1043 2157 1389 2221 accusandi
1423 2160 1706 2222 terrores
1745 2161 1812 2221 et
1849 2158 2080 2241 minae,
2117 2158 2365 2243 quibus

328 2250 401 2312 tu
447 2247 687 2311 cotidie
733 2244 832 2309 uti
877 2245 1165 2328 solebas,
1226 2249 1379 2309 sunt
1421 2244 1612 2310 fortis
1659 2246 1810 2327 viri,
1857 2246 1970 2312 sed
2017 2249 2083 2310 et
2127 2249 2366 2332 populi

329 2335 701 2420 opinionem
766 2355 805 2398 a
868 2354 981 2417 spe
1046 2333 1442 2418 adipiscendi
1505 2338 1806 2399 avertunt
1871 2339 1938 2399 et
2001 2335 2365 2401 amicorum

331 2423 547 2487 studia
601 2421 964 2486 debilitant.
1062 2421 1300 2487 Nescio
1358 2442 1484 2505 quo
1540 2426 1732 2506 pacto
1791 2444 2049 2507 semper
2100 2423 2228 2489 hoc
2283 2425 2366 2490 fit
2391 2440 2446 2483 25

332 2509 568 2595 (neque
615 2510 685 2574 in
728 2530 859 2573 uno
908 2513 1021 2574 aut
1066 2511 1272 2575 altero
1321 2510 1837 2576 animadversum
1886 2515 2011 2595 est,
2065 2512 2179 2577 sed
2221 2512 2364 2578 iam

331 2600 401 2662 in
471 2598 831 2682 pluribus),
904 2597 1099 2663 simul
1174 2602 1368 2683 atque
1433 2598 1810 2664 candidatus
1878 2600 2365 2667 accusationem

330 2686 633 2751 meditari
687 2686 867 2750 visus
924 2689 1051 2769 est,
1103 2690 1179 2749 ut
1236 2687 1552 2751 honorem
1608 2687 1983 2771 desperasse
2037 2687 2366 2755 videatur.

332 2772 499 2849 Quid
556 2774 757 2859 ergo?
819 2782 1150 2857 acceptam
1204 2774 1514 2839 iniuriam
1567 2776 1869 2861 persequi
1919 2798 2054 2841 non
2095 2777 2365 2861 placet?

329 2861 539 2927 Immo
594 2860 1012 2927 vehementer
1064 2862 1312 2947 placet3
1375 2864 1486 2928 sed
1547 2864 1722 2929 aliud
1779 2869 2036 2950 tempus
2091 2868 2194 2929 est
2248 2888 2363 2951 pe·
2393 2884 2452 2925 30

330 2950 537 3034 tendi,
592 2950 769 3015 aliud
822 2951 1265 3036 persequendi.
1356 2950 1712 3017 Petitorem
1769 2974 1919 3038 ego,
1973 2956 2365 3036 praesertim

332 3040 736 3124 consulatus,
795 3060 1037 3125 magna
1083 3060 1222 3124 spe,
1268 3060 1508 3124 magno
1557 3041 1802 3124 anim0,
1849 3042 2104 3127 magnis
2153 3044 2364 3128 copiis

333 3133 399 3193 et
451 3128 521 3193 in
571 3128 788 3193 forum
846 3131 912 3192 et
966 3125 1036 3192 in
1090 3150 1390 3213 campum
1446 3127 1674 3194 deduci
1725 3130 1905 3213 volo;
1957 3152 2088 3195 non
2141 3130 2364 3214 placet

332 3216 496 3282 mihi
540 3216 879 3300 inquisitio
927 3216 1256 3282 candidati
1299 3217 1687 3302 praenuntia
1732 3218 2048 3302 repulsae,
2093 3240 2230 3283 non
2266 3224 2364 3285 te-

334 3306 532 3370 stium
605 3304 827 3387 potius
894 3325 1089 3388 quam
1156 3305 1660 3389 suffragatorum
1725 3306 2125 3391 comparatio
2135 3358 2152 3391 ,
2228 3330 2363 3374 non
2391 3322 2448 3367 3⁵

334 3393 549 3457 minae
596 3393 807 3477 magis
855 3414 1051 3476 quam
1096 3393 1474 3478 blanditiae,
1518 3416 1652 3459 non
1697 3394 2098 3460 denuntiatio
2135 3397 2362 3481 potius

335 3501 529 3564 quam
565 3480 1011 3566 persalutatio,
1046 3482 1434 3567 praesertim
1473 3504 1619 3548 oum
1655 3482 1787 3549 iam
1822 3483 1948 3549 hoc
1974 3505 2148 3549 novo
2177 3507 2362 3551 more
