2534 3875
344 179 481 244 410
910 178 1055 234 PRO
1094 180 1156 235 L.
1195 177 1477 233 FLACCO
1516 175 1805 233 ORATIO.

345 327 770 409 putaverunt,
824 323 1126 388 desinant
1178 327 1411 407 putare
1467 322 1926 387 auctoritatem
1982 341 2124 386 esse
2179 321 2254 384 in
2312 341 2397 385 eo

239 412 326 478 23
345 412 727 478 testimonio
739 462 758 495 ‚
805 412 987 477 cuius
1035 415 1260 477 auctor
1307 412 1611 476 inventus
1657 413 1761 475 est
1805 430 2014 475 nemo.
2106 405 2237 472 Sed
2287 429 2399 472 ex·

344 522 617 585 ponam,
671 500 827 586 quid
872 501 943 564 in
987 520 1058 565 re
1104 500 1220 584 sit,
1266 503 1368 583 ut,
1414 520 1611 583 quam
1656 498 1741 564 ob
1787 519 1928 562 rem
1971 499 2104 563 ista
2148 496 2397 562 civitas

344 610 554 674 neque
610 609 834 654 severe
884 588 1190 654 Flaccum
1247 587 1641 672 oppugnarit
1694 607 1903 670 neque
1948 585 2232 671 benigne
2285 584 2397 649 dc·

240 693 310 741 54
347 677 653 761 fenderit‚
709 677 874 743 scire
927 676 1218 761 possitis.
1316 676 1485 741 Erat
1540 675 1599 739 ei
1654 672 2061 739 Castriciano
2115 672 2395 738 nomine
2422 688 2448 729 ⁵

238 1574 308 1624 55

239 2546 306 2596 56

345 766 544 850 irata,
602 766 681 831 de
741 786 868 851 quo
924 767 1071 829 toto
1125 764 1466 848 respondit
1509 762 1929 846 Hortensius3
1981 761 2193 827 invita
2252 761 2395 827 sol-

344 858 532 920 verat
596 852 913 919 Castricio
985 853 1331 938 pecuniam
1403 853 1537 917 iam
1609 851 1720 921 diu
1797 850 2104 916 debitam.
2211 848 2396 914 Hinc

343 946 560 1008 totum
605 941 848 1025 odium,
891 941 1047 1007 hinc
1093 942 1306 1006 omnis
1345 940 1632 1006 offensio,
1714 938 1858 1015 Quo
1904 961 2051 1004 cum
2097 936 2397 1003 venisset

344 1030 604 1095 Laelius
651 1029 735 1094 ad
773 1030 980 1094 iratos
1019 1033 1086 1093 et
1121 1028 1284 1094 illud
1322 1027 1801 1094 Castricianum
1836 1028 2072 1093 vulnus
2110 1026 2391 1091 dicendo

343 1118 766 1202 refricuisset,
811 1117 1134 1183 siluerunt
1177 1118 1503 1202 principes
1548 1138 1757 1202 neque
1802 1116 1871 1180 in
1914 1116 2034 1180 illa
2078 1116 2391 1198 contione
2416 1130 2469 1170 1⁰

347 1207 696 1272 adfuerunt
749 1227 958 1291 neque
1012 1206 1207 1271 istius
1260 1205 1505 1272 decreti
1556 1226 1632 1270 ac
1674 1204 2037 1269 testimonii
2083 1207 2388 1269 auctores

347 1316 488 1360 esse
535 1295 899 1359 voluerunt.
941 1292 1198 1379 .Usque
1243 1294 1405 1359 adeo
1444 1294 1604 1359 orba
1639 1292 1769 1358 fuit
1806 1293 1888 1357 ab
1927 1292 2387 1377 optumatibus

343 1382 462 1447 illa
515 1381 763 1466 contio,
815 1385 894 1446 ut
950 1382 1252 1468 princeps
1308 1381 1675 1467 principum
1720 1385 1894 1447 esset
1937 1379 2390 1463 Maeandrius;
2514 1408 2516 1415 ·

345 1470 527 1536 cuius
601 1471 831 1557 lingua
904 1471 1093 1555 quasi
1161 1470 1425 1535 flabello
1490 1470 1830 1536 seditionis
1894 1469 2011 1534 illa
2072 1471 2218 1533 tum
2285 1471 2390 1533 est

346 1559 679 1644 egentium
736 1560 957 1624 contio
1010 1559 1347 1625 ventilata.
1437 1557 1665 1643 Itaque
1720 1558 2005 1623 civitatis
2057 1556 2388 1641 pudentis,
2416 1570 2463 1611 1⁶

344 1652 421 1712 ut
455 1668 579 1734 ego
620 1669 875 1731 semper
913 1648 1305 1731 existimavi,
1351 1650 1418 1711 et
1456 1648 1693 1732 gravis,
1740 1649 1817 1711 ut
1850 1646 1979 1730 ipsi
2016 1645 2388 1709 existimari

344 1736 592 1819 volunt,
637 1735 886 1801 iustum
923 1736 1217 1802 dolorem
1254 1735 1702 1819 querellasque
1742 1734 2133 1819 cognoscite.
2201 1731 2384 1809 Quae

344 1824 622 1909 pecunia
675 1822 876 1889 fucrit
931 1824 1103 1908 apud
1160 1846 1228 1889 se
1284 1823 1503 1889 Flacci
1554 1824 1763 1907 patris
1816 1822 2077 1887 nomine
2134 1844 2175 1886 a
2232 1822 2385 1887 civi·

344 1913 612 1992 tatibus,
657 1912 826 1978 hanc
874 1934 915 1978 a
959 1933 1030 1978 se
1075 1933 1217 1977 ense
1265 1913 1556 1978 ablatam
1594 1914 1969 1997 queruntur.
2042 1909 2198 1976 Alio
2236 1911 2383 1976 loco

347 2023 676 2085 quaeram,
723 2001 876 2085 quid
922 2001 1184 2066 licuerit
1226 1998 1493 2086 Flacco;
1537 2022 1709 2066 nunc
1753 2004 2016 2065 tantum
2062 2022 2103 2065 a
2148 1998 2383 2064 Tralli·
2410 2015 2460 2056 2⁰

347 2091 490 2154 anis
526 2089 807 2173 requiro,
846 2111 1043 2174 quam
1080 2089 1421 2172 pecuniam
1462 2091 1546 2154 ab
1585 2111 1653 2154 se
1682 2089 1975 2154 ablatam
2005 2091 2382 2173 queruntur,

347 2198 614 2242 suamne
681 2177 929 2262 dicant,
992 2176 1122 2242 sibi
1177 2200 1218 2242 a
1274 2178 1647 2242 civitatibus
1702 2178 2012 2243 collatam
2066 2176 2137 2241 in
2188 2199 2382 2241 usum

346 2287 553 2331 suum.
645 2263 853 2349 Cupio
910 2265 1152 2330 audire.
1235 2264 1455 2350 ‘Non',
1508 2265 1752 2350 inquit,
1797 2262 2137 2330 ‘dicimus'
2214 2263 2381 2340 Quid
2512 2263 2514 2280 '

344 2353 590 2439 igitur?
691 2352 1018 2419 ‘Delatam
1077 2353 1157 2419 ad
1212 2374 1363 2439 nos,
1432 2352 1742 2419 creditam
1796 2354 1989 2419 nobis
2042 2351 2114 2417 L.
2161 2351 2379 2418 Flacci

343 2442 607 2506 nomine
663 2441 746 2507 ad
800 2441 938 2507 eius
987 2441 1123 2506 dies
1169 2441 1372 2506 festos
1412 2446 1605 2526 atque
1650 2441 1882 2507 ludos?
1974 2441 2145 2518 Quid
2188 2441 2376 2506 tum?
2406 2454 2452 2496 2⁵

345 2528 558 2595 ‘Hanc
604 2527 716 2613 te',
760 2530 992 2614 inquit,
1041 2527 1294 2614 ‘capere
1340 2552 1474 2595 non
1517 2529 1745 2596 licuit?
1838 2529 1977 2595 Iam
2024 2531 2091 2595 id
2136 2529 2377 2614 videm,

347 2617 460 2681 sed
513 2617 795 2701 primum
851 2618 1017 2683 illud
1072 2619 1329 2683 tenebo.
1413 2617 1719 2695 Queritur
1766 2618 1985 2702 gravis
1996 2669 2015 2703 ‚
2069 2618 2377 2703 locupleS,

347 2709 579 2769 ornata
635 2705 894 2789 civitas,
953 2707 1125 2791 quod
1179 2728 1313 2770 non
1368 2707 1608 2771 retinet
1656 2706 1968 2790 alienum3
2026 2706 2377 2791 spoliatam

345 2813 417 2858 se
463 2792 637 2876 dicit,
684 2794 856 2877 quod
893 2794 960 2859 id
1005 2816 1137 2859 non
1172 2794 1393 2873 habet,
1440 2796 1610 2880 quod
1651 2796 1789 2860 eius
1824 2817 1959 2861 non
1993 2794 2137 2860 fuit.
2211 2793 2377 2871 Quid

344 2881 468 2947 hoc
513 2881 957 2964 impudentius
1004 2882 1132 2947 dici
1178 2887 1295 2948 aut
1337 2883 1500 2969 fingi
1545 2883 1807 2968 potest?
1897 2883 2240 2948 Delectum
2276 2887 2378 2949 est
2402 2898 2445 2939 ³⁰

348 2970 692 3054 oppidum5
729 2991 860 3054 quo
909 2971 978 3034 in
1026 2970 1266 3056 oppido
1314 2993 1443 3036 uno
1489 2970 1765 3057 pecunia
1812 2994 1852 3036 a
1896 2975 2043 3036 tota
2086 2969 2251 3036 Asia
2293 2972 2377 3036 ad

345 3057 626 3123 honores
679 3056 752 3123 L.
796 3057 1013 3123 Flacci
1068 3063 1437 3142 poneretur.
1534 3058 1715 3125 Haec
1766 3060 2041 3145 pecunia
2092 3062 2239 3124 tota
2290 3060 2375 3125 ab

345 3146 704 3213 honoribus
749 3148 1075 3211 translata
1111 3151 1214 3213 est
1247 3148 1320 3212 in
1356 3153 1698 3231 quaestum
1736 3152 1803 3213 et
1837 3147 2375 3233 faenerationem3

238 3211 328 3338 ἓξ
347 3237 727 3320 recuperata
772 3238 875 3299 est
919 3235 1144 3299 multis
1191 3238 1346 3320 post
1390 3237 1597 3302 annis.
1679 3233 1857 3312 Quae
1903 3235 2159 3303 civitati
2202 3235 2374 3302 facta

348 3325 449 3386 est
507 3322 792 3387 iniuria?
897 3323 987 3390 At
1046 3322 1325 3388 moleste
1376 3323 1508 3389 fert
1562 3324 1813 3391 civitas.
1912 3323 2149 3410 Cred03
2204 3326 2371 3390 avul·
2396 3337 2437 3381 ³⁶

347 3429 492 3473 sum
539 3414 641 3474 est
687 3410 859 3475 enim
897 3414 1160 3496 praeter
1196 3433 1401 3495 spem,
1449 3413 1621 3497 quod
1664 3417 1808 3480 erat
1844 3435 1960 3499 spe
1996 3413 2371 3480 devoratum

346 3494 629 3561 lucrum..
717 3497 813 3562 At
878 3498 1187 3583 queritur.
1287 3498 1707 3585 Impudenter
1767 3501 1955 3588 facit3
2008 3523 2143 3568 non
2206 3502 2371 3568 enim
