2534 3875
333 203 460 267 118
856 202 997 256 PRO
1038 204 1103 256 A.
1144 200 1506 257 CLUENTIO
1548 201 1816 257 ORATIO

326 346 412 411 Ei
446 346 712 431 placuit,
748 351 823 411 ut
858 345 1223 432 Diogenem
1259 346 1545 411 Habitus
1586 349 1831 410 emeret
1868 369 1908 411 a
1939 344 2367 430 CleophantO,

330 457 458 517 quo
500 433 754 499 facilius
805 438 921 499 aut
958 434 1615 517 comprehenderetur
1651 456 1756 499 res
1794 434 1933 499 eius
1971 434 2210 499 indicio
2251 439 2366 499 aut

325 522 498 587 falsa
546 545 687 587 esse
723 527 1241 608 cognosceretur.
1307 522 1409 587 Ne
1446 524 1682 606 multa,
1727 521 2077 609 Diogenes.
2110 522 2365 605 emitur,

327 632 648 676 venenum
703 612 929 676 diebus
987 611 1211 695 paucis
1267 616 1712 695 comparatur3
1779 611 1973 675 multi
2027 611 2155 675 viri
2209 612 2369 676 boni

327 722 475 763 cum
514 722 592 763 ex
629 701 882 765 occulto
920 699 1445 783 intervenissent,
1482 698 1755 782 pecunia
1792 699 2158 785 obsignata,
2198 722 2365 783 quae

328 789 413 852 ob
469 810 615 853 eam
669 810 806 852 rem
854 788 1160 871 dabatur,
1215 788 1286 852 in
1332 788 1634 852 manibus
1682 786 2089 870 Scamandri,
2144 787 2370 852 liberti

219 892 289 941 48
326 875 804 959 Fabriciorum,
850 876 1367 959 deprehenditur.
1452 876 1582 941 Pro
1628 876 1695 939 di
1740 875 2175 941 immortales!
2238 876 2368 960 Op·

327 963 656 1047 pianicum
713 964 1057 1049 quisquam
1115 964 1218 1027 his
1275 966 1469 1029 rebus
1526 964 1810 1050 cognitis
1857 964 2370 1030 circumventum

224 1054 304 1117 17
328 1074 468 1117 esse
525 1052 740 1117 dicet?
834 1050 991 1127 Quis
1048 1075 1359 1137 umquam
1417 1052 1749 1135 audacior,
1810 1052 1957 1136 quis
2003 1053 2369 1154 nocentior,

223 1685 290 1734 49

233 3361 302 3411 50
342 3369 470 3431 qua
506 3369 705 3412 causa
741 3349 1005 3431 patroni
1042 3371 1228 3415 omne
1265 3347 1627 3432 periculum
1665 3348 2143 3413 continebatur.
2208 3347 2382 3432 Ego,
2452 3370 2473 3407 π

325 1140 471 1224 quis
528 1140 817 1223 apertior
878 1142 950 1205 in
995 1140 1306 1205 iudicium
1355 1140 1669 1206 adductus
1717 1142 1863 1205 est?
1956 1138 2143 1215 Quod
2187 1142 2369 1241 inge·

324 1228 533 1313 nium,
571 1250 737 1313 quae
782 1228 1066 1293 facultas
1114 1229 1387 1310 dicendi,
1433 1251 1599 1312 quae
1647 1252 1687 1293 a
1734 1251 2063 1314 quoquam
2110 1229 2371 1315 excogi-

326 1321 471 1381 tata
509 1316 795 1381 defensio
833 1317 984 1382 huic
1020 1317 1133 1381 uni
1180 1317 1436 1381 crimini
1472 1318 1691 1419 potuit
1727 1318 2092 1382 obsistere?
2158 1314 2371 1381 Simul

329 1408 395 1468 et
449 1405 611 1469 illud
669 1408 814 1490 quis
871 1409 974 1470 est
1035 1407 1146 1489 qui
1201 1406 1482 1489 dubitet,
1540 1407 1698 1490 quin
1742 1406 1867 1471 hac
1913 1428 1982 1469 re
2031 1409 2373 1489 comperta

328 1493 805 1578 manifestoque
862 1494 1266 1577 deprehensa
1328 1498 1441 1558 aut
1490 1494 1791 1559 obeunda
1836 1516 2013 1558 mors
2063 1491 2370 1559 Cluentio

331 1587 445 1647 aut
490 1582 902 1667 suscipienda
948 1583 1277 1647 accusatio
1324 1582 1568 1646 fuerit?

463 1669 638 1735 Satis
686 1692 828 1735 esse
876 1672 1163 1735 arbitror
1209 1670 1753 1755 demonstratum,
1798 1670 2074 1753 iudiceS,
2121 1670 2201 1735 iis
2250 1670 2375 1735 cri-

331 1759 614 1824 minibus
663 1762 1040 1825 accusatum
1087 1780 1228 1823 esse
1277 1757 1734 1843 Oppianicum,
1791 1758 1890 1822 uti
1935 1758 2209 1823 honeste
2259 1760 2375 1823 ab·

330 1848 501 1914 solvi
544 1848 728 1912 nullo
775 1847 968 1913 modo
1016 1847 1322 1930 potuerit.
1387 1845 1779 1932 Cognoscite
1824 1868 1997 1911 nunc
2042 1847 2139 1910 ita
2184 1868 2373 1911 reum

330 1935 606 2002 citatum
661 1958 804 2002 esse
865 1937 1078 2019 illum,
1135 1942 1209 2001 ut
1264 1958 1335 2000 re
1391 1937 1594 2001 semel
1652 1939 1847 2021 atque
1902 1937 2141 2000 iterum
2188 1958 2376 2018 prae-

329 2025 613 2093 iudicata
648 2025 1113 2090 condemnatus
1150 2025 1217 2088 in
1255 2024 1566 2089 iudicium
1603 2024 1872 2088 venerit.
1937 2022 2112 2088 Nam
2142 2021 2375 2089 Cluen-

330 2113 489 2197 tius,
552 2113 824 2196 iudices,
887 2113 1174 2198 primum
1236 2134 1479 2177 nomen
1535 2113 1673 2177 eius
1732 2112 1997 2197 detulit,
2063 2112 2245 2177 cuius
2303 2113 2378 2176 in

332 2202 634 2266 manibus
698 2223 1018 2266 venenum
1093 2200 1624 2284 deprehenderat.
1732 2200 1799 2264 Is
1872 2204 2014 2265 erat
2093 2201 2376 2265 libertus

331 2290 798 2373 Fabriciorum,
845 2287 1253 2354 Scamander.
1328 2289 1667 2374 Integrum
1717 2289 2091 2372 consilium,
2148 2289 2378 2354 iudicii

333 2378 624 2463 corrupti
687 2378 870 2442 nulla
936 2377 1244 2461 suspici03
1312 2377 1588 2460 simplex
1653 2377 1723 2441 in
1788 2377 2099 2442 iudicium
2154 2398 2377 2459 causa,

333 2469 514 2531 certa
575 2489 708 2549 reS,
772 2489 973 2530 unum
1038 2466 1286 2531 crimen
1350 2465 1643 2530 adlatum
1700 2470 1817 2530 est.
1918 2465 2045 2530 Hic
2100 2469 2243 2529 tum
2302 2465 2377 2530 O.

333 2553 669 2619 Fabricius
680 2603 698 2636 ,
751 2555 836 2632 is»,
893 2555 971 2618 de
1019 2576 1147 2638 quo
1195 2558 1348 2618 ante
1399 2553 1557 2636 dixi,
1616 2554 1731 2637 qui
1775 2554 2015 2619 liberto
2064 2553 2379 2618 damnato

336 2642 463 2706 sibi
527 2642 690 2706 illud
753 2642 1124 2724 impendere
1189 2641 1552 2724 periculum
1613 2642 1890 2719 videret,
1970 2641 2143 2726 quod
2208 2642 2380 2706 mihi

335 2751 482 2795 cum
524 2730 997 2794 Aletrinatibus
1035 2730 1443 2794 vicinitatem
1490 2733 1556 2794 et
1594 2752 1740 2795 cum
1777 2730 2107 2814 plerisque
2146 2751 2379 2795 eorum

338 2839 650 2903 magnum
711 2839 904 2882 usum
966 2840 1108 2882 esse
1175 2818 1449 2900 sciebat,
1513 2818 1889 2902 frequentes
1952 2840 2063 2883 eos
2130 2818 2213 2882 ad
2269 2841 2379 2883 me

337 2906 602 2970 domum
657 2905 944 2971 adduxit.
1035 2904 1159 2981 Qui
1215 2929 1611 2991 quamquam
1668 2907 1744 2971 de
1800 2907 2065 2970 homine
2130 2906 2251 2989 sic,
2300 2911 2380 2970 ut

334 3015 597 3059 necesse
635 2999 795 3077 erat,
833 2995 1319 3076 existimabant,
1354 2999 1593 3080 tamen,
1634 2995 1808 3079 quod
1848 3000 1989 3059 erat
2027 3017 2105 3058 ex
2146 2994 2381 3060 eodem

339 3082 717 3167 municipiO,
790 3105 945 3148 suae
1019 3083 1363 3169 dignitatis
1435 3105 1575 3149 esse
1641 3083 2137 3148 arbitrabantur
2208 3105 2382 3166 eum,

339 3171 573 3254 quibus
630 3172 824 3236 rebus
872 3175 1168 3255 possent,
1226 3172 1566 3236 defendere
1613 3172 1805 3256 idque
1853 3195 1892 3234 a
1938 3194 2041 3236 me
2087 3174 2161 3235 ut
2206 3170 2383 3236 face-

337 3281 474 3324 rem
523 3263 589 3324 et
634 3264 709 3324 ut
745 3282 1009 3325 causam
1047 3260 1428 3326 Scamandri
1478 3261 1872 3344 susciperem
1919 3260 2259 3342 petebant,
2306 3282 2383 3324 111

342 3435 454 3519 qui
508 3457 716 3520 neque
774 3437 910 3502 illis
966 3438 1212 3502 talibus
1269 3435 1429 3501 viris
1489 3458 1563 3500 ac
1620 3441 1759 3500 tam
1817 3435 2190 3500 amantibus
2248 3438 2386 3501 mei

343 3544 482 3587 rem
528 3545 790 3608 possem
835 3526 1038 3590 ullam
1085 3545 1326 3608 negare
1372 3545 1580 3606 neque
1617 3523 1780 3588 illud
1826 3523 2072 3588 crimen
2117 3527 2385 3589 tantum

2396 719 2425 758 5

2400 1160 2457 1198 10

2408 1600 2459 1640 15

2410 2044 2524 2082 20:

2412 2465 2522 2524 25i

2414 2927 2474 2966 30
