2534 3875
887 190 1041 246 cAP.
1083 197 1221 246 1--3
1258 196 1289 256 ς
1329 197 1484 246 2-7.
2098 190 2186 256 39

158 357 283 421 que
320 338 752 421 praestarem3
800 357 965 419 quae
1000 357 1147 402 eum
1185 339 1340 400 sunt
1373 334 1442 400 in
1479 339 1699 401 aetore
1735 355 1984 420 causae,
2019 334 2187 399 nihil

158 429 277 508 est,
312 425 385 488 in
421 445 493 489 re
528 424 912 508 praesertim
948 428 1176 508 aperta
1214 444 1290 489 ae
1326 423 1627 508 simplici,
1663 424 1837 508 quod
1864 423 2186 489 excellens

155 513 496 598 ingenium
540 511 926 596 requiratur.
1003 509 1128 576 Sed
1167 533 1313 577 eum
1351 513 1429 576 de
1465 533 1542 577 eo
1581 511 1744 577 mihi
1788 512 1927 576 iure
1975 511 2188 576 dieen-

158 602 315 665 dum
362 600 469 682 sit,
514 599 689 684 quod
732 599 1058 682 pertineat
1102 599 1184 664 ad
1230 619 1484 678 omnes,
1532 600 1828 685 quodque
1875 599 2187 665 eonstitu-

102 707 131 746 5
157 695 303 754 tum
340 689 431 754 sit
458 710 499 753 a
526 687 901 767 maioribus,
936 691 1394 753 conservatum
1422 709 1643 790 usque·
1653 689 1736 752 ad
1763 689 1888 754 hoe
1914 692 2191 772 tempus,

160 798 291 862 quo
352 776 609 841 sublato
664 797 797 841 non
856 775 1068 841 solum
1128 797 1284 878 pars
1345 775 1564 877 aliqua
1623 775 1785 841 iuris
1846 776 2192 857 deminuta,

160 864 277 930 sed
336 865 536 930 etiam
590 863 689 928 vis
744 886 847 948 ea,
904 885 1070 948 quae
1124 864 1250 928 iuri
1305 865 1586 929 maxime
1641 868 1744 929 est
1801 863 2192 966 adversaria,

157 952 401 1018 iudicio
447 953 833 1018 confirmata
878 973 1021 1017 esse
1068 951 1383 1035 videatur,
1427 951 1614 1017 video
1663 953 1901 1018 summi
1946 951 2192 1038 ingenii

160 1063 431 1107 eausam
465 1062 627 1126 esse,
662 1062 794 1106 non
828 1044 905 1105 ut
930 1040 998 1104 id
1036 1040 1534 1122 demonstretur,
1572 1041 1744 1124 quod
1781 1044 1932 1105 ante
1970 1039 2192 1105 oculos

85 1149 137 1188 10
164 1134 291 1213 est,
347 1129 463 1194 sed
512 1149 622 1212 ne,
676 1128 735 1192 si
790 1128 935 1212 quis
988 1128 1179 1193 vobis
1236 1150 1415 1194 error
1469 1127 1538 1192 in
1591 1134 1779 1194 tanta
1832 1149 1902 1194 re
1949 1129 2040 1193 sit
2085 1127 2193 1193 ob·

164 1218 387 1300 iectus,
433 1238 657 1282 omnes
703 1217 923 1301 potius
969 1237 1075 1281 me
1120 1216 1521 1282 arbitrentur
1567 1237 1797 1283 causae
1844 1239 2040 1302 quam
2075 1237 2195 1282 vos

163 1305 473 1392 religioni
529 1309 787 1370 vestrae
848 1303 1146 1370 defuisse.
1238 1303 1647 1389 Quamquam
1708 1325 1830 1390 ego
1885 1305 2047 1370 mihi
2103 1305 2194 1370 sie
2231 1321 2270 1371 6

158 1393 521 1478 persuadeo
529 1443 549 1478 ‚
602 1396 1117 1478 recuperatores,
1170 1415 1306 1458 non
1359 1415 1476 1458 vos
1533 1397 1672 1458 tam
1717 1398 1989 1478 propter
2033 1393 2194 1458 iuris

160 1483 510 1547 obscuram
538 1481 929 1566 dubiamque
956 1483 1280 1546 rationem
1315 1481 1420 1546 bis
1455 1481 1588 1548 iam
1625 1482 1703 1547 de
1741 1483 1967 1546 eadem
2003 1503 2199 1547 eausa

80 1589 131 1628 1⁵
162 1571 500 1635 dubitasse
570 1590 795 1654 quam,
865 1569 1036 1655 quod
1095 1569 1426 1634 videretur
1485 1569 1568 1635 ad
1627 1591 1950 1636 summam
2018 1570 2198 1634 illius

162 1657 717 1723 existimationem
753 1657 879 1723 hoo
913 1656 1223 1724 iudicium
1258 1658 1604 1742 pertinere,
1641 1680 1894 1724 moram
1930 1658 2014 1722 ad
2050 1679 2197 1723 eon·

162 1746 600 1811 demnandum
656 1746 985 1830 quaesisse
1042 1745 1237 1810 simul
1295 1749 1362 1810 et
1414 1746 1513 1810 illi
1569 1747 1854 1832 spatium
1910 1745 1990 1811 ad
2059 1765 2199 1810 sese

163 1834 609 1920 colligendum
647 1833 915 1900 dedisse.
989 1832 1178 1910 Quod
1214 1833 1524 1920 quoniam
1569 1833 1700 1899 iam
1745 1835 1818 1900 in
1861 1837 2197 1899 eonsuetu—

166 1923 384 1988 dinem
431 1922 612 1987 venit
656 1925 724 1987 et
767 1923 835 1987 id
872 1922 996 1988 viri
1032 1922 1187 1988 boni
1223 1923 1430 1988 vestri
1465 1922 1714 1988 similes
1751 1922 1822 1988 in
1856 1921 2198 1989 iudicando

80 2032 133 2071 πο
164 2012 443 2095 faciunt,
502 2011 1099 2095 reprehendendum
1156 2011 1439 2077 fortasse
1498 2012 1742 2095 minus,
1802 2011 2200 2096 querendum

166 2121 317 2165 vero
376 2099 588 2184 magis
646 2100 845 2165 etiam
897 2100 1183 2183 videtur,
1244 2100 1389 2164 ideo
1451 2100 1626 2184 quod
1685 2101 1904 2164 omnia
1961 2098 2200 2164 iudicia

166 2191 281 2252 aut
346 2186 915 2253 distrahendarum
992 2188 1584 2253 controversiarum
1661 2192 1776 2253 aut
1846 2187 2200 2273 puniendo·

166 2298 311 2341 rum
349 2275 817 2341 maleficiorum
854 2296 1051 2341 eausa
1086 2278 1352 2361 reperta
1389 2280 1559 2358 sunt,
1605 2296 1880 2361 quorum
1917 2276 2200 2340 alterum

165 2364 378 2429 levius
426 2368 545 2447 est,
590 2367 941 2448 propterea
979 2364 1151 2448 quod
1188 2366 1257 2429 et
1295 2364 1506 2430 minus
1547 2364 1750 2429 laedit
1787 2368 1853 2428 et
1888 2385 2200 2449 persaepe

78 2470 133 2511 25
166 2452 606 2553 disceptatore
654 2452 1008 2517 domestico
1066 2450 1480 2531 diiudicatur,
1535 2452 1819 2517 alterum
1867 2457 1968 2517 est
2015 2453 2200 2517 vehe-

165 2540 675 2627 meritissimum,
741 2540 913 2624 quod
972 2544 1041 2605 et
1099 2540 1182 2605 ad
1240 2541 1574 2625 graviores
1634 2560 1738 2605 res
1792 2540 2079 2625 pertinet
2132 2544 2199 2605 et

161 2650 299 2695 non
344 2619 766 2693 honorariam
804 2648 1069 2713 operam
1107 2629 1319 2713 amici,
1364 2629 1478 2694 sed
1515 2629 1931 2693 severitatem
1968 2629 2198 2695 iudicis

164 2739 242 2783 ao
285 2716 425 2781 vim
470 2716 773 2800 requirit3
821 2716 995 2800 quod
1040 2720 1142 2781 est
1187 2736 1478 2801 gravius,
1523 2720 1592 2781 et
1635 2718 1818 2783 euius
1862 2718 1958 2781 rei
2004 2738 2202 2783 eausa
2233 2736 2267 2782 7

162 2804 449 2869 maxime
486 2804 727 2869 iudicia
762 2804 1124 2869 constituta
1160 2809 1332 2887 sunt,
1376 2804 1499 2869 id
1478 2828 1614 2870 lam
1651 2807 1824 2871 mala
1861 2809 2200 2871 eonsuetu-

78 2910 137 2952 30
165 2893 317 2957 dine
380 2892 767 2958 dissolutum
828 2896 945 2957 est.
1034 2891 1206 2958 Nam
1266 2896 1342 2958 ut
1402 2914 1694 2978 quaeque
1749 2914 1854 2959 res
1911 2897 2013 2958 est
2066 2897 2200 2959 tur-

161 2980 467 3066 pissima,
528 2981 623 3046 sie
682 2980 963 3045 maxime
1018 2986 1085 3045 et
1138 2980 1576 3047 maturissime
1635 2981 2021 3047 vindicanda
2081 2985 2200 3065 est,

164 3073 238 3134 at
278 3068 522 3152 eadem,
559 3068 715 3151 quia
749 3069 1253 3134 existimationis
1282 3069 1642 3153 perieulum
1672 3074 1790 3153 est,
1827 3070 2199 3135 tardissime

160 3156 507 3221 iudicatur.
598 3156 726 3232 Qui
768 3157 975 3242 igitur
1029 3158 1358 3241 convenit,
1417 3180 1584 3241 quae
1630 3177 1827 3223 eausa
1871 3155 2072 3223 fuerit
2118 3157 2200 3222 ad
2235 3162 2277 3225 3

161 3244 691 3310 constituendum
737 3244 1062 3324 iudicium,
1110 3245 1380 3310 eandem
1428 3265 1678 3311 moram
1727 3267 1867 3311 esse
1915 3246 1997 3310 ad
2040 3244 2201 3309 iudi-

82 3349 135 3391 ιε
162 3331 493 3398 eandum?
584 3329 655 3396 Si
720 3334 866 3419 quis
921 3334 1077 3417 quid
1130 3333 1508 3417 spopondit,
1566 3355 1694 3418 qua
1767 3334 1838 3397 in
1881 3355 1952 3397 re
1998 3332 2197 3398 verbo

161 3443 235 3485 se
284 3419 607 3504 obligavit
652 3442 799 3503 uno,
845 3421 903 3485 si
946 3422 1014 3485 id
1058 3442 1192 3485 non
1234 3421 1429 3504 facit,
1473 3425 1731 3487 maturo
1777 3420 2013 3485 iudicio
2061 3421 2199 3485 sine

159 3509 307 3574 ulla
362 3507 675 3594 religione
730 3507 957 3574 iudicis
1014 3509 1524 3592 condemnatur-3·
1576 3510 1688 3593 qui
1749 3530 1866 3593 per
1921 3509 2198 3573 tutelam
