2534 3875
891 137 1047 195 CAP.
1088 147 1226 194 1—3
1265 146 1296 206 s
1333 147 1492 196 2—7.
2044 140 2175 203 431

135 285 315 370 lege,
360 305 494 349 11011
539 305 646 366 ea,
693 305 857 366 quae
907 283 982 346 de
1029 305 1152 366 me,
1198 283 1313 346 sed
1358 305 1452 368 ea,
1500 306 1663 369 quae
1709 283 1789 348 de
1834 282 1994 369 ipsis
2039 285 2181 348 lata

139 377 304 457 erat,
352 395 549 457 quam
595 393 778 436 meus
825 371 1124 436 inimicus
1171 372 1638 458 promulgavit,
1683 376 1776 456 ut,
1822 373 1880 437 si
1914 373 2178 438 revixis-

138 466 289 527 sent
344 462 418 543 ii,
475 460 586 544 qui
640 459 802 524 haec
855 481 1063 545 paene
1122 460 1444 544 delerunt,
1499 464 1643 525 tum
1700 481 1822 546 ego
1871 460 2177 544 redirem3

139 572 272 634 quo
310 549 486 613 facto
525 552 876 631 utrumque
915 548 1252 612 confessus
1292 552 1411 633 est,
1458 553 1526 612 et
1562 571 1632 613 se
1668 548 1935 613 illorum
1973 549 2177 613 vitam

73 657 104 697 5
139 638 514 702 desiderare
553 641 620 701 et
657 657 898 722 magno
926 637 997 700 in
1023 637 1315 721 periculo
1342 659 1482 700 rem
1509 637 1841 722 publicam
1869 637 2178 721 futuram,

139 729 226 810 si,
284 749 431 791 cum
485 726 710 790 hostes
767 727 964 808 atque
1017 724 1471 790 interfectores
1528 724 1624 790 rei
1669 726 1970 809 publicae
2017 725 2178 789 revi-

135 815 409 898 xissent,
459 835 582 900 ego
627 835 763 879 non
806 813 1242 877 revertissem.
1335 813 1554 897 Atque
1600 813 1716 879 illo
1763 813 1906 898 ipso
1953 818 2179 878 tamen

139 926 332 987 anno,
379 925 525 968 cum
564 923 685 986 ego
725 901 1080 984 cessissem,
1125 901 1426 987 princeps
1466 906 1682 966 autem
1723 901 2009 967 civitatis
2045 923 2179 967 non

139 993 365 1077 legum
421 990 771 1074 praesidiO,
827 991 936 1054 sed
993 990 1319 1074 parietum
1367 990 1573 1054 vitam
1630 1012 1813 1054 suam
1870 994 2179 1074 tueretur,

51 1101 108 1140 ιο
138 1103 250 1144 res
297 1079 558 1163 publica
603 1079 744 1143 sine
789 1078 1166 1144 consulibus
1215 1081 1388 1142 esset
1432 1099 1641 1162 neque
1689 1079 1901 1143 solum
1945 1099 2175 1164 paren-

138 1169 322 1232 tibus
375 1167 735 1252 perpetuis,
789 1188 1016 1230 verum
1072 1167 1271 1231 etiam
1327 1159 1658 1231 tutoribus
1716 1167 1948 1232 annuis
2006 1169 2178 1230 esset

141 1258 403 1339 orbata,
468 1255 825 1324 sententias
882 1255 1091 1319 dicere
1146 1254 1685 1339 prohiberemini‚
1740 1259 1937 1339 caput
1994 1276 2176 1318 meae

139 1344 639 1432 proscriptionis
695 1343 1104 1426 recitaretur,
1156 1364 1517 1426 numquam
1565 1343 1913 1408 dubitastis
1963 1365 2173 1408 meam

141 1434 429 1499 salutem
475 1455 620 1497 cum
659 1431 987 1496 communi
1024 1432 1232 1495 salute
1272 1431 1679 1516 coniungere.
1741 1432 1985 1497 Postea
2020 1451 2172 1496 vero
2212 1411 2255 1537 ἓ

51 1542 107 1582 15
143 1543 343 1606 quam
397 1521 718 1606 singulari
773 1523 838 1584 et
883 1519 1453 1605 praestantissima
1508 1520 1751 1584 virtute
1794 1520 1865 1584 P.
1911 1517 2177 1583 Lentuli

139 1609 429 1676 consulis
477 1632 554 1672 ex
601 1608 954 1694 superioris
1001 1609 1156 1672 anni
1202 1607 1478 1692 caligine
1526 1613 1593 1671 et
1630 1609 1915 1672 tenebris
1964 1608 2175 1673 lucem

139 1700 214 1763 in
277 1721 350 1764 re
412 1697 678 1781 publica
733 1696 1044 1761 Kalendis
1098 1694 1421 1760 Ianuariis
1480 1695 1793 1780 dispicere
1848 1697 2176 1778 coepistiS,

141 1809 294 1852 cum
351 1784 425 1862 Q.
490 1785 772 1866 Metelli,
853 1784 1249 1850 nobilissimi
1321 1783 1605 1849 hominis
1680 1789 1876 1870 atque
1942 1784 2175 1869 optimi

97 1882 104 1886 ’
138 1876 298 1959 viri,
343 1896 598 1939 summa
645 1873 949 1960 dignitas»,
993 1895 1138 1939 cum
1182 1878 1581 1959 praetorum,
1624 1873 2039 1939 tribunorum
2086 1872 2174 1957 pl.

51 1985 108 2025 20
139 1984 350 2051 paene
397 1963 687 2028 omnium
731 1964 939 2028 virtus
979 1965 1046 2026 et
1079 1961 1240 2027 fides
1277 1962 1375 2025 rei
1410 1962 1709 2046 publicae
1748 1962 2174 2045 subvenisset,

141 2076 294 2119 cum
340 2053 607 2133 virtute,
663 2052 902 2136 gloria,
956 2052 1150 2115 rebus
1198 2050 1403 2135 gestis
1450 2049 1567 2115 On.
1624 2049 1981 2134 Pompeius
2040 2072 2173 2113 om-

137 2144 324 2207 nium
371 2142 692 2227 gentium,
747 2140 1036 2205 omnium
1083 2139 1519 2220 saeculorum,
1564 2140 1776 2203 omnis
1824 2138 2175 2203 memoriae

138 2230 338 2296 facile
373 2230 694 2314 princeps,
731 2232 877 2293 tuto
917 2250 984 2292 se
1022 2228 1243 2293 venire
1280 2227 1351 2291 in
1389 2230 1689 2291 senatum
1726 2227 2175 2309 arbitraretur,

139 2322 370 2384 tantus
418 2322 635 2383 vester
682 2338 1032 2383 consensus
1079 2316 1156 2379 de
1205 2316 1417 2379 salute
1455 2336 1603 2380 mea
1637 2315 1781 2399 fuit,
1828 2320 1903 2379 ut
1938 2336 2173 2398 corpus

51 2427 102 2468 25
147 2409 412 2472 abesset
475 2429 721 2489 meum,
784 2405 1069 2489 dignitas
1126 2404 1258 2468 iam
1313 2404 1384 2469 in
1436 2403 1721 2488 patriam
1776 2404 2173 2468 revertisset.

140 2495 288 2572 Quo
343 2494 603 2579 quidem
657 2516 904 2578 mense,
957 2493 1113 2577 quid
1169 2493 1342 2557 inter
1388 2514 1492 2556 me
1539 2495 1605 2555 et
1652 2514 1830 2556 meos
1876 2492 2173 2556 inimicos
2212 2508 2243 2557 6

138 2586 516 2667 interesset,
571 2583 946 2648 existimare
999 2581 1326 2666 potuistis,
1416 2580 1564 2664 Ego
1620 2602 1833 2644 meam
1892 2579 2174 2644 salutem

141 2674 419 2755 deserui,
462 2694 544 2735 ne
589 2674 858 2756 propter
904 2692 1008 2735 me
1053 2670 1291 2735 civium
1337 2668 1711 2735 vulneribus
1758 2690 1862 2733 res
1909 2668 2174 2753 publica

140 2764 624 2845 cruentaretur,
679 2760 782 2823 illi
837 2781 1054 2823 meum
1107 2758 1388 2822 reditum
1443 2779 1576 2822 non
1621 2757 1849 2842 populi
1894 2756 2175 2822 Romani

51 2870 108 2911 so
141 2850 496 2935 suffragiis,
543 2849 656 2913 sed
701 2848 965 2912 flumine
1011 2846 1347 2931 sanguinis
1392 2846 1951 2911 intercludendum
1987 2848 2174 2929 puta-

137 2944 394 3005 verunt.
482 2935 713 3021 Itaque
765 2939 997 3021 postea
1041 2935 1206 2999 nihil
1253 2957 1371 3000 vos
1418 2934 1692 3018 civibus,
1745 2934 1913 2998 nihil
1960 2932 2174 3016 800118,

135 3028 313 3092 nihil
349 3026 614 3111 regibus
652 3024 1106 3109 respondistis;
1141 3023 1308 3088 nihil
1336 3023 1579 3088 iudices
1609 3021 1970 3105 sententiis,
2004 3020 2175 3107 nihil

134 3115 426 3201 populus
493 3114 849 3198 suffragiis,
909 3113 1075 3177 nihil
1139 3112 1246 3177 hic
1310 3112 1469 3176 ordo
1527 3110 1914 3175 auctoritate
1970 3108 2173 3173 decla-

134 3204 345 3287 ravit3
417 3207 671 3267 mutum
736 3202 978 3285 forum,
1042 3200 1371 3284 elinguem
1438 3198 1707 3281 curiam,
1771 3196 2042 3261 tacitam
2108 3200 2175 3259 et

51 3313 100 3354 15
132 3293 420 3357 fractam
485 3291 819 3356 civitatem
882 3289 1224 3355 videbatis·
1333 3287 1473 3363 Quo
1541 3286 1799 3371 quidem
1863 3288 2175 3368 tempore,
2212 3300 2245 3349 7

133 3403 290 3447 011111
336 3380 394 3445 18
443 3379 840 3463 excessisset,
889 3378 999 3463 qui
1044 3379 1224 3442 caedi
1272 3381 1339 3441 et
1383 3377 1686 3440 flammae
1731 3372 1919 3438 vobis
1959 3376 2175 3437 aucto-

131 3470 325 3535 ribus
390 3469 744 3553 restiterat,
811 3473 956 3531 cum
1018 3466 1194 3531 ferro
1251 3468 1320 3531 et
1371 3463 1625 3529 facibus
1679 3462 1977 3527 homines
2032 3463 2177 3525 tota
