2534 3875
316 169 445 234 278
799 157 885 222 IN'
915 168 975 224 L.
1013 167 1416 225 CA'HLINAM
1456 168 1722 224 ORATIO
1759 167 1852 222 ΠΙ.

238 316 280 380 5
314 315 585 378 nimium
630 313 697 377 id
743 313 1015 398 longum
1042 313 1382 377 videretur.
1454 312 1552 377 Ac
1595 334 1678 376 ne
1725 313 1996 398 longum
2033 313 2139 396 sit,
2186 313 2340 391 Qui-

316 403 505 486 rites,
549 401 825 467 tabellas
872 401 1151 486 proferri
1194 401 1529 485 iussimus,
1575 422 1740 484 quae
1785 423 1826 465 a
1870 422 2124 486 quoque
2170 403 2340 468 dice·

317 491 555 555 bantur
622 490 830 555 datae.
935 489 1157 554 Primo
1224 490 1623 554 ostendimus
1689 487 2007 576 Cetheg03
2071 491 2338 576 signum

316 579 635 664 cognovit.
726 577 865 642 Nos
909 578 1115 642 linum
1159 577 1520 661 incidimu8‚
1558 577 1854 661 legimus.
1925 577 2090 642 Erat
2135 580 2338 664 scrip-

313 670 456 732 tum
500 667 704 750 ipsius
752 688 950 731 manu
998 665 1433 750 Allobrogum
1481 666 1734 730 senatui
1781 669 1846 730 et
1890 667 2134 751 populo
2171 689 2338 752 sese,
2369 685 2400 725 5

314 777 478 838 quae
516 777 741 820 eorum
776 755 1013 839 legatis
1052 754 1518 837 confirmasset,
1561 753 1883 818 facturum
1922 776 2090 839 esse3
2128 776 2338 839 orare,

311 848 388 907 ut
438 843 595 908 item
650 843 747 906 illi
790 842 1105 924 facerent,
1159 863 1325 925 quae
1371 842 1498 906 sibi
1544 863 1768 906 eorum
1813 843 2012 926 legati
2059 845 2339 927 recepis-

313 935 472 995 sent.
562 929 727 995 Tum
782 928 1137 1016 Cethegus,
1196 930 1308 1012 qui
1361 931 1559 1013 paulo
1611 936 1760 995 ante
1817 931 2061 1014 aliquid
2113 936 2340 998 tamen

312 1019 389 1083 de
427 1018 664 1103 gladiis
704 1041 779 1084 ac
817 1019 985 1102 siciS,
1032 1040 1196 1102 quae
1234 1017 1406 1101 apud
1440 1018 1654 1102 ipsum
1691 1023 1878 1083 erant
1915 1019 2340 1104 deprehensa,

311 1107 749 1189 respondisset
819 1107 1212 1191 dixissetque
1287 1128 1356 1170 se
1429 1128 1683 1190 semper
1754 1107 2073 1172 bonorum
2135 1109 2338 1174 ferra-
2369 1126 2426 1164 10

314 1200 680 1259 mentorum
718 1195 1083 1260 studiosum
1107 1193 1328 1278 fuisse,
1365 1195 1652 1259 recitatis
1684 1195 1922 1259 litteris
1952 1195 2335 1262 debilitatus

312 1286 506 1365 atque
572 1284 861 1347 abiectus
906 1281 1321 1348 'conscientia
1372 1287 1636 1367 repente
1695 1283 2022 1349 conticuit.
2117 1283 2339 1350 Intro-

312 1371 541 1435 ductus
596 1375 697 1435 est
752 1369 1083 1454 Statilium
1142 1371 1448 1456 cognovit
1505 1375 1571 1435 et
1630 1371 1885 1457 signum
1945 1376 2011 1436 et
2065 1395 2336 1438 manum

312 1481 512 1523 suam.
576 1459 909 1524 Recitatae
956 1463 1109 1524 sunt
1153 1460 1438 1523 tabellae
1483 1459 1553 1522 in
1597 1460 1867 1523 eandem
1904 1460 2039 1524 fere
2077 1465 2335 1526 senten-

310 1547 497 1631 tiam3
544 1548 873 1613 confessus
920 1552 1040 1613 est
1111 1546 1277 1611 Tum
1325 1547 1579 1611 ostendi
1625 1549 1900 1612 tabellas
1947 1546 2224 1614 Lentulo
2261 1555 2335 1614 et
2367 1567 2420 1606 15

310 1636 627 1720 quaesivi,
646 1640 1171 1752 cognosceretne
1217 1635 1495 1737 signum.
1557 1633 1822 1700 Adnuit.
1887 1635 2049 1700 Est
2095 1637 2312 1702 vero’

306 1726 598 1808 inquam,
646 1723 939 1789 ‘notum
987 1724 1291 1808 quidem
1339 1724 1672 1809 signum,
1717 1725 1971 1810 imago
2018 1726 2139 1789 avi
2183 1726 2332 1806 tui,

308 1813 733 1877 clarissimi
787 1812 963 1896 viri,
1028 1812 1161 1896 qui
1227 1812 1516 1877 amavit
1579 1813 1806 1877 unice
1860 1815 2191 1895 patriam
2251 1819 2331 1878 et

307 1900 513 1966 cives
592 1923 800 1984 suos3
876 1922 1066 1986 quae
1138 1901 1438 1986 quidem
1501 1903 1577 1966 te
1641 1923 1680 1965 a
1743 1905 1964 1967 tanto
2031 1902 2329 1967 scelere

205 2006 267 2053 11
310 1992 542 2054 etiam
605 1994 814 2055 muta
878 2011 1239 2053 revocare
1305 1988 1614 2054 debuit?
1712 1989 2045 2073 Leguntur
2101 1991 2415 2055 eadem20

306 2079 558 2142 ratione
605 2079 688 2142 ad
734 2082 1031 2142 senatum
1077 2075 1515 2163 Allobrogum
1560 2078 1998 2162 populumque
2044 2079 2329 2145 litterae.

308 2164 376 2230 Si
430 2166 585 2249 quid
640 2167 716 2229 de
769 2166 873 2229 his
928 2166 1121 2230 rebus
1179 2166 1390 2230 dicere
1444 2166 1672 2243 vellet,
1733 2166 1858 2231 feci
1912 2170 2328 2250 potestatem.

304 2254 523 2337 Atque
557 2255 671 2319 ille
697 2254 907 2338 primo
938 2254 1194 2337 quidem
1220 2253 1512 2339 negavit3
1540 2257 1690 2336 post
1724 2258 1942 2319 autem
1969 2255 2327 2340 aliquanto,

304 2347 445 2406 toto
492 2344 622 2407 iam
655 2342 903 2406 ,indicio
952 2342 1245 2425 exposito
1294 2346 1489 2424 atque
1536 2342 1736 2425 edito,
1783 2344 2086 2427 surrexit3
2134 2366 2326 2428 quae-

305 2430 459 2494 sivit
506 2454 545 2495 a
592 2429 828 2513 Gallis,
874 2429 1025 2514 quid
1073 2430 1199 2493 sibi
1246 2434 1419 2493 esset
1465 2452 1610 2494 cum
1655 2430 1764 2513 iis,
1811 2453 2004 2515 quam
2052 2432 2135 2497 ob
2183 2455 2327 2497 rem
2357 2450 2410 2489 25

306 2517 567 2581 domum
632 2540 817 2582 suam
885 2517 1238 2599 venissent,
1303 2518 1584 2601 itemque
1650 2541 1688 2583 a
1740 2516 2099 2584 Volturcio,
2198 2519 2326 2596 Qui

304 2627 449 2670 cum
521 2606 623 2670 illi
696 2606 978 2671 breviter
1050 2610 1552 2690 constanterque
1623 2608 2132 2691 respondissent,
2205 2631 2326 2693 per

304 2714 494 2777 quem
532 2693 615 2757 ad
651 2715 796 2757 eum
834 2694 1259 2779 quotiensque
1295 2694 1642 2773 venissent,
1680 2696 2210 2780 quaesissentque
2239 2698 2324 2761 ab

306 2801 400 2863 en,
434 2780 679 2846 nihilne
718 2804 936 2847 secum
973 2787 1144 2847 esset
1182 2782 1259 2846 de
1295 2782 1451 2847 fatis
1491 2781 1830 2867 Sibyllinis
1866 2786 2140 2867 locutus,
2177 2788 2324 2849 tum

302 2869 414 2932 ille
477 2870 697 2935 subito
762 2871 1001 2935 scelere
1065 2870 1355 2955 demens,
1419 2875 1664 2955 quanta
1725 2872 2157 2939 conscientiae
2221 2874 2322 2937 vis
2352 2891 2406 2929 ³⁰

302 2961 494 3041 esset,
541 2959 841 3023 ostendit.
914 2958 1104 3040 Nam,
1152 2982 1297 3024 cum
1343 2960 1409 3023 id
1454 2963 1678 3042 posset
1722 2960 2008 3044 infitiari,
2053 2966 2321 3045 repente

300 3050 559 3130 praeter
618 3047 985 3131 opinionem
1046 3049 1336 3112 omnium
1395 3046 1728 3112 confessus
1788 3052 1905 3113 est.
2004 3049 2112 3113 Ita
2173 3071 2322 3114 eum

300 3156 431 3199 non
486 3136 678 3200 modo
735 3136 1067 3221 ingenium
1113 3136 1279 3200 illud
1324 3138 1391 3199 et
1436 3136 1685 3200 dicendi
1732 3136 2137 3219 exercitatio,
2193 3159 2324 3222 qua

302 3244 558 3308 semper
609 3224 844 3307 valuit,
901 3225 1011 3288 sed
1068 3224 1264 3287 etiam
1320 3226 1586 3307 propter
1631 3224 1762 3287 vim
1810 3225 2068 3290 sceleris
2115 3227 2324 3290 mani·

299 3309 451 3374 festi
490 3317 682 3395 atque
712 3312 1092 3397 deprehensi
1119 3311 1517 3395 inpudentia,
1553 3333 1681 3396 qua
1709 3314 2059 3397 superabat
2089 3315 2321 3398 omnis,
2350 3332 2404 3373 ⁸5

192 3413 261 3459 12
299 3399 787 3484 inprobitasque
844 3399 1095 3465 defecit.
1157 3397 1536 3464 Volturcius
1583 3421 1736 3464 vero
1792 3402 2008 3466 subito
2061 3402 2322 3468 litteras

297 3486 576 3567 proferri
631 3493 824 3571 atque
880 3487 1116 3572 aperiri
1174 3487 1380 3567 iubet,
1437 3508 1596 3572 quas
1656 3488 1782 3552 sibi
1829 3512 1868 3553 a
1913 3488 2191 3555 Lentulo
2241 3491 2326 3556 ad
