2534 3875
725 220 729 225 ,
787 161 941 219 CAP.
981 168 1157 218 8—10
1193 169 1223 228 s
1261 168 1491 218 21-25,
2011 164 2146 229 439

119 325 298 368 meae
345 304 510 370 satis
557 309 784 389 gratus
828 305 1173 390 iudicarer,
1232 312 1457 372 tamen
1500 307 1807 393 exiguum
1854 309 2145 392 reliquae

117 393 291 457 vitae
336 396 596 478 tempus
640 414 775 457 11011
820 394 1012 459 1110ᾶο
1061 395 1144 458 ad
1189 395 1625 478 referendam,
1670 417 1897 460 verum
1943 397 2145 462 etiam

119 483 201 545 ad
256 481 886 546 commemorandam
943 483 1227 567 gratiam
1276 483 1437 547 mihi
1482 484 1782 548 relictum
1828 488 2143 568 putarem.

119 567 389 644 Quando
439 569 610 633 enim
657 590 779 654 ego
826 570 975 635 huic
1020 570 1272 634 homini
1308 593 1384 636 ac
1420 572 1645 636 liberis
1682 572 1837 656 eiuS,
1884 573 2141 656 quando

55 674 85 716 5
119 678 339 721 omnes
386 658 514 722 mei
559 658 842 742 gratiam
886 658 1212 724 referent?
1260 680 1425 742 quae
1462 660 1794 744 memoria,
1841 681 2005 743 quae
2043 660 2142 726 vis

115 745 390 828 ingenii,
455 767 620 829 quae
683 746 1066 830 magnitudo
1132 746 1585 812 observantiae
1647 751 1750 813 tot
1811 748 2141 832 tantisque

116 833 447 897 beneficiis
484 833 874 918 respondere
911 834 1203 918 poterit?
1250 835 1362 918 qui
1396 835 1559 900 mihi
1595 836 1844 920 primus
1882 836 2140 901 adflicto

117 925 186 985 et
231 921 467 986 iacenti
513 922 920 986 consularem
965 923 1158 987 fidem
1206 923 1629 1007 dextramque
1672 924 1981 1008 porrexit,
2028 924 2143 1008 qui

116 1030 222 1072 me
279 1030 318 1072 a
369 1012 580 1074 morte
637 1009 716 1074 ad
772 1010 1008 1094 vitam,
1063 1033 1102 1075 a
1157 1011 1607 1096 desperatione
1664 1013 1745 1076 ad
1793 1034 2000 1096 spem,
2056 1012 2139 1076 ab

57 1115 88 1155 o
119 1096 316 1161 exitio
381 1097 464 1161 ad
531 1098 806 1162 salutem
859 1099 1140 1178 vocavit,
1210 1099 1323 1183 9111
1376 1102 1564 1164 tanto
1621 1121 1841 1164 amore
1893 1101 1963 1164 in
2017 1122 2141 1182 me,

115 1184 334 1249 studio
379 1185 449 1249 in
484 1207 623 1250 rem
667 1185 998 1270 publicam
1041 1186 1190 1270 fuit,
1231 1190 1309 1250 ut
1354 1187 1772 1271 excogitaret,
1820 1209 2008 1272 quem
2057 1188 2141 1252 ad

116 1273 380 1338 modum
447 1273 887 1338 calamitatem
951 1297 1164 1338 meam
1224 1296 1361 1339 non
1421 1275 1615 1340 modo
1679 1277 1953 1358 levaret,
2027 1275 2140 1340 sed

117 1361 317 1425 etiam
388 1361 782 1426 honestaret.
893 1360 1060 1437 Quid
1123 1362 1296 1426 enim
1364 1363 1910 1448 magnificentius,
1985 1364 2138 1448 quid

114 1449 512 1532 praeclarius
565 1449 730 1513 mihi
784 1450 1070 1515 accidere
1115 1450 1361 1533 potuit,
1417 1473 1610 1535 quam
1660 1452 1832 1534 quod
1876 1453 1994 1516 illo
2039 1475 2139 1517 re-

54 1554 84 1596 5
116 1537 365 1602 ferente
409 1558 527 1602 vos
573 1538 976 1616 decrevistis,
1030 1542 1104 1602 ut
1151 1539 1368 1603 cuncti
1413 1561 1491 1603 ex
1536 1541 1713 1604 omni
1757 1539 1980 1622 Italia,
2028 1540 2141 1623 qui

114 1647 256 1689 rem
301 1626 634 1709 publicam
680 1627 932 1690 salvam
978 1626 1240 1709 vellent,
1288 1627 1369 1691 ad
1406 1648 1509 1690 me
1543 1649 1762 1710 unum,
1806 1627 2139 1692 hominem

111 1714 397 1779 fractum
453 1718 519 1778 et
572 1735 774 1798 prope
830 1713 1242 1798 dissipatum,
1296 1715 1771 1779 restituendum
1817 1719 1884 1780 et
1929 1716 2139 1780 defen-

114 1801 397 1867 dendum
431 1802 745 1886 venirent,
780 1805 874 1884 ut,
913 1824 1041 1887 qua
1064 1824 1222 1867 voce
1259 1806 1362 1866 ter
1390 1803 1653 1867 omnino
1679 1808 1835 1888 post
1861 1802 2139 1868 Romam

113 1890 444 1955 conditam
497 1890 724 1956 consul
777 1912 932 1955 usus
989 1893 1160 1955 esset
1217 1912 1339 1975 pro
1393 1890 1693 1955 universa
1749 1913 1819 1955 re
1875 1891 2139 1976 publica

56 1997 84 2036 o
113 1978 292 2062 apud
355 2000 466 2043 eos
531 1979 763 2057 solum,
830 1980 942 2062 qui
1001 1978 1137 2044 eius
1198 2001 1425 2044 vocem
1490 1980 1790 2044 exaudire
1853 1984 2138 2065 possent,

111 2066 342 2131 eadem
405 2088 562 2131 voce
625 2070 886 2131 senatus
950 2069 1150 2133 omnis
1211 2088 1289 2131 ex
1351 2067 1651 2132 omnibus
1709 2068 1887 2153 agris
1943 2072 2138 2152 atque

113 2154 376 2239 oppidis
431 2155 590 2220 civis
643 2158 980 2238 totamque
1031 2154 1298 2219 Italiam
1344 2155 1428 2219 ad
1471 2156 1663 2220 unius
1710 2156 1986 2220 salutem
2036 2156 2138 2219 de-

109 2241 503 2307 fendendam
541 2243 898 2307 excitaret?
963 2242 1131 2318 Quid
1170 2264 1292 2327 ego
1331 2243 1681 2328 gloriosius
1720 2245 1881 2307 meis
1918 2248 2135 2327 poste—
2159 2222 2243 2348 122

108 2331 206 2394 ris
279 2332 468 2415 potui
531 2330 895 2414 relinquere
960 2352 1156 2413 quam
1223 2331 1375 2415 hoc,
1438 2334 1739 2396 senatum
1800 2332 2137 2415 iudicasse,

57 2435 80 2477 5
113 2419 231 2502 qui
276 2418 435 2483 civis
483 2440 586 2483 me
633 2440 764 2483 non
812 2418 1222 2502 defendisset,
1267 2442 1415 2484 eum
1461 2442 1599 2484 rem
1644 2420 1974 2504 publicam
2014 2421 2137 2484 sal-

109 2528 265 2571 vam
290 2507 622 2571 noluisse?
685 2506 917 2591 Itaque
944 2510 1199 2571 tantum
1230 2515 1451 2571 vestra
1475 2508 1850 2588 auctoritaS,
1878 2512 2137 2573 tantum

108 2594 354 2658 eximia
390 2594 672 2660 consulis
710 2595 993 2679 dignitas
1029 2595 1254 2675 valuit,
1300 2599 1376 2659 ut
1411 2595 1683 2661 dedecus
1718 2602 1778 2661 et
1808 2596 2134 2680 flagitium

109 2704 180 2746 se
239 2682 645 2747 committere
690 2686 980 2767 putaret,
1036 2683 1093 2746 si
1139 2683 1252 2767 qui
1295 2704 1429 2747 non
1473 2684 1741 2748 veniret.
1826 2683 2135 2768 Idemque

107 2771 366 2854 consul,
440 2793 585 2835 cum
656 2771 773 2835 illa
842 2770 1240 2836 incredibilis
1312 2772 1663 2837 multitudo
1726 2772 2005 2837 Romam
2069 2777 2136 2836 et

57 2876 78 2915 ³
104 2880 316 2941 paene
377 2857 574 2923 Italia
644 2858 792 2942 ipsa
861 2859 1173 2942 venisset,
1242 2881 1363 2923 vos
1432 2860 1993 2944 frequentissimos
2064 2860 2135 2923 in

105 2946 512 3029 Capitolium
567 2948 968 3011 convocavit.
1059 2945 1199 3022 Quo
1255 2950 1576 3032 tempore,
1631 2952 1945 3033 quantam
1999 2947 2136 3012 vim

101 3038 388 3099 naturae
432 3034 696 3099 bonitas
740 3034 1013 3099 haberet
1057 3038 1124 3099 et
1166 3056 1326 3099 vera
1367 3037 1707 3119 nobilitas,
1753 3036 2134 3118 intellegere

100 3122 440 3207 potuistis,
548 3121 719 3187 Nam
787 3121 859 3198 Q.
914 3121 1218 3187 Metellus
1229 3174 1248 3207 ,
1314 3127 1380 3187 et
1443 3124 1741 3188 inimicus
1802 3126 1867 3186 et
1929 3122 2128 3186 frater

100 3211 378 3289 inimici,
422 3214 764 3295 perspecta
799 3214 1021 3275 vestra
1056 3212 1395 3275 voluntate
1434 3212 1653 3276 omnia
1688 3211 1949 3296 privata
1985 3210 2137 3275 odia

59 3299 440 3384 &deposuit3
489 3320 680 3382 quem
717 3298 786 3361 P.
816 3296 1149 3382 ServiliuS,
1193 3300 1295 3364 vir
1341 3321 1487 3364 cum
1525 3299 1947 3382 clarissimus,
1992 3303 2135 3363 tum

101 3408 264 3452 vero
315 3386 601 3471 optimus
649 3386 936 3470 mihique
985 3386 1443 3468 amicissimus,
1499 3391 1567 3451 et
1612 3386 2021 3452 auctoritati·
2068 3391 2137 3451 et

99 3474 426 3540 orationis
473 3497 629 3540 suae
676 3474 896 3539 divina
943 3476 1224 3560 quadam
1259 3475 1585 3561 gravitate
1623 3475 1705 3539 ad
1742 3476 1842 3539 sui
1880 3476 2136 3563 generis
