2534 3875
344 201 476 266 320
908 197 1053 252 PRO
1091 198 1153 253 L.
1193 195 1512 252 MURENA
1551 195 1844 251 ORATIO.

238 365 306 414 47
344 343 648 430 petitioni
695 364 847 407 vero
897 341 1229 426 refragata
1277 344 1394 406 est.
1458 341 1678 406 Poena
1715 340 1980 426 gravior
2015 340 2085 404 in
2121 341 2384 424 plebem

344 438 461 498 tua
524 453 679 496 voce
746 431 1109 516 efflagitata
1174 433 1302 510 est3
1366 430 1679 494 commoti
1733 429 1937 494 animi
1993 429 2386 494 tenuiorum.

344 521 633 587 Exilium
678 519 749 584 in
791 527 1090 584 nostrum
1130 517 1450 600 ordinem3
1499 518 1820 583 concessit
1857 521 2122 582 senatus
2160 522 2387 601 postu-

346 610 580 674 lationi
626 612 795 690 tuae,
844 606 954 672 sed
999 628 1133 672 non
1178 606 1461 671 libenter
1508 605 1836 671 duriorem
1871 605 2175 671 fortunae
2213 628 2387 672 com-

348 698 529 762 muni
574 695 1017 762 condicionem
1064 699 1131 761 te
1178 693 1442 760 auctore
1492 695 1850 759 constituit.
1933 693 2150 759 Morbi
2197 715 2388 760 excu-
2413 717 2436 756 ⁵

350 785 587 851 sationi
642 806 852 868 poena
912 783 1131 848 addita
1178 787 1306 866 est3
1360 783 1668 848 1011161166
1715 783 1961 848 offensa
2006 783 2390 864 multorum,

351 875 587 958 quibus
634 877 750 938 aut
795 875 1029 937 contra
1064 871 1457 936 valetudinis
1497 871 1910 937 commodum
1945 872 2390 938 laborandum

352 967 453 1034 est
508 964 621 1026 aut
674 959 1084 1025 incommodo
1142 960 1356 1025 morbi
1413 961 1611 1025 etiam
1667 960 1864 1025 ceteri
1910 960 2085 1024 vitae
2131 959 2387 1025 fructus

349 1049 776 1134 relinquendi.
878 1047 1047 1124 Quid
1112 1050 1314 1132 ergo?
1377 1047 1538 1114 haec
1603 1049 1748 1132 quis
1811 1049 2012 1114 tulit?
2111 1047 2206 1132 Is,
2281 1049 2391 1135 qui

353 1137 733 1204 auctoritati
780 1140 1073 1216 senatus,
1127 1137 1460 1202 voluntati
1505 1141 1657 1201 tuae
1703 1137 1950 1221 paruit,
2007 1137 2288 1222 denique
2335 1138 2456 1202 ism

350 1227 533 1310 16111,
586 1225 689 1290 661
744 1224 1008 1289 minime
1054 1225 1424 1309 proderant.
1515 1223 1668 1309 Illa,
1724 1247 1888 1310 quae
1935 1247 2082 1290 mea
2129 1247 2390 1290 summa

352 1315 693 1380 voluntate
742 1317 1009 1378 senatus
1054 1315 1359 1398 frequens
1397 1313 1784 1398 repudiavit,
1831 1313 2247 1380 mediocriter
2288 1315 2390 1380 ad-

352 1406 612 1468 versata
644 1402 769 1467 tibi
808 1424 947 1468 esse
985 1403 1367 1468 existimas?
1425 1400 1884 1466 Confusionem
1923 1403 2390 1488 suffragiorum

352 1491 698 1576 flagitasti,
751 1491 1280 1576 perrogationem
1325 1489 1488 1575 legis
1535 1489 1870 1573 Maniliae,
1928 1491 2390 1575 aequationem

356 1580 631 1666 gratiae,
697 1579 1065 1663 dignitatis,
1130 1579 1609 1664 suffragiorum.
1721 1576 2025 1644 Graviter
2087 1580 2387 1646 homines
2413 1598 2454 1639 15

354 1668 613 1734 honesti
668 1671 866 1752 atque
911 1667 982 1732 16
1028 1669 1163 1732 6616
1211 1667 1659 1732 vicinitatibus
1708 1671 1774 1732 et
1819 1667 2192 1752 municipiis
2245 1691 2388 1755 gra-

354 1757 510 1822 tiosi
557 1756 853 1821 tulerunt
899 1779 938 1820 a
984 1757 1106 1820 tali
1152 1755 1294 1820 viro
1341 1777 1482 1820 6666
1519 1759 1903 1841 pugnatum,
1941 1760 2016 1821 ut
2055 1778 2287 1822 omnes
2329 1761 2390 1821 et

358 1845 699 1931 dignitatis
755 1847 821 1908 et
879 1845 1132 1930 gratiae
1189 1844 1430 1928 gradus
1479 1845 1883 1909 tollerentur.
1973 1845 2156 1909 Idem
2206 1845 2389 1910 editi·

346 1934 491 1999 cios
530 1932 772 2000 iudices
812 1955 953 1997 esse
991 1931 1278 2017 voluisti,
1325 1938 1399 1998 ut
1437 1933 1586 1998 odia
1624 1935 1879 1999 occulta
1917 1933 2175 2018 61116111,
2224 1956 2387 2019 quae
2518 1994 2519 2017 ff

356 2022 575 2087 tacitis
621 2044 793 2086 116116
841 2021 1177 2087 discordiis
1226 2022 1661 2105 continentur,
1704 2023 1774 2085 in
1818 2022 2116 2087 fortunas
2156 2024 2387 2107 optimi
2414 2041 2457 2081 20

249 2130 319 2181 48
358 2112 668 2212 cuiusque
752 2114 1178 2195 erumperent
1297 2108 1478 2174 Haec
1555 2110 1773 2175 omnia
1844 2110 1969 2175 tibi
2043 2112 2388 2217 accusandi

356 2200 531 2265 viam
577 2198 983 2282 muniebant,
1030 2198 1426 2283 adipiscendi
1473 2198 1958 2299 obsaepiebant.

252 2289 367 2358 (48)
505 2288 723 2371 Atque
772 2308 847 2351 ex
896 2287 1196 2353 omnibus
1242 2287 1362 2351 illa
1407 2288 1604 2371 plaga
1650 2290 1750 2351 est
1795 2284 2034 2353 1616616
2079 2288 2389 2373 petitioni

360 2382 511 2442 tuae
557 2398 687 2441 non
734 2378 992 2440 tacente
1038 2397 1141 2439 me
1188 2376 1499 2459 maxima,
1555 2376 1632 2439 de
1681 2397 1810 2459 qua
1856 2376 1938 2442 ab
1985 2377 2252 2442 homine
2299 2378 2388 2441 in-

360 2464 812 2550 geniosissimo
861 2467 927 2527 et
964 2464 1432 2548 copiosissimo,
1483 2462 1553 2543 Q.
1581 2463 1956 2548 HortensiO,
1995 2466 2207 2529 multa
2243 2486 2385 2551 gra·
2411 2481 2455 2523 25

360 2553 625 2617 vissime
673 2552 846 2618 dicta
894 2556 1062 2616 6661.
1154 2549 1295 2626 Quo
1343 2553 1539 2616 etiam
1586 2552 1749 2617 mihi
1795 2552 2014 2618 durior
2060 2553 2244 2619 locus
2293 2556 2390 2618 est

362 2641 613 2705 dicendi
660 2640 867 2721 116166,
914 2644 1005 2724 611,
1052 2662 1198 2705 cum
1244 2644 1396 2705 ante
1435 2662 1537 2704 me
1586 2644 1651 2704 et
1695 2641 1806 2705 ille
1853 2642 2126 2706 dixisset
2173 2646 2241 2707 et
2290 2641 2389 2707 vir

364 2750 617 2793 summa
663 2728 985 2813 dignitate
1033 2732 1100 2791 et
1145 2728 1488 2813 diligentia
1528 2732 1592 2793 et
1628 2722 1944 2795 facultate
1983 2730 2255 2815 dicendi,
2302 2726 2386 2795 Μ.

362 2815 654 2899 Crassus,
702 2836 824 2901 ego
869 2815 940 2879 16
987 2820 1275 2882 extremo
1321 2839 1454 2882 non
1497 2820 1753 2901 partem
1799 2819 2084 2903 aliquam
2124 2840 2386 2905 agerem

364 2925 623 2988 causae,
679 2904 792 2968 sed
840 2904 917 2968 de
962 2908 1105 2969 tota
1150 2928 1219 2969 re
1267 2906 1571 2990 dicerem,
1618 2906 1788 2989 quod
1835 2908 1996 2972 mihi
2042 2905 2384 2973 videretur.
2411 2922 2457 2964 ³⁰

362 2993 593 3077 Itaque
638 2992 709 3056 in
753 2992 958 3056 isdem
1004 2993 1197 3057 rebus
1242 2992 1380 3059 fere
1427 3016 1648 3059 versor
1694 2998 1787 3077 et,
1843 2995 2055 3079 quoad
2100 3018 2385 3081 possum,

259 3081 631 3165 2411161663,
687 3102 953 3146 0666110
999 3085 1254 3147 1661166
1303 3082 1613 3147 satietati
1705 3081 1830 3148 Sed
1876 3088 2122 3168 tamen,
2185 3082 2383 3165 Servi,

366 3192 563 3254 quam
617 3174 685 3234 te
746 3169 1021 3235 securim
1077 3175 1269 3256 putas
1315 3171 1610 3235 iniecisse
1659 3173 1963 3256 petitioni
2007 3178 2383 3255 11666,6616

364 3259 677 3343 populum
724 3258 1089 3323 Romanum
1133 3258 1203 3323 in
1248 3281 1394 3323 eum
1442 3264 1689 3324 metum
1737 3260 2080 3346 adduxisti,
2128 3264 2202 3325 ut
2245 3282 2383 3344 per-

365 3348 765 3431 timesceret,
820 3370 902 3412 ne
948 3348 1174 3413 consul
1222 3346 1506 3413 Catilina
1547 3349 1664 3412 fiei
1669 3352 1761 3434 et
1817 3349 1970 3414 dum
2014 3354 2088 3415 tu
2135 3370 2382 3415 accusa·
2407 3361 2452 3404 8⁵

365 3435 613 3500 tionem
669 3456 1078 3538 comparares
1134 3436 1431 3520 deposita
1486 3440 1679 3522 atque
1727 3438 1983 3504 abiecta
2025 3437 2382 3524 petitione?

259 3538 327 3585 49
365 3522 630 3587 Etenim
674 3528 741 3587 te
786 3524 1113 3609 inquirere
1158 3525 1484 3609 videbant,
1528 3526 1842 3591 tristem
1823 3550 2056 3613 ipsum,
2103 3530 2379 3593 maestos
