2534 3875
342 179 427 242 10
914 176 1060 233 PRO
1096 177 1173 232 M.
1210 175 1474 231 TULLIO
1513 173 1803 232 ORATIO.

338 321 517 405 dere,
562 324 746 385 tuam
790 321 1118 386 familiam
1162 341 1299 385 non
1341 319 1603 404 fecisse,
1650 320 1970 402 vinceres,
2015 321 2076 384 si
2121 318 2193 384 id
2238 342 2381 405 pro-

336 410 495 474 bare
531 411 878 495 potuisses,
952 408 1160 493 Nunc,
1207 408 1345 474 sive
1371 408 1497 473 illa
1524 408 1899 474 defensione
1925 407 2026 472 uti
2053 408 2379 472 voluisses

339 500 475 566 sive
533 499 683 582 hac,
746 520 874 582 qua
931 498 1164 580 uteris,
1224 496 1674 562 condemneris
1731 517 1996 567 necesse
2057 499 2188 580 est3
2253 496 2380 560 nisi

339 591 649 672 putamus
690 607 839 650 eum
875 586 947 649 in
986 584 1295 651 iudicium
1331 585 1569 669 venire,
1607 585 1722 668 qui
1755 583 2104 650 consilium
2141 583 2378 667 inierit,

340 674 557 759 illum,
624 676 734 759 qui
793 673 1051 757 fecerit,
1113 695 1248 738 non
1305 673 1552 755 venire,
1615 694 1763 738 cum
1824 671 2175 736 consilium
2241 672 2414 737 sines

338 763 517 828 facto
562 761 861 848 intellegi
905 761 1136 847 possit,
1180 759 1429 826 factum
1467 760 1606 825 sine
1650 759 1927 825 consilio
1969 781 2106 826 non
2153 761 2378 844 possit.

340 854 476 935 An,
525 849 698 934 quod
742 849 991 914 factum
1036 849 1176 914 eius
1225 848 1402 914 modi
1450 854 1578 933 est,
1623 853 1699 913 ut
1743 849 1882 914 sine
1928 849 2192 914 occulto
2239 869 2379 913 con·

342 939 522 1023 silio,
580 938 719 1002 sine
773 941 993 1022 nocte,
1052 937 1192 1002 sine
1246 937 1340 1020 vi,
1395 937 1534 1002 sine
1590 936 1826 1001 damno
1877 935 2187 1020 alterius,
2243 937 2378 1001 sine
2494 967 2495 1026 ἢ

340 1029 560 1110 armiS,
606 1026 747 1091 sine
783 1025 995 1110 caede,
1042 1025 1181 1090 sine
1226 1025 1548 1090 maleficio
1595 1024 1735 1090 fieri
1781 1045 1917 1090 non
1959 1024 2274 1110 potuerit,
2317 1024 2379 1088 id
2494 1045 2495 1082 ι

233 1128 301 1178 33
342 1115 483 1179 sine
558 1114 708 1179 dolo
783 1115 957 1180 malo
1031 1113 1280 1179 factum
1353 1113 1791 1178 iudicabitur?
1899 1111 2034 1196 An,
2110 1135 2246 1196 qua
2315 1113 2442 1176 inm
2493 1085 2495 1154 Ι

203 1223 207 1228 ·
340 1225 411 1268 re
456 1206 724 1287 praetor
769 1203 868 1267 illi
922 1202 1293 1285 improbam
1339 1201 1780 1267 defensionem
1826 1201 1975 1266 tolli
2018 1201 2264 1284 voluit,
2317 1201 2382 1264 in

342 1313 419 1355 ea
476 1311 548 1356 re
606 1290 769 1354 mihi
830 1289 1263 1355 difficiliorem
1325 1289 1650 1356 actionem
1703 1288 1948 1354 factam
2009 1288 2379 1373 putabitis?

239 1373 323 1437 14
342 1378 469 1444 Hic
525 1378 686 1442 mihi
731 1379 846 1443 isti
891 1377 1212 1464 singulari
1256 1377 1520 1463 ingenio
1573 1377 1876 1443 videntur
1929 1398 2072 1446 esse
2081 1397 2116 1460 ,·
2157 1378 2280 1461 qui
2321 1381 2382 1442 et

341 1467 433 1547 id,
496 1467 667 1551 quod
722 1467 886 1532 mihi
941 1470 1169 1531 contra
1222 1465 1372 1531 illos
1420 1467 1644 1530 datum
1691 1469 1819 1548 est,
1872 1466 2001 1551 ipsi
2047 1465 2386 1550 adripiunt
2494 1465 2495 1496 ³

343 1559 411 1621 et
456 1555 724 1639 scopulo
772 1559 967 1639 atque
1015 1554 1187 1619 saxis
1232 1575 1354 1639 pro
1402 1558 1602 1640 portu
1638 1555 2050 1638 stationeque
2085 1557 2385 1619 utuntur.
2410 1568 2449 1609 15
2494 1557 2495 1598 ῑ

341 1642 515 1708 Nam
574 1644 645 1708 in
706 1643 857 1708 dolo
918 1644 1096 1708 malo
1154 1643 1386 1707 volunt
1445 1642 1835 1725 delitiscere,
1895 1641 1967 1706 in
2026 1664 2187 1727 qu0‚
2255 1664 2388 1707 non
2494 1679 2495 1692 2

342 1732 535 1798 modo
584 1755 731 1798 cum
779 1731 999 1797 omnia
1043 1731 1172 1814 ipsi
1216 1729 1539 1814 fecerunt,
1587 1751 1756 1815 quae,
1794 1730 2108 1813 fatentur,
2153 1748 2386 1795 verum

344 1820 543 1885 etiam
582 1820 639 1884 si
674 1841 793 1905 per
830 1820 995 1884 alios
1032 1818 1097 1883 id
1132 1818 1459 1902 fecissent,
1493 1819 1838 1883 haererent
1873 1841 1949 1884 ac
1983 1822 2387 1884 tenerentur.

236 1923 306 1973 34
342 1908 491 1994 Ego
538 1929 672 1973 non
715 1908 787 1973 in
830 1929 961 1973 una
1005 1929 1075 1972 re
1122 1907 1294 1992 sola,
1340 1906 1514 1993 quod
1559 1906 1723 1972 mihi
1767 1905 1928 1972 satis
1989 1909 2116 1989 est,
2169 1927 2386 1991 neque
2494 1958 2495 1961 η

342 1998 413 2061 in
457 1996 765 2061 universa
809 2017 881 2061 re
928 1997 1160 2079 solum,
1207 1996 1380 2081 quod
1426 1995 1590 2061 mihi
1637 1994 1799 2061 satis
1837 1999 1958 2079 est,
2004 1994 2122 2059 sed
2157 1995 2387 2081 sing-il·
2411 2012 2454 2051 2⁰
2494 2068 2495 2075 ἵ

342 2084 535 2149 latim
594 2084 665 2148 in
724 2083 1027 2149 omnibus
1090 2083 1314 2149 dolum
1373 2084 1621 2149 malum
1681 2088 1902 2148 extare
1957 2082 2120 2149 dico.
2215 2082 2389 2149 Con-

344 2172 565 2238 silium
622 2172 917 2257 capiunt,
971 2176 1047 2237 ut
1101 2172 1183 2237 ad
1238 2193 1464 2237 servos
1510 2170 1596 2237 M.
1642 2171 1821 2237 Tulli
1873 2173 2170 2256 veniant3
2229 2172 2386 2237 dolo

343 2261 520 2326 malo
558 2260 826 2327 faciunt.
890 2260 1099 2325 Arma
1136 2261 1427 2345 capiunt3
1466 2260 1618 2326 dolo
1653 2259 1831 2325 malo
1859 2259 2125 2325 faciunt.
2189 2260 2384 2326 Tem-

342 2371 469 2433 pus
516 2349 599 2414 ad
642 2348 1081 2413 insidiandum
1128 2353 1325 2433 atque
1370 2349 1710 2415 celandum
1755 2348 2059 2413 idoneum
2095 2347 2387 2433 eligunt,

348 2438 495 2502 dolo
544 2438 720 2501 malo
765 2437 1032 2502 faciunt.
1115 2436 1202 2501 Vi
1246 2436 1318 2501 in
1361 2441 1609 2503 tectum
1653 2436 1950 2519 inruunt3
2003 2436 2073 2499 in
2119 2436 2274 2521 ipsa
2317 2439 2386 2503 vi
2413 2452 2458 2492 25

347 2525 534 2591 dolus
599 2530 719 2590 est.
823 2524 1141 2591 Occidunt
1200 2524 1529 2609 homineS,
1592 2529 1840 2591 tectum
1905 2524 2198 2608 diruunt3
2266 2548 2389 2590 nee

344 2614 544 2679 homo
610 2613 815 2677 occidi
880 2636 999 2680 nec
1058 2614 1356 2679 consulto
1417 2613 1609 2678 alteri
1667 2613 1976 2677 damnum
2037 2612 2180 2677 dari
2241 2617 2388 2678 sine
2494 2654 2495 2673 1

348 2701 498 2765 dolo
559 2701 734 2765 malo
791 2706 1029 2788 potest.
1118 2701 1304 2787 Ergo.
1358 2701 1416 2766 si
1447 2723 1697 2767 omnes
1751 2705 1974 2786 partes
2030 2704 2186 2767 sunt
2243 2702 2388 2766 eius
2494 2760 2495 2767 ,

348 2788 552 2872 modi,
596 2792 673 2853 ut
716 2788 787 2853 in
832 2790 1111 2875 singulis
1160 2789 1350 2854 dolus
1397 2790 1610 2855 malus
1655 2790 1950 2873 haereat,
2004 2792 2390 2854 universam
2494 2810 2495 2815 ¹

244 2926 327 2989 15
347 2899 488 2942 rem
516 2881 583 2941 et
610 2880 825 2942 totum
852 2878 1105 2943 facinus
1135 2878 1275 2943 sine
1303 2878 1453 2943 dolo
1484 2878 1656 2944 malo
1683 2878 1932 2942 factum
1959 2876 2386 2943 iudicabitis?
2413 2894 2459 2934 30

240 3004 311 3052 36
481 2963 648 3041 Quid
705 2965 787 3031 ad
840 2967 1000 3031 haec
1055 2964 1437 3042 Quinctius?
1527 2962 1696 3031 Sane
1747 2965 1916 3030 nihil
1971 2970 2222 3031 certum
2279 2988 2390 3031 ne·

350 3076 471 3137 que
534 3076 762 3138 unum,
829 3054 902 3119 in
959 3076 1089 3139 quo
1148 3076 1284 3120 non
1341 3054 1534 3119 modo
1598 3054 1838 3140 possit,
1899 3076 2129 3119 verum
2191 3060 2390 3140 putet

350 3164 420 3206 se
465 3164 655 3225 posse
702 3142 1074 3208 consistere.
1158 3142 1453 3208 Primum
1498 3142 1671 3207 enim
1715 3141 1884 3207 illud
1927 3142 2170 3227 iniecit,
2211 3143 2387 3208 nihil

347 3251 539 3314 posse
588 3231 739 3295 dolo
787 3231 961 3296 malo
1006 3230 1299 3295 familiae
1345 3230 1503 3295 fieri.
1597 3231 1740 3296 Hoc
1793 3232 1937 3295 loco
1983 3252 2117 3296 non
2165 3231 2388 3296 solum

346 3318 503 3383 fecit
558 3322 632 3382 ut
692 3318 1063 3384 defenderet
1116 3317 1420 3401 Fabium,
1486 3317 1600 3406 sed
1663 3323 1738 3383 ut
1791 3319 2055 3384 omnino
2111 3319 2387 3385 huiusce
2415 3334 2458 3377 3⁵

350 3405 525 3469 modi
560 3405 801 3471 iudicia
836 3406 1242 3471 dissolveret.
1315 3406 1490 3472 Nam
1528 3406 1587 3471 si
1621 3406 1802 3471 venit
1845 3406 1911 3471 id
1956 3407 2027 3471 in
2070 3406 2390 3473 iudicium

350 3492 427 3556 de
471 3493 738 3577 familia,
786 3493 957 3577 quod
1003 3492 1266 3558 omnino
1313 3493 1566 3559 familia
1608 3495 1793 3559 nulla
1829 3498 2051 3582 potest
2088 3497 2392 3563 commit-
