2534 3875
763 156 916 211 CAP.
955 162 1168 211 28—30
1205 162 1235 221 ξ
1276 161 1502 212 77—-82,
2028 158 2150 221 131

238 300 474 385 Neque
522 322 630 365 me
673 300 968 385 paenitet
1017 300 1143 365 hoc
1187 303 1483 384 tempore
1527 302 1747 384 potius
1794 324 1989 385 quam
2036 302 2153 366 illo
2192 319 2261 369 80

112 412 380 456 causam
418 388 500 453 A.
523 386 784 453 Cluenti
813 388 1171 453 defendere.
1219 385 1432 453 Causa
1461 389 1631 453 enim
1659 394 1882 455 manet
1912 390 2157 473 eadem,

110 500 278 561 quae
344 478 592 542 mutari
654 477 840 542 nullo
905 476 1098 541 modo
1161 480 1408 560 potest,
1471 477 1785 561 temporis
1842 478 2154 562 iniquitas

111 571 312 649 atque
356 565 607 630 invidia
649 565 947 647 recessit,
992 568 1086 644 ut,
1133 563 1305 647 quod
1348 564 1420 628 in
1463 569 1759 649 tempore
1806 566 1966 630 mali
2008 564 2155 649 fuit,

71 654 279 719 5nihil
339 653 543 737 obsit,
601 653 774 737 quod
827 653 897 715 in
949 674 1144 717 causa
1193 652 1346 717 boni
1391 652 1543 735 fuit,
1605 655 1831 737 prosit.
1922 653 2153 737 Itaque

107 765 284 807 nunc
343 764 538 825 quem
595 740 677 805 ad
733 741 999 807 modum
1045 740 1300 823 audiar,
1356 741 1595 825 sentio,
1648 764 1781 806 non
1829 742 2020 806 modo
2069 742 2152 806 ab

107 832 218 913 iis,
289 852 569 914 quorum
625 829 930 893 iudicium
989 850 1064 892 ac
1118 832 1415 911 potestas
1465 833 1599 914 est,
1654 830 1764 894 sed
1823 830 2022 894 etiam
2068 830 2152 893 ab

107 920 273 1001 illis,
332 940 611 1001 quorum
665 921 923 981 tantum
971 920 1072 981 est
1118 916 1537 981 existimatio.
1627 919 1721 981 At
1766 923 1909 982 tum
1956 918 2013 982 si
2058 917 2149 981 di-

110 1028 354 1089 cerem,
414 1027 549 1070 non
605 1006 888 1089 audirer,
939 1026 1073 1069 non
1129 1004 1303 1087 quod
1361 1005 1493 1069 alia
1538 1028 1641 1070 res
1691 1010 1896 1089 esset3
1950 1006 2151 1070 immo

57 1112 90 1149 1⁰
111 1096 368 1177 eadem,
440 1094 554 1158 sed
617 1096 875 1176 tempus
936 1092 1128 1157 aliud.
1234 1091 1313 1156 Id
1374 1092 1532 1157 adeo
1600 1094 1693 1158 sic
1758 1096 2149 1179 cognoscite.
2172 1094 2259 1159 30

111 1182 270 1258 Quis
319 1187 462 1246 tum
509 1182 776 1245 auderet
822 1181 1031 1245 dicere
1074 1179 1417 1244 nocentem
1465 1181 1963 1247 condemnatum
2011 1205 2152 1247 esse

111 1270 591 1355 Oppianicum?
666 1269 811 1353 quis
885 1290 1056 1333 nunc
1133 1268 1328 1333 audet
1389 1270 1675 1354 negare?
1785 1271 1945 1346 Quis
2007 1274 2152 1335 tum

109 1363 337 1443 posset
377 1379 652 1443 arguere
701 1358 783 1421 ab
822 1356 1179 1441 Oppianico
1227 1360 1625 1438 temptatum
1663 1379 1803 1422 esse
1841 1359 2151 1423 iudicium

111 1447 432 1531 pecunia?
491 1446 634 1529 quis
691 1445 758 1509 id
812 1444 938 1509 hoc
993 1448 1289 1527 tempore
1343 1445 1616 1509 infitiari
1670 1448 1935 1529 potest?
2030 1445 2153 1511 Cui

55 1552 90 1590 1⁵
112 1543 252 1599 tum
300 1536 528 1599 liceret
573 1534 800 1599 docere
839 1532 1273 1617 Oppianicum
1318 1554 1503 1596 reum
1538 1532 1788 1597 factum
1828 1556 1969 1598 esse
2007 1538 2151 1599 tum

113 1624 419 1707 denique,
484 1644 632 1687 cum
687 1622 937 1686 duobus
995 1621 1327 1704 proxumis
1383 1622 1796 1705 praeiudiciis
1852 1622 2153 1688 condem·

111 1717 306 1776 natus
366 1711 583 1775 esset?
641 1710 786 1794 quis
843 1713 972 1791 est,
1029 1709 1140 1793 qui
1185 1709 1251 1773 id
1296 1709 1421 1773 hoc
1469 1712 1764 1793 tempore
1810 1710 2143 1774 infirmare

113 1799 428 1865 conetur?
499 1798 710 1873 Quare
757 1797 1002 1862 invidia
1046 1799 1319 1881 remota,
1368 1819 1564 1881 quam
1612 1798 1747 1862 dies
1796 1798 2148 1883 mitigavit,
2188 1815 2254 1863 81

114 1888 326 1954 or‘atio
377 1909 524 1952 mea
570 1887 914 1971 deprecata
960 1889 1087 1970 est,
1131 1890 1354 1951 vestra
1398 1885 1557 1951 fides
1606 1890 1804 1971 atque
1853 1886 2149 1971 aequitas

45 1995 90 2032 2⁰
115 2000 152 2042 a
209 1976 514 2042 veritatis
576 1974 1044 2059 disceptatione
1104 1974 1354 2058 reiecit,
1416 1974 1570 2060 quid
1632 1979 1734 2039 est
1792 1981 2151 2060 praeterea,

115 2064 285 2150 quod
322 2065 396 2128 in
441 2085 638 2129 causa
683 2062 1132 2146 relinquatur?

241 2151 596 2218 Versatam
669 2171 810 2216 esse
874 2151 943 2215 in
1005 2150 1242 2216 iudicio
1306 2152 1648 2236 pecuniam
1714 2155 2000 2235 constat3
2076 2174 2153 2216 ea

117 2241 452 2325 quaeritur
494 2238 665 2304 unde
711 2239 1006 2322 profecta
1051 2239 1156 2322 sit,
1203 2240 1288 2303 ab
1336 2244 1711 2304 accusatore
1760 2262 1846 2304 an
1891 2241 1972 2304 ab
2020 2261 2150 2305 reo.

114 2329 290 2394 Dicit
337 2333 680 2394 accusator
723 2328 909 2392 haec:
957 2326 1273 2391 ‘Primum
1321 2328 1727 2412 gravissimis
1767 2328 2149 2392 criminibus

37 2435 90 2474 :25
116 2417 530 2500 accusabam,
583 2420 657 2481 ut
711 2415 878 2480 nihil
939 2437 1102 2500 opus
1149 2419 1323 2480 esset
1368 2416 1668 2500 pecunia3
1725 2416 1952 2480 deinde
2000 2438 2149 2481 con-

38 2549 39 2584 3
117 2507 495 2571 demnatum
561 2504 986 2586 adducebam‚
1048 2509 1123 2568 ut
1184 2526 1268 2568 ne
1326 2504 1488 2587 eripi
1556 2504 1817 2588 quidem
1876 2506 2149 2588 pecunia

114 2599 364 2677 posset3
419 2596 780 2677 postrem0,
835 2592 1094 2656 etiamsi
1155 2593 1493 2657 absolutus
1540 2592 1802 2676 fuisset,
1856 2615 2149 2658 mearum

114 2688 336 2755 tamen
385 2682 675 2747 omnium
719 2680 1133 2744 fortunarum
1179 2683 1392 2745 status
1431 2681 1777 2746 incolumis
1816 2683 2147 2748 maneret.'

117 2769 283 2845 Quid
369 2773 598 2833 contra
670 2769 863 2833 reus?
985 2768 1303 2833 ‘Primum
1376 2770 1589 2853 ipsam
1662 2770 2149 2834 multitudinem

37 2875 94 2916 30
115 2858 462 2923 criminum
526 2861 592 2921 et
646 2857 1058 2922 atrocitatem
1113 2857 1679 2942 pertimescebam3
1746 2859 1976 2923 deinde
2030 2857 2151 2922 Fa-

113 2946 339 3012 briciis
386 2949 657 3030 propter
703 2945 1168 3009 conscientiam
1214 2945 1345 3009 mei
1392 2947 1653 3010 sceleris
1702 2946 2149 3012 condemnatis

38 3087 39 3092 1
114 3057 217 3099 me
273 3055 418 3099 esse
475 3033 972 3098 condemnatum
1029 3033 1418 3118 sentiebam3
1484 3037 1818 3118 postremo
1878 3034 1947 3098 in
2001 3055 2149 3098 eum

115 3145 339 3188 casum
386 3143 710 3203 veneram,
756 3125 830 3184 ut
878 3121 1089 3185 omnis
1137 3143 1429 3185 mearum
1473 3121 1885 3187 fortunarum
1934 3124 2147 3186 status

114 3212 306 3276 unius
354 3209 576 3275 iudicii
623 3209 907 3292 periculo
947 3208 1427 3274 contineretur?

63 3315 92 3355 5
247 3299 416 3385 Age,
463 3297 768 3382 quoniam
813 3297 1267 3382 corrumpendi
1313 3296 1531 3361 iudicii
1568 3319 1796 3362 causas
1833 3297 1948 3360 ille
1986 3295 2148 3360 mul·
2186 3311 2255 3360 82

112 3391 216 3452 tas
265 3393 332 3452 et
379 3386 598 3473 gravis
645 3385 903 3471 habuit,
948 3385 1052 3450 hic
1095 3385 1376 3468 nullam,
1422 3385 1742 3468 profectio
1789 3384 1993 3468 ipsius
2039 3405 2148 3467 pe-

81 3477 343 3542 ·cuniae
425 3473 813 3558 requiratur.
931 3473 1224 3539 Confecit
1306 3473 1569 3536 tabulas
1653 3468 2147 3555 diligentissime

1754 3573 1827 3626 9*
