2534 3875
817 168 974 223 CAP.
1010 174 1138 223 21-
1153 174 1222 223 23
1263 176 1293 235 ἓ
1330 175 1466 225 60-
1474 176 1558 226 65.
2124 174 2211 239 59

159 314 262 376 tor
306 334 524 395 quam
570 311 630 377 si
664 312 911 377 vicinus
960 315 1074 376 aut
1120 311 1400 387 libertus
1445 317 1617 398 tuus,
1662 338 1813 400 non,
1862 316 1919 382 si
1964 318 2209 385 coactis

153 399 549 465 hominibus
607 422 802 485 quam
848 399 905 464 si
951 399 1340 465 voluntariis
1388 405 1503 467 aut
1550 403 1749 468 etiam
1808 405 2087 471 assiduis
2134 428 2210 471 ac

154 488 577 572 domesticis,
631 509 791 572 non,
847 488 904 551 si
962 490 1232 552 armatis
1291 511 1487 573 quam
1544 492 1602 555 si
1657 492 2043 577 inermibus,
2098 494 2210 578 qui

149 577 284 642 vim
334 580 756 642 armatorum
801 576 1120 640 haberent
1165 576 1250 640 ad
1283 578 1664 663 nocendum,
1709 602 1860 664 non,
1909 582 1967 645 si
2008 582 2207 666 pluri-

104 680 126 719 ⁵
149 665 272 730 bus
324 686 539 767 qnam
575 664 636 729 si
671 686 800 729 uno
840 667 1115 728 armato.
1199 663 1446 740 Quibus
1484 667 1659 731 enim
1696 669 1891 733 rebus
1928 669 2207 754 plerum·

149 774 276 836 que
313 753 426 819 vis
467 753 548 817 fit
585 754 723 817 eius
763 751 960 833 modi,
997 772 1110 816 eae
1145 774 1251 816 res
1282 754 1753 853 appellantur
1734 778 1803 820 111
1840 757 2206 823 interdicto.

149 839 219 905 Si
261 864 394 927 per
447 842 612 906 alias
658 862 762 905 res
810 840 1035 905 eadem
1080 838 1258 904 facta
1302 842 1401 906 vis
1450 846 1577 923 est,
1634 865 1711 909 ea
1755 846 2025 910 tametsi
2068 867 2207 910 ver-

147 930 252 995 bis
309 930 662 994 interdicti
712 950 848 994 non
901 928 1333 1028 concluditur,
1388 932 1714 996 sententia
1769 937 1990 998 tamen
2044 933 2205 997 iuris

28 1078 30 1081 ,
149 1024 356 1103 atque
411 1017 808 1083 auctoritate
854 1016 1188 1081 retinetur.

28 1112 30 1119 '
79 1122 122 1162 ιθ
259 1104 546 1171 Venio
549 1127 722 1170 nunc
759 1105 842 1170 ad
885 1104 1052 1169 illud
1086 1108 1303 1171 tuum·
1351 1104 1533 1171 ‘Non
1580 1106 1807 1193 deieci3
1852 1131 1988 1175 non
2033 1110 2205 1175 enim
2227 1087 2313 1214 263

28 1192 30 1213 ²
147 1194 276 1259 sivi
311 1194 647 1260 accedere.
649 1193 670 1221 '
744 1192 915 1257 Puto
954 1197 1020 1257 te
1057 1192 1292 1279 ipsum,
1328 1192 1504 1279 Piso,
1538 1198 1920 1282 perspicere,
1958 1165 2275 1283 quant-,0⁶

145 1282 284 1348 ista
333 1284 436 1348 sit
479 1281 824 1368 angustior
875 1281 1286 1366 iniquiorque
1344 1282 1660 1369 defensio,
1720 1307 1915 1369 quam
1974 1286 2031 1350 si
2084 1286 2204 1351 illa

147 1375 450 1437 uterere·
519 1370 702 1435 ‘Non
752 1370 1019 1435 fuerunt
1074 1370 1338 1450 armati,
1399 1392 1546 1435 cum
1600 1371 1887 1439 fustibus
1943 1378 2011 1437 et
2057 1396 2203 1439 cum

150 1460 336 1525 saxis
388 1458 694 1524 fuerunt?
788 1456 860 1523 Si
915 1458 1281 1524 mehercule
1336 1459 1528 1543 mihi,
1579 1481 1715 1525 non
1770 1461 2033 1547 copioso
2090 1463 2204 1527 ho·

81 1563 125 1605 1⁵
149 1548 322 1612 mini
363 1547 451 1613 ad
488 1546 845 1630 dicendum,
884 1547 1065 1631 optio
1095 1548 1302 1632 detur,
1347 1553 1567 1613 utrum
1596 1549 1823 1615 malim
1862 1549 2202 1615 defendere
2282 1550 2291 1561 '

147 1657 289 1701 non
349 1657 496 1701 esse
553 1634 873 1700 deiectum
929 1656 1106 1716 eum,
1160 1636 1265 1701 cui
1310 1636 1377 1701 vi
1432 1640 1500 1700 et
1554 1637 1753 1701 armis
1805 1637 2202 1739 ingredienti

151 1724 242 1788 sit
305 1746 679 1826 occursum,
743 1745 830 1787 an
885 1726 1174 1787 armatos
1229 1746 1364 1790 non
1427 1723 1630 1789 fuisse
1688 1747 1829 1809 eos,
1894 1724 2007 1809 qui
2062 1726 2202 1790 sine

153 1812 368 1879 scutis
425 1813 691 1896 sineque
750 1810 922 1875 ferro
981 1810 1252 1895 fuerint,
1319 1812 1585 1876 omnino
1642 1812 1727 1877 ad
1790 1812 2203 1897 probandum

149 1906 510 1986 utramque
554 1922 694 1966 rem
738 1899 998 1966 videam
1051 1898 1382 1966 infirmam
1437 1900 1985 1987 nugatoriamque
2042 1922 2203 1986 esse,

83 2005 128 2044 2⁰
155 1991 241 2055 ad
291 1989 640 2055 dicendum
689 1993 906 2054 autem
952 1988 1023 2052 in
1077 1987 1287 2053 altera
1330 1989 1554 2055 videar
1599 1990 1763 2054 mihi
1809 1989 2057 2074 aliquid
2102 2012 2203 2054 re-

151 2079 378 2164 perire
421 2099 635 2162 posse,
679 2098 815 2142 non
858 2075 1060 2140 fuisse
1107 2081 1399 2142 armatos
1446 2099 1584 2156 eos,
1632 2079 1744 2162 qui
1789 2099 1998 2163 neque
2042 2078 2202 2142 ferri

155 2167 511 2252 quicquam
573 2186 784 2250 neque
845 2169 1102 2230 scutum
1165 2165 1374 2231 ullum
1434 2165 1811 2250 habuerint3
1877 2166 1985 2232 hic
2044 2187 2199 2230 vero

151 2254 496 2338 haeream,
561 2254 618 2318 si
671 2253 836 2318 mihi
891 2253 1359 2318 defendendum
1415 2255 1506 2319 sit
1561 2276 1738 2338 eum,
1803 2253 1916 2339 qui
1968 2253 2198 2339 pulsus

152 2343 560 2430 fugatusque
607 2341 713 2425 sit,
757 2363 891 2406 non
936 2363 1077 2405 esse
1125 2341 1462 2408 deiectum.

79 2445 128 2486 ²5
295 2431 517 2515 Atque
566 2429 733 2494 illud
786 2429 856 2494 in
911 2433 1056 2494 tota
1112 2429 1484 2496 defensione
1539 2435 1653 2496 tua
1708 2430 1872 2495 mihi
1917 2429 2198 2494 maxime
2237 2445 2306 2497 65

155 2519 402 2584 mirum
449 2519 810 2602 videbatur,
855 2521 921 2582 te
969 2518 1179 2583 dicere
1225 2518 1387 2583 iuris
1430 2519 1877 2585 consultorum
1924 2519 2201 2584 auctori·

155 2609 290 2672 tati
326 2605 769 2692 optemperari
804 2628 940 2670 non
975 2609 1291 2691 oportere.
1375 2605 1562 2682 Quod
1600 2628 1722 2694 ego
1761 2606 2030 2672 tametsi
2066 2628 2200 2671 non

153 2717 332 2760 nunc
377 2695 660 2780 primum
697 2715 905 2777 neque
949 2694 1020 2758 in
1065 2694 1190 2761 hac
1227 2716 1425 2760 causa
1462 2696 1676 2760 solum
1718 2695 1931 2778 audi0,
1977 2698 2201 2759 tamen

158 2784 513 2848 admodum
569 2783 888 2866 mirabar,
952 2783 1070 2847 abs
1124 2787 1191 2847 te
1258 2805 1454 2866 quam
1510 2785 1595 2849 ob
1656 2805 1794 2848 rem
1860 2783 2199 2848 diceretur.

81 2886 131 2926 ³⁰
157 2870 337 2936 Nam
378 2871 582 2937 'ceteri
624 2875 767 2935 tum
815 2870 898 2936 ad
951 2868 1152 2935 istam
1207 2872 1570 2936 orationem
1618 2871 1994 2956 decurrunt,
2050 2893 2198 2937 cum

158 2981 230 3025 se
275 2960 346 3024 in
401 2981 600 3025 causa
650 2963 890 3044 putant
943 2958 1184 3024 habere
1242 2981 1521 3043 aequum
1577 2963 1643 3024 et
1697 2960 1970 3043 bonum,
2026 2959 2198 3043 quod

159 3046 534 3132 defendant3
583 3047 641 3112 si
678 3052 908 3112 contra
943 3047 1160 3111 verbis
1207 3050 1275 3110 et
1315 3047 1558 3112 litteris
1606 3051 1691 3131 et,
1736 3053 1811 3113 ut
1848 3047 1974 3112 dici
2011 3048 2198 3129 solet,

158 3156 414 3202 summo
472 3136 612 3200 iure
667 3134 1104 3218 contenditur,
1168 3136 1383 3200 solent
1438 3137 1576 3201 eius
1631 3136 1809 3201 modi
1862 3135 2199 3219 iniquitati

159 3225 348 3309 aequi
401 3227 470 3289 et
524 3223 682 3289 boni
725 3245 966 3288 nomen
1021 3223 1539 3308 dignitatemque
1591 3244 1938 3309 opponere.
2027 3221 2197 3286 Tum

84 3327 132 3367 ⁸⁵
160 3312 348 3396 illud,
379 3309 559 3397 quod
597 3312 860 3396 dicitur,
907 3311 1090 3377 ‘SIVE
1135 3310 1349 3392 NIVE',
1394 3312 1698 3396 inrident,
1741 3315 1885 3376 tum
1924 3309 2199 3394 aucupia

157 3404 506 3466 verborum
554 3404 620 3465 et
657 3400 1032 3465 litterarum
1069 3363 1435 3464 tendiculas
1481 3399 1553 3463 in
1593 3398 1903 3463 invidiam
1942 3402 2199 3480 vocant,

157 3491 298 3555 tum
352 3488 796 3554 vociferantur
851 3509 930 3552 ex
985 3509 1190 3572 aequo
1252 3491 1320 3550 et
1373 3487 1575 3570 bono,
1632 3507 1768 3551 non
1822 3506 1901 3549 ex
1955 3484 2197 3549 callido
