2534 3875
968 151 1543 218 CAP.‚-.12§14
2101 153 2234 218 275

201 292 372 358 d1c10
381 342 401 375 ,
466 298 535 357 ct
604 293 778 377 quod
832 293 971 358 sine
1026 315 1221 358 sensu
1275 294 1629 379 nascimur,
1697 318 1843 361 cum
1898 297 2233 383 voluptate

201 402 563 465 servamur,
618 380 937 465 profecto,
993 382 1302 466 quoniam
1365 382 1581 467 illum,
1636 384 1748 468 qui
1792 383 1961 450 hanc
2005 387 2232 452 urbem

200 468 519 552 condidit,
603 468 685 533 ad
754 468 907 535 deos
978 469 1348 535 inmortalis
1421 471 1860 537 benivolentia
1930 472 2230 558 famaque

204 557 608 638 sustulimus,
638 578 778 622 esse
807 557 979 643 apud
1007 580 1120 624 vos
1149 561 1576 644 posterosque
1604 560 1907 625 vestros
1887 583 1955 625 ιιι
1984 561 2230 626 honore

144 663 173 703 5
205 645 472 710 debebit
523 644 608 728 is,
662 645 774 728 qui
819 645 1089 711 eandem
1133 646 1303 712 hanc
1349 648 1576 714 urbem
1625 648 1951 714 conditam
1999 671 2149 734 amp
2153 649 2231 713 li-

200 733 593 816 ficatamque
638 733 941 799 servavit.
1014 731 1189 799 Nam
1238 737 1368 800 toti
1404 736 1570 820 urbi,
1606 737 1890 838 templis,
1928 736 2232 821 delubris,

200 821 396 886 tectis
444 843 525 886 ac
568 822 907 886 moenibus
955 821 1279 888 subiectos
1326 845 1529 909 prope
1574 824 1706 889 iam
1753 825 1927 910 ignis
1965 825 2231 890 circum·

203 910 526 993 datosque
556 909 995 994 restinximus,
1027 911 1328 994 idemque
1357 913 1656 998 gladios
1637 935 1707 976 ιιι
1733 934 1870 978 rem
1901 914 2230 997 publicam

207 997 555 1063 destrictos
618 998 1005 1063 rettudimus
1068 1020 1536 1101 mucronesque
1600 1022 1824 1065 eorum
1889 1024 1930 1066 a
1985 1001 2230 1087 iugulis

126 1103 179 1143 ιο
208 1085 445 1150 vestris
494 1084 855 1151 deiecimus.
920 1084 1095 1162 Quae
1138 1087 1445 1172 quoniam
1482 1088 1553 1152 in
1589 1093 1820 1154 senatu
1864 1089 2300 1171 inlustrata,3

205 1173 553 1258 patefacta,
599 1177 933 1260 comperta
978 1179 1131 1240 sunt
1174 1198 1292 1260 per
1337 1197 1456 1260 me,
1502 1177 1688 1242 vobis
1733 1177 1865 1242 iam
1911 1199 2224 1264 exponam

204 1260 507 1344 breviter,
552 1260 853 1346 Quirites,
899 1266 991 1347 ut,
1036 1266 1104 1327 et
1150 1268 1396 1347 quanta
1441 1268 1507 1328 et
1545 1286 1741 1349 quam
1779 1266 2128 1332 manifesta
2164 1273 2233 1332 ct

204 1371 334 1434 qua
375 1350 633 1415 ratione
676 1349 1075 1435 investigata
1118 1355 1189 1416 et
1231 1352 1697 1453 comprehensa
1743 1353 1893 1438 sint,
1938 1376 2072 1439 vos,
2119 1357 2232 1440 qui

204 1442 274 1503 et
317 1437 641 1523 ignoratis
686 1441 756 1503 et
802 1439 1173 1523 expectatio,
1218 1440 1383 1504 scire
1429 1439 1714 1523 possitis.

122 1544 174 1585 15
340 1525 667 1612 Principio
714 1530 789 1592 ut
826 1525 1111 1592 Catilina
1154 1528 1378 1611 paucis
1427 1531 1578 1592 ante
1626 1528 1851 1593 diebus
1899 1531 2112 1615 erupit
2149 1553 2228 1595 ex

202 1613 392 1697 urbe,
456 1636 601 1680 cum
670 1614 933 1680 sceleris
1006 1616 1108 1680 sui
1181 1616 1390 1680 socios
1450 1615 1717 1681 huiusce
1767 1615 2008 1682 nefarii
2070 1618 2230 1682 belli

202 1703 551 1768 acerrimos
618 1702 809 1769 duces
875 1701 1121 1770 Romae
1185 1704 1583 1788 reliquisset,
1642 1725 1896 1788 semper
1958 1705 2229 1791 vigilavi

203 1795 273 1856 et
317 1791 588 1874 providi,
633 1789 937 1876 Quirites,
982 1811 1173 1876 quem
1219 1793 1304 1857 ad
1340 1791 1658 1857 modum
1637 1814 1710 1857 ιιι
1744 1792 1948 1856 tantis
1987 1797 2054 1857 ct
2089 1797 2226 1858 tam

206 1879 606 1945 absconditis
658 1879 909 1945 insidiis
967 1881 1131 1946 salvi
1188 1902 1330 1947 esse
1385 1902 1741 1966 possemus.
1845 1878 2015 1945 Nam
2071 1885 2226 1964 tum,
2265 1885 2307 1949 2

116 1987 173 2027 20
202 1990 353 2034 cum
389 1990 467 2033 ex
502 1969 661 2034 urbe
691 1967 1042 2035 Catilinam
1080 1969 1394 2035 eiciebam
1431 1967 1588 2055 (non
1627 1969 1801 2034 enim
1833 1970 1963 2034 iam
2002 1991 2225 2035 vereor

200 2056 397 2121 huius
458 2056 641 2121 verbi
704 2056 1043 2141 invidiam,
1106 2079 1250 2122 cum
1314 2058 1432 2123 illa
1498 2058 1710 2143 magis
1775 2058 1863 2122 sit
1919 2058 2227 2139 timenda,

210 2144 382 2229 quod
429 2144 614 2210 vivus
662 2143 945 2231 exierit),
998 2145 1112 2210 sed
1156 2149 1326 2229 tum,
1381 2167 1526 2211 cum
1572 2146 1762 2212 illum
1809 2146 2227 2210 exterminari

205 2233 537 2316 volebam,
604 2238 718 2298 aut
776 2234 1097 2317 reliquam
1161 2234 1644 2299 coniuratorum
1708 2255 1972 2298 manum
2033 2234 2225 2299 simul

202 2321 524 2386 exituram
580 2324 694 2385 aut
745 2343 885 2405 eos,
939 2322 1051 2406 qui
1107 2321 1530 2406 restitissent,
1583 2322 1876 2387 infirmos
1925 2322 2062 2387 sine
2107 2322 2224 2387 illo

115 2426 171 2467 25
202 2430 281 2475 ac
339 2409 583 2474 debiles
637 2409 776 2475 fore
830 2409 1165 2494 putabam.
1255 2408 1475 2493 Atque
1535 2424 1656 2496 ego
1720 2413 1794 2475 ut
1846 2409 2006 2491 vidi,
2061 2432 2222 2494 quos
2261 2428 2296 2475 4

200 2497 487 2562 maximo
542 2496 761 2563 furore
816 2502 882 2563 et
934 2499 1171 2563 scelere
1228 2519 1370 2563 esse
1423 2497 1863 2563 inflammatos
1920 2498 2222 2581 sciebam,

203 2607 317 2650 eos
363 2585 704 2651 nobiscum
751 2608 892 2651 esse
940 2590 1006 2651 et
1040 2586 1290 2651 Romae
1325 2586 1734 2670 remansisse,
1775 2585 1846 2650 in
1883 2607 1959 2650 eo
1998 2608 2222 2651 omnes

201 2673 341 2737 dies
377 2677 727 2757 noctesque
765 2674 1157 2760 consumpsi,
1201 2678 1293 2757 ut,
1331 2674 1486 2759 quid
1523 2677 1810 2759 agerent,
1849 2674 2001 2758 quid
2040 2676 2224 2740 moli-

199 2764 453 2846 rentur,
524 2763 835 2828 sentirem
898 2785 973 2829 ac
1029 2761 1340 2847 viderem,
1414 2765 1514 2845 ut,
1588 2762 1893 2847 quoniam
1959 2762 2222 2829 auribus

114 2849 439 2915 eovestris
522 2855 789 2935 propter
844 2851 1302 2916 incredibilem
1375 2850 1888 2936 magnitudinem
1963 2851 2221 2917 sceleris

198 2937 520 3003 minorem
557 2938 748 3005 fidem
786 2939 1029 3005 faceret
1066 2940 1276 3005 oratio
1314 2961 1476 3022 mea,
1513 2960 1649 3004 rem
1686 2940 1781 3002 ita
1809 2938 2221 3022 comprehen-

201 3026 449 3109 derem,
495 3029 570 3091 ut
612 3031 752 3093 tum
800 3027 1058 3093 demum
1106 3027 1338 3092 animis
1387 3027 1585 3091 saluti
1629 3030 1886 3091 vestrae
1931 3026 2221 3110 provide·

198 3114 378 3197 retis,
423 3136 569 3180 cum
617 3116 821 3181 oculis
868 3115 1255 3180 maleficium
1300 3117 1514 3200 ipsum
1558 3115 1883 3180 videretis.
1972 3114 2221 3198 Itaque,

197 3204 275 3266 ut
332 3204 617 3286 comperi
670 3204 926 3289 legatos
982 3202 1414 3287 Allobrogum
1471 3204 1628 3267 belli
1683 3200 2101 3285 Transalpini
2156 3206 2222 3267 et

110 3308 169 3349 35
199 3291 521 3356 tumultus
579 3288 816 3356 Gallici
884 3290 1207 3356 excitandi
1272 3313 1468 3356 causa
1533 3314 1571 3355 a
1624 3290 1696 3356 P.
1749 3290 2024 3354 Lentulo
2081 3311 2222 3355 esse

201 3378 614 3463 sollicitatos,
660 3401 896 3463 eosque
937 3378 1007 3443 in
1044 3378 1325 3443 Galliam
1362 3379 1444 3444 ad
1483 3400 1633 3444 suos
1673 3379 1830 3444 civis
1870 3377 2222 3462 eodemque

197 3466 431 3531 itinere
496 3488 642 3533 cum
705 3467 945 3533 litteris
1004 3467 1456 3551 mandatisque
1516 3467 1598 3532 ad
1659 3466 2010 3533 Catilinam
2079 3487 2220 3531 esse

1793 3570 1899 3623 18*
