2534 3875
329 135 415 199 96
740 134 837 189 DE
874 134 1177 190 IMPERIO
1219 135 1330 190 CN.
1368 133 1646 190 POMPEI
1684 134 1957 190 ORATIO

327 281 587 360 senatu,
635 280 747 363 qui
793 278 1036 343 diceret
1081 277 1264 343 ‘non
1314 282 1677 363 oportere
1723 278 1936 345 mitti
1980 278 2385 344 hominem

326 367 714 450 privatum
765 389 899 449 pro
948 365 1320 450 consule',
1366 366 1437 431 L.
1465 365 1815 452 Philippus
1854 368 2093 432 dixisse
2133 367 2385 433 dicitur

329 454 509 519 ‘non
569 475 648 519 se
704 455 925 519 illum
981 476 1121 519 sua
1176 455 1577 520 sententia
1629 477 1769 541 pro
1824 456 2177 539 consule,
2237 455 2382 519 sed
2504 456 2506 513 i

324 564 461 626 pro
510 543 966 607 consulibus
1015 542 1394 608 mittere'.
1462 543 1676 609 Tanta
1713 543 1783 608 in
1818 565 1895 609 eo
1934 544 2029 608 rei
2066 544 2381 629 publicae
2504 530 2506 567 ³

325 632 490 694 bene
557 630 877 716 gerendae
934 652 1082 715 spes
1139 633 1693 715 constituebatur,
1756 635 1833 696 ut
1888 632 2162 696 duorum
2220 654 2380 697 con·
2412 652 2445 692 5

325 719 539 783 sulum
579 741 814 784 munus
853 719 1046 784 unius
1085 719 1522 784 adulescentis
1560 720 1790 784 virtuti
1828 721 2379 786 committeretur.

324 804 495 882 Quid
559 813 697 873 tam
764 807 1125 893 singulare,
1191 829 1390 892 quam
1455 812 1529 872 ut
1592 830 1670 873 ex
1735 813 2001 873 senatus
2065 811 2379 873 consulto

322 894 581 981 legibus
629 895 884 961 solutus
932 896 1161 961 consul
1211 900 1366 961 ante
1410 896 1616 978 fieret,
1665 918 1859 981 quam
1907 897 2117 962 ullum
2165 896 2379 961 alium

324 983 787 1067 magistratum
861 1005 980 1069 per
1054 984 1236 1069 leges
1302 1006 1532 1069 capere
1591 983 1930 1050 licuisset?
2008 984 2160 1071 quid
2226 988 2379 1049 tam

321 1070 728 1155 incredibile,
786 1095 978 1157 quam
1025 1076 1101 1136 ut
1144 1073 1387 1137 iterum
1432 1094 1629 1157 eques
1676 1072 2011 1138 Romanus
2060 1094 2139 1137 ex
2186 1094 2377 1137 sena·
2412 1095 2472 1133 ιο

322 1162 430 1223 tus
477 1161 780 1229 consulto
827 1160 1315 1245 triumpharet?
1391 1159 1569 1236 Quae
1615 1161 1686 1225 in
1733 1162 2037 1226 omnibus
2082 1160 2375 1227 homini-

321 1248 444 1312 bus
500 1269 674 1313 nova
733 1252 887 1332 post
939 1248 1281 1313 hominum
1336 1248 1719 1313 memoriam
1775 1250 2137 1315 constituta
2192 1253 2375 1334 sunt,

321 1357 400 1400 ea
442 1339 584 1400 tam
629 1337 840 1400 multa
884 1358 1017 1401 non
1062 1343 1218 1401 sunt
1264 1359 1462 1422 quam
1508 1337 1698 1422 haec,
1754 1359 1919 1422 quae
1966 1338 2035 1401 in
2069 1337 2197 1402 hoc
2233 1360 2373 1403 uno

216 1439 283 1489 63
321 1424 586 1489 homine
631 1423 942 1489 videmus.
1033 1424 1253 1510 Atque
1310 1425 1473 1490 haec
1525 1428 1632 1490 tot
1688 1426 1987 1510 exempla
2039 1429 2233 1491 tanta
2291 1449 2376 1491 ac

322 1516 461 1576 tam
509 1534 682 1577 nova
727 1514 1024 1597 profecta
1070 1517 1225 1577 sunt
1260 1513 1331 1578 in
1368 1512 1642 1578 eundem
1679 1513 2014 1578 hominem
2054 1536 2093 1578 a
2133 1513 2207 1590 Q.
2246 1512 2372 1580 Ca·
2407 1534 2463 1575 15

321 1600 448 1665 tuli
507 1605 703 1686 atque
770 1623 810 1665 a
871 1605 1236 1666 ceterorum
1293 1601 1581 1666 eiusdem
1636 1601 1981 1687 dignitatis
2040 1602 2374 1687 amplissi-

330 1711 585 1753 morum
630 1689 968 1754 hominum
1017 1688 1427 1756 auctoritate.

217 1772 303 1837 22
460 1776 672 1853 Quare
720 1777 1002 1860 videant,
1046 1799 1129 1842 ne
1169 1778 1256 1842 sit
1290 1777 1705 1863 periniquum
1744 1781 1812 1842 et
1846 1800 1979 1843 non
2016 1777 2371 1844 ferundum

320 1864 588 1931 illorum
635 1867 1092 1931 auctoritatem
1140 1866 1220 1930 de
1267 1864 1383 1931 Cn.
1411 1867 1681 1951 Pompei
1722 1865 2048 1953 dignitate
2094 1889 2134 1931 a
2169 1868 2365 1933 vobis

321 1954 813 2040 comprobatam
862 1975 1118 2038 semper
1164 1976 1326 2040 esse,
1372 1959 1658 2020 vestrum
1709 1956 1792 2021 ab
1838 1955 1974 2019 illis
2011 1954 2091 2020 de
2130 1956 2359 2022 eodem
2394 1977 2454 2014 20

319 2043 582 2108 homine
636 2042 944 2108 iudicium
999 2043 1357 2129 populique
1402 2043 1686 2108 Romani
1732 2044 2194 2109 auctoritatem
2238 2044 2361 2108 im·

319 2130 606 2216 probari,
651 2130 1038 2215 praesertim
1087 2153 1234 2196 cum
1279 2133 1413 2197 iam
1459 2154 1576 2198 suo
1624 2132 1764 2197 iure
1802 2133 2082 2217 populus
2120 2132 2364 2198 Roma-

320 2240 445 2284 nus
513 2220 584 2284 in
659 2219 784 2284 hoc
846 2219 1112 2285 homine
1182 2239 1369 2285 suam
1434 2221 1895 2286 auctoritatem
1959 2221 2062 2285 vel
2130 2224 2367 2287 contra

321 2329 574 2391 omnes,
640 2307 752 2391 qui
816 2307 1238 2394 dissentiunt,
1303 2308 1516 2394 possit
1580 2308 1945 2393 defendere,
2008 2312 2368 2393 propterea

323 2395 492 2478 quod
556 2395 764 2460 isdem
828 2394 975 2460 istis
1029 2396 1540 2462 reclamantibus
1597 2417 1717 2463 vos
1772 2419 1975 2462 unum
2032 2397 2225 2462 illum
2283 2420 2365 2462 ex
2398 2417 2455 2458 25

323 2482 624 2547 omnibus
674 2482 1041 2569 delegistis,
1098 2506 1292 2569 quem
1332 2485 1509 2550 bello
1556 2485 1959 2569 praedonum
2007 2507 2365 2569 praepone·

214 2585 282 2635 64
320 2571 498 2634 retis.
590 2570 735 2636 Hoc
789 2574 847 2636 si
892 2594 1011 2637 vos
1057 2575 1303 2637 temere
1346 2572 1597 2638 fecistis
1646 2577 1714 2637 et
1758 2574 1853 2638 rei
1900 2573 2201 2658 publicae
2247 2597 2363 2658 pa-

320 2680 464 2722 rum
511 2658 954 2744 consuluistis,
999 2664 1174 2725 recte
1219 2661 1335 2726 isti
1381 2661 1599 2725 studia
1633 2665 1859 2726 vestra
1894 2661 2029 2726 suis
2066 2663 2365 2728 consiliis

319 2767 548 2832 regere
601 2751 946 2831 conantur;
1004 2747 1106 2812 sin
1161 2751 1384 2812 autem
1429 2770 1547 2815 vos
1602 2749 1752 2833 plus
1807 2754 1951 2816 tum
2008 2749 2079 2814 in
2124 2771 2196 2815 re
2242 2773 2361 2835 pu·

319 2833 495 2898 blica
539 2832 818 2920 vidistis,
862 2856 980 2900 vos
1026 2835 1109 2900 iis
1156 2837 1680 2922 repugnantibus
1726 2859 1844 2922 per
1878 2842 2138 2903 vosmet
2173 2838 2359 2924 ipsos
2391 2859 2453 2899 ao

320 2921 708 3007 dignitatem
755 2923 908 2989 huic
953 2925 1247 3008 imperi0,
1297 2925 1578 2989 salutem
1626 2925 1772 2990 orbi
1817 2930 2143 2991 terrarum
2181 2932 2359 2993 attu-

319 3009 512 3094 listis,
560 3009 910 3095 aliquando
957 3011 1071 3076 isti
1117 3012 1444 3098 principes
1483 3016 1552 3078 et
1588 3013 1715 3078 sibi
1752 3019 1821 3079 et
1857 3015 2092 3079 ceteris
2128 3016 2362 3100 populi

319 3097 603 3163 Romani
660 3099 946 3164 universi
992 3101 1369 3165 auctoritati
1414 3101 1773 3186 parendum
1820 3123 1962 3169 esse
2007 3101 2360 3170 fateantur.

319 3186 539 3271 Atque
584 3187 654 3251 in
697 3187 824 3252 hoc
861 3187 1039 3253 bello
1077 3189 1376 3254 Asiatico
1424 3193 1491 3254 et
1536 3190 1718 3274 regio
1766 3211 1899 3255 non
1939 3191 2151 3256 solum
2191 3192 2360 3257 mili·

319 3276 483 3339 taris
527 3274 644 3340 illa
689 3275 926 3360 virtuS,
983 3297 1148 3360 quae
1195 3281 1300 3342 est
1341 3277 1412 3342 in
1459 3275 1574 3342 Cn.
1621 3277 1934 3363 Pompeio
1982 3279 2357 3365 singulariS,
2390 3301 2453 3341 35

321 3362 433 3428 sed
481 3363 650 3428 aliae
696 3386 952 3449 quoque
997 3364 1275 3430 virtutes
1322 3365 1524 3430 animi
1563 3386 1841 3451 magnae
1877 3370 1946 3431 et
1981 3368 2227 3432 multae
2265 3391 2360 3434 re-

321 3450 684 3534 quiruntur.
766 3451 1052 3518 Difficile
1098 3458 1200 3519 est
1243 3453 1310 3518 in
1359 3454 1539 3540 Asia,
1585 3452 1832 3540 Cilicia,
1878 3452 2064 3540 Syria
2113 3457 2363 3543 regnis-
