2534 3875
287 149 420 214 258
776 149 856 203 IN
892 149 950 204 L.
991 147 1396 204 CATILINAM
1433 147 1785 220 ORATIOJ.

287 297 447 358 nata
501 315 575 358 ac
628 293 878 359 furiosa
931 293 1251 378 rapiebat3
1319 314 1525 377 neque
1581 293 1752 356 enim
1808 292 1934 357 tibi
1987 291 2148 357 haec
2205 313 2318 356 res

290 382 501 447 adfert
538 381 846 466 dolorem,
884 382 999 446 sed
1038 381 1361 466 quandam
1397 381 1844 446 incredibilem
1881 380 2317 463 voluptatem.

288 469 394 535 Ad
440 470 607 536 hanc
652 475 718 534 te
766 469 1119 535 amentiam
1163 474 1401 534 natura
1445 469 1725 555 peperit,
1779 469 2085 534 voluntas
2133 490 2318 533 exer-

291 559 441 638 cuit,
476 559 742 623 fortuna
780 559 1080 623 servavit.
1162 555 1540 641 Numquam
1576 561 1650 622 tu
1684 579 1817 622 non
1856 557 2047 622 modo
2086 557 2316 639 otium,

291 648 403 712 sed
438 669 518 711 ne
558 647 805 711 bellum
836 647 1094 730 quidem
1122 645 1249 710 nisi
1276 645 1599 710 nefarium
1627 645 2005 730 concupisti.
2059 645 2314 710 Nactus
2344 662 2372 703 5

292 758 360 800 es
400 757 477 800 ex
513 735 786 820 perditis
824 739 1018 817 atque
1057 734 1139 799 ab
1180 735 1359 798 omni
1385 756 1518 798 non
1546 733 1737 798 modo
1765 733 2049 816 fortuna,
2086 754 2315 799 verum

292 823 490 888 etiam
554 845 667 909 spe
734 822 1057 887 derelictis
1123 821 1473 887 conflatam
1537 822 1961 905 inproborum
2028 844 2315 886 manum.

186 929 255 978 26
293 911 420 976 Hic
455 915 529 975 tu
567 933 697 996 qua
733 911 986 975 laetitia
1021 910 1367 995 perfruere,
1407 910 1638 996 quibus
1678 910 1928 995 gaudiis
1970 909 2315 993 exultabiS,

294 1003 538 1084 quanta
582 1000 652 1063 in
696 1001 1033 1084 voluptate
1068 999 1482 1082 bacchabere,
1531 1021 1674 1063 cum
1711 998 2003 1067 intanto
2040 1019 2316 1062 numero

292 1093 555 1152 tuorum
600 1109 807 1171 neque
854 1087 1074 1152 audies
1120 1089 1330 1152 virum
1378 1087 1624 1152 bonum
1670 1108 2058 1171 quemquam
2102 1108 2315 1171 neque
2347 1105 2406 1144 10

294 1175 569 1240 videbis!
660 1175 766 1240 Ad
819 1175 1013 1240 huius
1058 1175 1231 1240 vitae
1289 1175 1574 1240 studium
1629 1175 1926 1240 meditati
1981 1175 2083 1240 illi
2144 1179 2318 1256 sunt,

296 1264 405 1346 qui
447 1264 771 1348 feruntur,
826 1263 1085 1328 labores
1133 1265 1255 1347 tui,
1311 1264 1520 1328 iacere
1567 1263 1749 1328 humi
1794 1285 1928 1328 non
1973 1264 2188 1328 solum
2234 1264 2318 1327 ad

296 1351 718 1416 obsidendum
764 1356 1089 1436 stuprum,
1135 1374 1357 1417 verum
1407 1352 1604 1416 etiam
1651 1352 1733 1416 ad
1777 1351 2030 1417 facinus
2076 1352 2318 1416 obeun-

297 1440 475 1523 dum,
503 1441 775 1525 vigilare
801 1462 935 1505 non
963 1441 1177 1505 solum
1204 1439 1619 1504 insidiantem
1648 1462 1880 1505 somno
1909 1440 2317 1523 maritorum,

295 1550 517 1594 verum
574 1528 775 1592 etiam
827 1529 1015 1593 bonis
1077 1528 1451 1593 otiosorum.
1543 1529 1793 1611 Habes,
1853 1528 1968 1593 ubi
2022 1532 2315 1593 ostentes
2347 1544 2402 1586 15

296 1621 479 1680 tuam
513 1616 701 1681 illam
738 1617 1135 1701 praeclaram
1172 1616 1557 1701 patientiam
1593 1617 1804 1700 famiS,
1849 1617 2133 1702 frigoriS,
2177 1616 2320 1681 ino-

296 1704 442 1789 piae
481 1727 696 1769 rerum
725 1706 1031 1788 omnium,
1069 1705 1302 1790 quibus
1329 1710 1394 1769 te
1424 1704 1605 1769 brevi
1631 1708 1925 1789 tempore
1954 1704 2319 1770 confectum

190 1807 257 1856 27
298 1815 437 1857 esse
494 1793 749 1858 senties.
840 1793 1123 1857 Tantum
1178 1792 1424 1876 profeci
1479 1796 1646 1877 tum,
1702 1815 1848 1858 cum
1893 1797 1958 1856 te
2007 1817 2047 1857 a
2091 1815 2321 1858 consu-

296 1882 438 1946 latu
492 1881 773 1965 reppuli,
827 1885 903 1946 ut
958 1882 1139 1946 exsul
1193 1883 1411 1965 potius
1465 1885 1785 1966 temptare
1842 1903 2038 1967 quam
2087 1881 2318 1947 consul

295 1992 527 2034 vexare
562 1992 699 2034 rem
737 1970 1062 2054 publicam
1100 1991 1344 2055 posses,
1391 1974 1583 2056 atque
1620 1975 1693 2035 ut
1727 1970 1812 2054 id,
1861 1971 2032 2055 quod
2071 1974 2240 2034 esset
2279 1994 2321 2035 a
2349 1988 2409 2028 2⁰

298 2062 363 2123 te
392 2059 703 2123 scelerate
732 2062 1121 2142 susceptum,
1148 2059 1564 2123 latrocinium
1591 2059 1811 2142 potius
1842 2081 2040 2144 quam
2066 2059 2320 2123 bellum

296 2148 763 2211 nominaretur.

196 2234 273 2297 11
431 2233 647 2319 Nunc,
691 2238 766 2299 ut
810 2258 851 2299 a
895 2257 1015 2318 me,
1061 2239 1280 2319 patres
1327 2234 1696 2319 conscripti,
1745 2235 2064 2319 quandam
2112 2257 2321 2320 prope

298 2324 539 2387 iustam
621 2323 873 2408 patriae
948 2323 1415 2407 querimoniam
1492 2323 1774 2387 detester
1845 2345 1922 2389 ac
1995 2324 2320 2407 deprecer,

297 2412 627 2495 percipite,
674 2433 932 2495 quaesQ
969 2411 1332 2497 diligenter,
1372 2433 1534 2495 quae
1574 2412 1800 2494 dicam,
1839 2415 1907 2477 et
1944 2434 2019 2476 ea
2056 2412 2319 2495 penitus
2349 2428 2406 2469 2⁵

300 2498 534 2563 animis
562 2499 795 2563 vestris
825 2500 1276 2584 mentibusque
1305 2500 1622 2564 mandate.
1670 2500 1950 2584 Etenim,
1981 2499 2036 2564 si
2066 2522 2320 2565 mecum

297 2587 530 2668 patria,
580 2609 742 2671 quae
780 2588 940 2651 mihi
978 2588 1114 2651 vita
1153 2608 1300 2652 mea
1335 2590 1543 2653 multo
1583 2592 1684 2652 est
1721 2588 1949 2669 carior,
1987 2589 2046 2652 si
2085 2593 2323 2653 cuncta

296 2672 519 2757 Italia,
568 2674 625 2737 si
670 2678 879 2739 omnis
925 2697 1027 2741 res
1073 2676 1338 2761 publica
1381 2677 1720 2760 loquatur:
1770 2674 1878 2742 (Μ.
1915 2676 2116 2761 Tulli,
2165 2677 2324 2761 quid

300 2762 487 2847 agis?
561 2762 741 2825 Tune
788 2785 951 2846 eum,
998 2786 1185 2847 quem
1226 2785 1366 2828 esse
1403 2765 1658 2829 hostem
1698 2765 2088 2848 comperisti,
2128 2787 2322 2849 quem

300 2851 523 2915 ducem
583 2850 740 2913 belli
791 2850 1086 2916 futurum
1141 2851 1350 2935 videS,
1414 2875 1603 2937 quem
1661 2854 1986 2937 expectari
2039 2853 2324 2936 impera-
2352 2871 2412 2911 3⁰

299 2938 555 3004 torem
535 2960 607 3002 111
634 2938 865 3003 castris
894 2940 1182 3004 hostium
1210 2941 1431 3025 sentis,
1469 2945 1796 3007 auctorem
1829 2942 2106 3024 sceleris,
2123 2942 2320 3043 ‘prin-

298 3027 507 3113 cipem
563 3027 1056 3112 coniurationis,
1115 3033 1523 3095 evocatorem
1581 3052 1914 3095 servorum
1969 3034 2038 3094 et
2081 3030 2325 3096 civium

297 3116 732 3218 perditorum,
787 3117 958 3181 exire
1013 3118 1290 3203 patiere,
1345 3121 1420 3182 ut
1466 3117 1582 3182 abs
1629 3122 1696 3183 te
1740 3140 1873 3183 non
1920 3119 2195 3183 emissus
2243 3141 2325 3183 ex

299 3204 485 3289 urbe,
550 3205 661 3268 sed
706 3205 1037 3270 immissus
1084 3206 1152 3269 in
1197 3206 1424 3270 urbem
1471 3227 1612 3273 esse
1657 3206 1994 3272 videatur?
2085 3206 2323 3273 Nonne

98 3363 104 3371 ,
300 3293 469 3357 hunc
518 3294 587 3357 in
621 3293 837 3359 vincla
882 3294 1047 3378 duci,
1090 3316 1221 3358 non
1259 3294 1340 3358 ad
1377 3299 1655 3361 mortem
1691 3296 1851 3378 rapi,
1895 3316 2029 3359 non
2067 3317 2324 3360 summo
2353 3311 2410 3352 3⁵

194 3394 262 3442 28
302 3381 618 3465 supplicio
656 3383 933 3447 mactari
959 3382 1356 3467 imperabis?
1421 3380 1589 3457 Quid
1616 3383 1879 3447 tandem
1905 3387 1973 3447 te
2000 3383 2325 3467 impedit?

301 3490 524 3533 mosne
582 3469 944 3536 maiorum?
1035 3472 1128 3535 At
1175 3492 1496 3561 ¹persaepe
1552 3471 1748 3536 etiam
1792 3470 2036 3555 privati
2080 3472 2152 3535 in
2197 3471 2328 3537 hac
