2534 3875
839 169 994 227 CAP.
1033 176 1208 225 8—10
1247 177 1277 237 s
1316 136 1541 227 'zo-25.
2098 172 2224 237 197

194 316 406 399 ipsum
473 315 880 380 renuntiabit
944 318 1011 379 et
1073 313 1373 380 videlicet
1436 317 1725 400 collegas
1782 339 1933 382 suos
1989 317 2230 401 ascrip-

195 408 375 467 tores
423 403 592 503 legis
641 403 942 488 agrariae
983 425 1118 467 non
1163 403 1551 487 repudiabit,
1598 427 1637 469 a
1675 405 1909 489 quibus
1950 406 2008 468 ei
2047 406 2229 471 locus

194 492 445 576 primus
500 492 573 556 in
629 491 839 555 indice
887 495 953 555 et
996 491 1067 555 in
1108 491 1623 592 praescriptione
1670 493 1839 579 legis
1886 514 2229 558 concessus

199 582 323 661 est3
386 579 589 644 ceteri
643 578 892 644 fructus
950 579 1238 644 omnium
1293 601 1539 663 rerum,
1605 581 1715 665 qui
1767 582 1838 644 in
1893 603 2007 664 spe
2063 582 2229 667 legis

145 685 170 723 ⁵
195 667 388 732 huius
447 666 651 753 positi
699 671 878 751 sunt,
933 667 1260 733 communi
1308 670 1609 734 cautione
1654 673 1850 754 atque
1899 690 2123 754 aequa·
2152 691 2228 733 ex

194 759 386 840 parte
431 755 814 820 retinentur.

329 844 426 908 At
460 842 676 909 videte
712 843 994 908 hominis
1033 808 1461 929 diligentiam,
1509 845 1566 909 si
1604 850 1719 910 aut
1754 845 2023 911 Rullum
2060 846 2230 930 cogi·
2268 861 2335 910 23

194 936 374 997 tasse
421 936 537 997 aut
583 931 641 995 si
684 931 883 996 Rullo
929 932 1222 1016 potuisse
1266 932 1337 997 in
1374 938 1656 997 mentem
1692 934 1915 999 venire
1952 934 2230 999 arbitra-

195 1020 378 1085 mini.
451 1016 775 1084 Viderunt
820 1021 906 1101 ei,
963 1021 1075 1104 qui
1118 1020 1279 1085 haec
1327 1021 1894 1105 machinabantur,
1942 1022 1999 1088 si
2044 1022 2231 1087 vobis

117 1126 172 1165 10
197 1130 276 1173 ex
331 1107 512 1173 omni
565 1108 808 1192 populo
865 1108 1187 1193 deligendi
1243 1114 1537 1193 potestas
1584 1114 1759 1175 esset
1804 1111 1985 1195 data,
2042 1132 2235 1195 quae·

197 1218 474 1280 cumque
519 1217 622 1261 res
669 1199 856 1279 esset,
899 1195 971 1260 in
1017 1218 1147 1280 qua
1181 1197 1362 1281 fides,
1397 1197 1763 1282 integritas,
1808 1200 2039 1281 virtus,
2086 1220 2231 1264 auc-

195 1286 437 1349 toritas
485 1288 930 1368 quaereretur,
986 1306 1102 1349 vos
1149 1306 1293 1349 eam
1342 1286 1479 1349 sine
1526 1286 1934 1351 dubitatione
1982 1288 2064 1352 ad
2110 1286 2229 1352 Cn.

195 1372 582 1457 Pompeium
627 1372 987 1457 principem
1034 1372 1384 1439 delaturos,
1458 1371 1745 1458 Etenim,
1790 1397 1983 1459 quem
2028 1398 2232 1440 unum

196 1484 276 1526 ex
321 1460 573 1527 cunctis
620 1460 1046 1546 delegissetis,
1082 1464 1158 1525 ut
1203 1484 1352 1526 eum
1398 1461 1699 1526 omnibus
1746 1464 2037 1527 omnium
2077 1482 2231 1547 gen-

119 1566 170 1607 15
199 1550 369 1615 tium
396 1548 592 1614 bellis
629 1552 808 1613 terra
841 1552 910 1613 et
938 1549 1104 1613 mari
1128 1550 1638 1634 praeponeretis»,
1674 1554 1865 1633 certe,
1892 1551 1963 1615 in
1990 1551 2235 1616 decem-

196 1638 358 1704 viris
425 1636 738 1702 faciendis
812 1636 950 1701 sive
1008 1637 1168 1701 fides
1237 1638 1589 1703 haberetur
1658 1638 1793 1703 sive
1863 1639 2102 1722 honos,
2166 1643 2235 1703 et

198 1725 526 1791 committi
573 1725 724 1791 huic
771 1725 1018 1809 optime
1065 1730 1131 1789 et
1177 1726 1398 1790 ornari
1434 1727 1605 1790 hunc
1642 1726 2000 1791 iustissime
2038 1748 2233 1810 posse

197 1814 692 1898 intellegebant.
780 1812 1012 1897 Itaque
1079 1814 1398 1897 excipitur
1452 1814 1575 1878 hac
1631 1814 1776 1897 lege
1830 1836 1965 1879 non
2020 1814 2232 1879 adule-
2270 1830 2341 1879 24

199 1902 479 1985 scentia,
535 1923 669 1968 non
729 1901 1100 1987 legitimum
1161 1901 1427 1986 aliquod
1481 1901 2044 1988 impedimentum,
2102 1925 2237 1968 non

119 2010 172 2049 2⁰
201 1995 517 2076 potestas,
553 2013 687 2056 non
733 1991 1162 2076 magistratus
1209 1992 1381 2076 ullus
1430 1991 1579 2055 aliis
1624 1991 1907 2076 negotiis
1956 2014 2029 2056 ac
2077 1992 2235 2077 legi-

199 2081 323 2145 bus
371 2079 754 2164 impeditus,
798 2100 945 2143 reus
993 2079 1266 2162 denique
1316 2102 1441 2164 quo
1482 2079 1698 2145 minus
1736 2080 2058 2144 decemvir
2092 2080 2235 2144 fieri

198 2169 433 2253 possit,
477 2189 611 2233 non
655 2167 997 2251 excipitur3
1045 2167 1158 2233 Cn.
1188 2167 1537 2252 Pompeius
1586 2168 1923 2252 excipitur,
1968 2190 2051 2232 ne
2090 2189 2235 2232 cum

199 2256 272 2321 P.
345 2256 544 2321 Rullo
622 2253 836 2342 (taceo
911 2256 989 2319 de
1065 2253 1327 2342 ceteris)
1404 2256 1724 2321 decemvir
1794 2255 1938 2320 fieri
2007 2257 2237 2339 possit.

199 2344 618 2410 Praesentem
676 2345 851 2408 enim
904 2344 1197 2428 profiteri
1251 2345 1460 2427 iubet,
1517 2344 1692 2427 quod
1743 2345 1929 2408 nulla
1990 2345 2123 2408 alia
2167 2344 2237 2408 in

117 2450 172 2490 2⁵
201 2434 352 2519 lege
415 2454 723 2516 umquam
785 2432 913 2496 fuit
973 2453 1054 2496 ne
1118 2433 1189 2496 in
1249 2433 1333 2497 iis
1394 2432 1653 2515 quidem
1720 2433 2239 2518 magistratibuS,

203 2543 485 2606 quorum
519 2523 734 2586 certus
771 2519 930 2585 ordo
969 2524 1088 2603 est,
1132 2542 1233 2604 ne,
1272 2520 1329 2585 si
1367 2523 1633 2604 accepta
1668 2520 1775 2584 lex
1812 2524 2003 2605 esset,
2048 2522 2237 2586 illum

203 2611 333 2674 sibi
379 2609 702 2694 collegam
749 2608 1159 2673 ascriberetis
1205 2608 1537 2673 custodem
1586 2630 1660 2672 ac
1706 2608 2026 2674 vindicem
2066 2611 2239 2694 cupi-

203 2697 505 2764 ditatum.
595 2695 750 2780 Hic,
807 2697 1114 2780 quoniam
1162 2696 1349 2762 video
1410 2717 1527 2762 vos
1582 2696 1867 2762 hominis
1915 2699 2236 2783 dignitate
2259 2699 2344 2763 10

204 2789 274 2849 et
331 2785 728 2851 contumelia
791 2785 960 2870 legis
1017 2805 1157 2849 esse
1210 2789 1603 2868 commotos,
1668 2787 1994 2851 renovabo
2051 2787 2239 2869 illud,

115 2891 174 2930 ³0
205 2874 382 2958 quod
411 2875 600 2938 initio
631 2872 783 2955 dixi,
826 2893 1100 2958 regnum
1130 2874 1517 2958 comparari,
1544 2874 1919 2940 libertatem
1947 2879 2234 2940 vestram

205 2962 330 3027 hac
375 2963 519 3047 lege
564 2961 859 3025 funditus
904 2961 1073 3026 tolli.
1163 2961 1273 3026 An
1318 2983 1433 3026 vos
1480 2963 1672 3026 aliter
1717 2962 2233 3028 existimabatis?
2274 2976 2341 3025 25

203 3071 353 3116 cum
401 3050 482 3114 ad
529 3049 749 3115 omnia
785 3052 1006 3114 vestra
1039 3050 1232 3132 pauci
1267 3049 1569 3114 homines
1607 3051 1983 3135 cupiditatis
2012 3050 2235 3114 oculos

203 3137 614 3221 adiecissent,
657 3159 789 3201 non
837 3158 948 3202 eos
993 3136 1064 3201 in
1108 3138 1339 3221 primis
1384 3136 1451 3200 id
1498 3141 1776 3223 acturOS,
1822 3142 1897 3201 ut
1943 3158 2020 3200 ex
2058 3139 2236 3200 omni

204 3226 504 3292 custodia
557 3229 812 3290 vestrae
867 3225 1224 3309 libertatis,
1285 3247 1362 3289 ex
1418 3227 1596 3291 omni
1641 3228 1992 3308 potestate,
2051 3246 2236 3289 cura-

117 3329 173 3370 35
205 3315 407 3396 tione,
441 3314 806 3398 patrocinio
835 3317 1202 3378 vestrorum
1231 3314 1715 3379 commodorum
1746 3311 1857 3377 Cn.
1887 3311 2235 3394 Pompeius

205 3402 686 3485 depelleretur?
755 3400 1078 3466 Viderunt
1143 3411 1206 3466 et
1268 3393 1511 3482 vident,
1575 3403 1633 3465 si
1693 3422 1810 3484 per
1873 3398 2237 3482 impruden-

203 3492 374 3556 tiam
420 3493 736 3573 vestram,
781 3489 1268 3574 neglegentiam
1316 3509 1529 3552 meam
1573 3489 1787 3572 legem
1833 3488 2235 3571 incognitam
