2534 3875
866 143 1025 200 ΟΑΡ.
1062 149 1204 200 4-6
1244 149 1275 209 s
1312 149 1506 200 9—14.
2079 145 2208 208 451

168 287 493 351 Lentulus
533 287 780 371 consul,
824 309 1083 373 parens,
1120 287 1295 371 deus,
1335 288 1510 351 salus
1547 291 1814 352 nostrae
1850 289 2044 372 vitae,
2079 287 2212 353 for-

169 379 394 459 tunae,
430 376 801 454 memoriae,
836 376 1144 459 nominis,
1183 375 1456 441 simulac
1496 375 1572 440 de
1613 376 1914 440 sollemni
1945 376 2212 445 deorum

172 463 495 548 religione
549 464 835 548 rettulit,
888 463 1056 530 nihil
1111 465 1546 529 humanarum
1592 486 1809 530 rerum
1856 465 1985 528 sibi
2030 465 2210 549 prius

175 574 377 636 quam
434 552 511 616 de
566 575 669 616 me
726 552 1046 637 agendum
1100 551 1428 618 iudicavit.
1519 551 1740 636 Atque
1794 574 1870 617 eo
1918 553 2018 616 die
2067 575 2213 618 con-

118 659 145 700 5
175 641 355 705 fecta
402 662 507 704 res
555 644 757 725 esset,
810 641 938 706 nisi
982 641 1039 705 is
1086 641 1391 705 tribunus
1437 641 1549 723 pl„
1604 663 1794 724 quem
1842 661 1962 726 ego
2011 642 2214 706 maxi-

175 729 303 793 mis
370 729 697 794 beneficiis
762 733 1173 813 quaestorem
1240 730 1466 794 consul
1531 750 1861 813 ornaram,
1938 750 2083 794 cum
2148 734 2215 794 et

179 820 451 881 cunctus
518 817 674 882 ordo
742 822 808 881 et
872 817 1064 882 multi
1129 839 1274 882 eum
1339 817 1578 882 summi
1636 817 1763 881 viri
1825 821 2086 882 orarent
2148 822 2215 883 et

180 903 297 970 Cn.
354 904 603 990 Oppius
671 927 879 988 socer,
953 906 1237 990 optimus
1301 905 1430 988 vir,
1494 905 1576 970 ad
1638 904 1834 990 pedes
1897 906 2060 970 flens
2124 906 2215 970 18-

182 997 386 1076 ceret,
431 997 688 1058 noctem
736 994 862 1058 sibi
908 994 993 1058 ad
1038 993 1526 1059 deliberandum
1571 995 2002 1078 postulasset3
2050 1016 2214 1079 quae

103 1101 158 1142 10
188 1081 569 1147 deliberatio
632 1103 767 1147 non
828 1082 899 1146 in
960 1082 1309 1166 reddenda,
1374 1103 1566 1166 quem
1626 1082 1708 1148 ad
1762 1082 2026 1148 modum
2081 1104 2218 1147 11011

181 1170 353 1236 1111111
390 1171 901 1254 arbitrabamur,
938 1170 1068 1254 sed,
1105 1175 1179 1236 ut
1215 1170 1618 1255 patefactum
1657 1174 1776 1256 est,
1813 1171 1884 1235 in
1921 1171 2217 1256 augenda

183 1259 477 1323 mercede
527 1263 913 1343 consumpta
950 1263 1064 1324 est.
1136 1258 1378 1323 Postea
1413 1280 1517 1323 res
1557 1263 1705 1323 acta
1741 1263 1842 1324 est
1876 1259 1947 1323 in
1984 1263 2216 1324 senatu

186 1347 317 1412 8118
344 1347 546 1430 1111118,
575 1369 719 1414 811111
749 1346 949 1412 variis
978 1346 1344 1412 rationibus
1375 1346 1824 1431 impediretur3
1853 1348 1964 1412 sed
1993 1349 2216 1413 volun-

185 1439 325 1500 tate
390 1440 613 1500 tamen
672 1439 1015 1520 perspecta
1078 1440 1343 1500 senatus
1410 1457 1607 1501 causa
1673 1435 1756 1499 ad
1813 1458 1929 1500 vos
1996 1458 2214 1500 mense

104 1543 157 1584 15
184 1523 489 1588 Ianuario
548 1523 973 1589 deferebatur.
1060 1523 1189 1590 Hic
1242 1527 1504 1588 tantum
1550 1522 1848 1588 interfuit
1892 1524 2065 1588 inter
2112 1545 2214 1588 me

187 1617 253 1677 et
316 1611 614 1679 inimicos
679 1634 887 1678 meos:
950 1611 1097 1695 Ego
1108 1661 1126 1694 ,
1161 1623 1339 1675 'cum
1405 1612 1704 1676 homines
1767 1613 1837 1676 in
1900 1611 2218 1676 tribunali

186 1699 456 1765 Aurelio
513 1701 735 1784 palam
784 1700 1104 1765 conscribi
1152 1699 1630 1782 centuriarique
1679 1699 2012 1782 vidissem,
2069 1722 2216 1766 cum

186 1789 634 1874 intellegerem
689 1790 941 1853 veteres
1003 1788 1086 1854 ad
1133 1809 1316 1872 spem
1363 1788 1576 1852 caedis
1624 1785 1947 1852 Catilinae
1994 1787 2216 1872 copias

188 1899 329 1943 esse
392 1881 759 1962 revocataS,
824 1899 969 1943 cum
1032 1876 1320 1952 viderem
1387 1897 1464 1941 ex
1529 1898 1605 1941 ea
1658 1879 1844 1961 parte
1901 1876 2217 1961 homines,

104 1987 159 2028 20
187 1966 367 2033 cuius
422 1966 629 2051 partis
682 1988 804 2031 nos
850 1967 956 2030 vel
1011 1965 1339 2050 principes
1385 1965 1917 2047 numerabamur,
1971 1966 2217 2049 partim

190 2055 362 2141 quod
408 2054 568 2119 mihi
613 2054 1005 2138 inviderent,
1051 2054 1293 2137 partim
1341 2052 1513 2137 quod
1561 2052 1687 2117 sibi
1731 2053 2056 2136 timerent,
2105 2057 2218 2117 aut

185 2143 553 2229 proditores
600 2164 741 2208 esse
788 2147 901 2207 aut
947 2143 1310 2207 desertores
1360 2140 1592 2205 salutis
1640 2162 1850 2223 meae,
1898 2163 2044 2206 cum
2092 2141 2217 2205 duo

188 2232 485 2299 consules
534 2232 739 2316 empti
784 2230 1085 2314 pactione
1131 2230 1614 2315 provinciarum
1655 2234 1950 2295 auctores
1989 2250 2058 2293 88
2095 2229 2218 2292 1111-

187 2320 371 2385 1111818
427 2320 521 2384 rei
574 2319 877 2404 publicae
923 2318 1373 2397 tradidissent,
1431 2340 1576 2382 cum
1625 2320 2012 2403 egestatem,
2068 2340 2218 2383 ava-

106 2428 159 2469 85
188 2409 427 2491 ritiam,
473 2407 775 2472 libidines
823 2430 975 2473 suas
1020 2407 1314 2472 viderent
1361 2406 1607 2489 expleri
1652 2428 1786 2470 non
1830 2427 2044 2490 posse,
2088 2406 2218 2471 nisi

185 2518 281 2563 me
334 2496 761 2562 constrictum
817 2496 1190 2561 domesticis
1245 2494 1549 2560 hostibus
1588 2494 2012 2577 dedidissent,
2071 2516 2218 2562 cum

190 2590 451 2651 senatus
527 2584 893 2670 equitesque
952 2584 1233 2649 Romani
1291 2584 1442 2649 flere
1498 2605 1616 2685 pro
1672 2605 1775 2647 me
1833 2605 1906 2648 88
1961 2587 2220 2648 mutata

186 2680 365 2739 veste
423 2673 613 2739 vobis
660 2675 1024 2758 supplicare
1071 2672 1298 2737 edictis
1345 2676 1541 2755 atque
1587 2671 1878 2756 imperiis
1925 2674 2219 2737 vetaren-

187 2766 310 2847 tur,
356 2784 504 2829 cum
551 2762 839 2827 omnium
884 2761 1366 2846 provinciarum
1413 2760 1767 2843 pactioneS,
1814 2781 1959 2826 cum
2001 2760 2220 2825 omnia

108 2871 161 2910 30
190 2874 333 2917 cum
412 2850 713 2915 omnibus
786 2850 1049 2914 foedera
1112 2848 1790 2930 reconciliationesque
1854 2848 2218 2934 gratiarum

189 2939 501 3026 sanguine
548 2960 694 3003 meo
742 2938 1167 3017 sancirentur,
1215 2960 1362 3003 cum
1411 2958 1634 3001 omnes
1680 2937 1839 3001 boni
1873 2957 2010 3000 non
2043 2956 2221 2999 recu-

189 3032 434 3113 sarent,
493 3028 649 3112 quin
701 3028 805 3092 vel
860 3048 979 3112 pro
1037 3049 1139 3091 me
1185 3025 1292 3091 vel
1349 3047 1600 3092 mecum
1646 3025 1961 3124 perirent,
2017 3022 2218 3087 armis

187 3118 513 3183 decertare
569 3136 687 3201 pro
744 3136 891 3184 mea
946 3116 1157 3179 salute
1210 3114 1423 3196 nolui,
1488 3113 1661 3197 quod
1717 3116 1784 3177 et
1835 3112 2092 3176 vincere
2153 3113 2219 3174 et

2254 569 2318 617 12

2257 1541 2321 1588 13

186 3206 355 3272 vinci
405 3206 775 3269 luctuosum
821 3203 915 3267 rei
959 3202 1262 3288 publicae
1310 3201 1448 3266 fore
1494 3199 1738 3284 putavi.
1830 3197 1923 3262 At
1967 3197 2218 3262 inimici
2260 3213 2326 3261 14

108 3312 159 3353 35
186 3296 331 3397 mei,
377 3314 598 3358 mense
644 3291 949 3356 Ianuario
997 3313 1142 3357 cum
1191 3291 1267 3355 de
1315 3311 1418 3354 me
1466 3290 1789 3390 ageretur,
1836 3285 2217 3371 corporibus

187 3383 421 3449 civium
495 3379 839 3445 trucidatis
910 3379 1177 3443 flumine
1252 3377 1588 3463 sanguinis
1655 3398 1870 3441 meum
1936 3374 2216 3439 reditum

187 3469 747 3537 intercludendum
792 3470 1205 3551 putaverunt.
1287 3466 1549 3551 Itaque,
1595 3464 1746 3529 dum
1795 3485 1915 3549 ego
1965 3463 2216 3546 absum,
2256 3463 2298 3527 6

1787 3568 1896 3622 29*
