2534 3875
223 1121 290 1169 61

222 1786 310 1850 22

219 2791 287 2840 63

329 169 414 232 58
873 167 1020 223 PRO
1057 170 1124 223 A.
1167 166 1485 223 CAECINA
1526 165 1813 221 ORATIO.

325 311 529 377 fundo
575 310 1000 397 praecipitem
1047 311 1256 396 egeris
1304 311 1647 396 iussusque
1694 309 1803 393 sis,
1852 330 2043 394 quem
2087 308 2369 375 homini-

328 400 452 463 bus
500 399 770 463 armatis
817 399 1152 482 deieceris,
1198 400 1571 483 restituere,
1616 398 1982 463 restituisse
2028 401 2095 462 te
2142 397 2365 463 dices?

327 486 551 552 Verba
599 487 656 551 si
710 486 957 569 valent,
1017 487 1073 551 si
1119 508 1351 552 causae
1404 508 1538 552 non
1592 486 1876 568 ratione,
1936 484 2048 550 sed
2092 486 2364 550 vocibus

328 575 790 660 pondera-ntur,
836 596 940 639 me
987 579 1250 640 auctore
1297 575 1515 640 dicito.
1605 574 1845 640 Vinces
1890 574 2184 657 profecto
2230 596 2365 639 non

328 664 530 729 fuisse
577 667 866 728 armatos
913 684 1054 747 eos,
1115 663 1228 747 qui
1274 684 1432 728 saxa
1476 663 1791 744 iacerent,
1850 684 2015 747 quae
2062 661 2139 726 de
2184 665 2363 727 terra
2390 678 2422 719 ⁵

327 751 457 835 ipsi
503 751 838 835 tollerent,
893 772 1027 816 non
1073 773 1214 817 esse
1261 774 1445 817 arma
1490 751 1809 835 caespites
1855 771 2062 835 neque
2109 750 2365 835 glebas3

327 860 463 904 non
506 838 709 904 fuisse
748 842 1038 904 armatos
1087 860 1217 923 eOS,
1264 839 1375 924 qui
1421 841 1908 924 praetereuntes
1954 860 2211 903 ramum
2258 838 2361 903 de·

329 928 692 1012 fringerent
739 927 1020 1013 arboris3
1084 950 1268 992 arma
1315 948 1457 992 esse
1505 928 1640 992 suis
1686 926 2059 992 nominibus
2106 926 2235 991 alia
2280 926 2364 992 ad

330 1015 700 1116 tegendum,
748 1015 878 1079 alia
915 1015 997 1079 ad
1031 1016 1422 1098 nocendum,
1471 1037 1633 1100 quae
1672 1015 1783 1117 qui
1824 1035 1959 1079 non
1994 1014 2363 1094 habuerint,

329 1124 442 1168 eos
479 1104 764 1167 inermos
811 1104 1012 1168 fuisse
1050 1104 1287 1169 vinces.
1367 1103 1614 1168 Verum
1662 1104 1721 1167 si
1766 1102 1937 1187 quod
1983 1102 2109 1167 erit
2155 1120 2448 1168 armo-1⁰
2518 1167 2520 1177 ,

329 1213 474 1255 rum
513 1190 839 1275 iudicium,
885 1197 1029 1256 tum
1063 1192 1196 1256 ista
1235 1192 1459 1275 dicit03
1505 1192 1667 1256 iuris
1706 1191 2014 1256 iudicium
2052 1212 2198 1255 cum
2236 1192 2365 1257 erit

331 1283 398 1343 et
435 1280 806 1364 aequitatis,
853 1301 1008 1345 cave
1053 1281 1123 1344 in
1159 1281 1293 1344 ista
1332 1284 1471 1345 tam
1506 1279 1767 1364 frigida,
1812 1283 1951 1344 tam
1995 1278 2213 1344 ieiuna
2258 1302 2364 1345 ca·

330 1368 580 1433 lumnia
625 1368 974 1433 delitiscas.
1063 1367 1214 1433 Non
1261 1368 1437 1432 enim
1489 1368 1775 1451 reperies
1824 1389 2217 1452 quemquam
2270 1368 2365 1433 iu-

331 1455 537 1520 dicem
566 1460 681 1520 aut
708 1459 1250 1541 recuperatorem,
1290 1456 1419 1541 qui,
1454 1460 1793 1540 tamquam
1830 1458 1884 1519 si
1916 1478 2099 1520 arma
2130 1456 2365 1521 militis

328 1543 740 1627 inspiciunda
785 1545 937 1628 sint,
981 1545 1077 1609 ita
1122 1545 1359 1629 probet
1396 1549 1747 1627 armatum3
1795 1543 1907 1609 sed
1952 1545 2219 1625 perinde
2256 1568 2366 1610 va·
2394 1561 2447 1605 ιε
2520 1558 2522 1639 J

328 1632 508 1715 lebit,
556 1633 742 1717 quasi
780 1633 1209 1697 armatissimi
1252 1632 1515 1715 fuerint,
1562 1632 1621 1697 si
1659 1632 2067 1715 reperientur
2109 1633 2209 1698 ita
2253 1656 2366 1717 pa·
2520 1656 2522 1661 ·

328 1720 456 1784 rati
491 1683 711 1804 i'uisse,
757 1724 832 1785 ut
877 1722 1010 1785 vim
1048 1721 1225 1786 vitae
1274 1724 1387 1784 aut
1422 1720 1681 1805 corpori
1721 1720 2069 1803 potuerint
2092 1721 2369 1789 adferre.

462 1807 683 1909 Atque
729 1812 804 1872 ut
847 1809 1060 1894 magis
1117 1809 1496 1894 intellegaS,
1556 1831 1751 1893 quam
1797 1808 1997 1873 verba
2041 1809 2209 1873 nihil
2255 1834 2367 1875 va—

257 1864 531 1981 ²,leant
577 1896 634 1961 si
670 1900 745 1962 tu
782 1897 962 1962 solus
1001 1901 1116 1962 aut
1153 1897 1366 1982 quivis
1412 1918 1579 1962 unus
1618 1918 1765 1963 cum
1804 1900 1990 1962 scuto
2029 1901 2096 1962 et
2141 1897 2365 1982 gladio
2522 1969 2524 1972 Α

327 1984 646 2070 impetum
691 1986 760 2049 in
800 2007 904 2050 me
945 1985 1209 2050 fecisset
1247 1989 1443 2069 atque
1490 2007 1613 2072 ego
1660 1987 1759 2050 ita
1804 1985 2089 2051 deiectus
2133 2009 2364 2073 essem,
2394 2003 2447 2046 κο

330 2074 681 2138 auderesne
742 2073 951 2138 dicere
1006 2074 1429 2139 interdictum
1485 2095 1627 2138 esse
1682 2075 1761 2138 de
1825 2074 2199 2139 hominibus
2264 2098 2364 2140 ar-

328 2162 554 2246 matis,
623 2161 732 2227 hic
793 2166 1012 2226 autem
1081 2161 1413 2227 hominem
1480 2166 1809 2227 armatum
1866 2185 2069 2228 unum
2112 2163 2363 2230 fuisse?

327 2247 497 2333 Non,
536 2250 788 2351 opinor,
824 2254 962 2314 tam
991 2250 1309 2335 inpudens
1340 2271 1534 2315 esses.
1607 2249 1814 2334 Atqui
1838 2251 2004 2335 vide,
2039 2272 2121 2316 ne
2150 2253 2362 2318 multo

325 2359 498 2402 nunc
545 2339 635 2401 sis
681 2338 1120 2423 inpudentior.
1210 2337 1385 2403 Nam
1431 2343 1573 2402 tum
1613 2339 1875 2422 quidem
1920 2361 2145 2404 omnes
2192 2362 2362 2405 mor·

327 2426 496 2489 tales
542 2426 893 2510 implorare
940 2448 1194 2511 posseS,
1251 2427 1425 2512 quod
1469 2426 1767 2492 homines
1815 2428 1885 2491 in
1928 2431 2045 2492 tuo
2089 2429 2360 2514 negotio
2391 2444 2443 2486 8⁵

324 2511 560 2576 Latine
605 2513 1160 2598 obliviscerentur,
1201 2515 1400 2598 [quod
1445 2515 1679 2578 inermi
1726 2517 1965 2580 armati
2008 2515 2362 2582 iudicarcn

325 2601 480 2682 tur,]
550 2601 749 2684 quod,
804 2624 951 2667 cum
998 2603 1419 2667 interdictum
1467 2606 1641 2666 esset
1687 2603 1764 2668 de
1810 2604 2135 2688 pluribuS,
2190 2626 2363 2670 com-

325 2687 529 2752 missa
582 2711 688 2753 res
735 2694 909 2754 esset
963 2690 1046 2754 ab
1095 2712 1253 2773 unc,
1310 2712 1477 2755 unus
1523 2691 1721 2756 homo
1769 2692 1991 2793 plures
2049 2714 2192 2756 esse
2248 2693 2362 2760 ho·

327 2775 533 2839 mines
579 2776 1036 2842 iudicarentur.
1127 2777 1376 2842 Verum
1431 2780 1501 2842 in
1553 2779 1658 2843 his
1713 2780 1927 2845 causis
1979 2802 2115 2845 non
2157 2782 2361 2847 verba

324 2863 639 2927 veniunt
620 2886 691 2927 111
727 2865 1055 2948 iudicium,
1093 2865 1207 2930 sed
1244 2888 1322 2930 ea
1358 2888 1481 2949 res,
1518 2868 1699 2932 cuius
1738 2890 1937 2934 causa
1963 2869 2164 2933 verba
2198 2869 2361 2936 haec
2387 2886 2443 2928 ⁸⁰

322 2950 394 3016 in
438 2951 859 3017 interdictum
905 2916 1198 3018 coniecta
1244 2959 1414 3020 sunt.
1477 2953 1651 3039 Vim,
1698 2977 1863 3040 quae
1912 2957 1995 3022 ad
2039 2962 2238 3042 caput
2284 2980 2360 3024 ac

322 3038 532 3104 vitam
577 3039 961 3125 pertineret,
1021 3043 1283 3106 restitui
1338 3043 1477 3107 sine
1523 3045 1663 3108 ulla
1716 3046 2096 3128 exceptione
2141 3046 2359 3112 volue-

322 3131 494 3192 runt.
583 3128 686 3192 Ea
721 3129 797 3193 fit
832 3129 1216 3215 plerumque
1251 3152 1370 3212 per
1406 3132 1723 3196 homines
1741 3137 2001 3199 coactos
2040 3138 2359 3200 armatos·

325 3237 474 3315 que3
521 3215 579 3280 si
625 3217 754 3281 alio
801 3218 1094 3302 consili0,
1140 3217 1367 3283 eodem
1412 3220 1703 3324 periculo
1748 3220 1927 3287 facta
1974 3222 2077 3304 sit,
2129 3223 2355 3288 eodem

320 3302 461 3368 iure
504 3325 646 3369 csse
690 3304 1057 3371 voluerunt.
1147 3305 1301 3371 Non
1346 3308 1521 3372 enim
1576 3311 1785 3374 maior
1841 3313 1941 3374 est
1986 3310 2253 3395 iniuria,
2299 3313 2357 3377 si
2385 3327 2437 3370 ω

321 3394 437 3455 tua
489 3392 745 3458 familia
800 3416 996 3479 quam
1051 3395 1107 3459 si
1165 3398 1318 3459 tuus
1376 3395 1634 3475 vilicus,
1692 3419 1851 3480 non,
1917 3397 1975 3462 si
2028 3398 2130 3462 tui
2184 3400 2357 3464 servi

324 3499 521 3562 quam
569 3481 622 3544 si
671 3481 868 3547 alieni
914 3504 990 3548 ac
1035 3484 1489 3568 mercennarii,
1542 3506 1703 3569 non,
1750 3485 1806 3550 si
1853 3489 2005 3550 tuus
2050 3508 2357 3572 procura
