2534 3875
540 154 692 211 CAP.
736 162 943 211 15-17
984 162 1014 221 ἓ
1053 161 1282 212 45—50.
1845 161 1927 225 91

0 297 204 363 ndata
260 303 456 384 atque
516 300 837 365 exercitus
886 322 1026 365 esse
1073 300 1477 367 commissos.
1558 300 1713 368 Fuit
1758 304 1932 369 enim

5 386 188 453 fecto
250 388 636 473 quibusdam
685 390 958 453 summis
1003 388 1164 453 viris
1213 389 1529 474 quaedam
1578 389 1661 455 ad
1703 393 1932 476 ampli-

3 478 188 540 inem
235 480 302 539 et
348 475 430 540 ad
476 476 755 561 gloriam
790 480 868 541 'et
913 476 995 542 ad
1039 498 1146 541 res
1193 498 1468 562 magnas
1506 478 1672 543 bene
1707 499 1929 566 geren-

65 563 383 628 divinitus
439 564 745 630 adiuncta
787 564 1071 630 fortuna.
1163 564 1261 629 De
1307 566 1501 630 huius
1548 569 1769 631 autem
1814 567 1927 633 ho-

0 652 90 716 1is
135 651 470 736 felicitate,
517 652 595 721 de
643 674 772 737 quo
816 675 988 717 nunc
1033 653 1309 738 agimuS,
1353 654 1479 718 hac
1522 658 1675 719 utar
1716 655 1931 721 mode*

0 740 148 804 ione
206 739 486 823 dicendi,
545 762 678 806 non
731 745 808 806 ut
859 741 926 804 in
983 741 1164 805 illius
1218 745 1550 825 potestate
1595 743 1927 808 fortunam

0 829 177 892 :itam
225 848 366 893 esse
413 828 650 912 dicam,
705 829 820 893 sed
863 833 939 893 ut
984 830 1344 913 praeterita
1389 830 1793 914 meminisse,
1836 852 1931 895 re·

0 938 72 980 ia
113 937 374 1000 sperare
401 917 754 1002 videamur,
789 937 871 981 ne
911 922 1026 982 aut
1059 917 1273 983 invisa
1311 917 1411 983 dis
1446 919 1927 985 immortalibus

3 1004 108 1068 tio
161 1011 391 1069 nostra
447 1008 564 1069 aut
615 1005 879 1089 ingrata
933 1027 1075 1070 esse
1111 1006 1430 1072 videatur.
1511 1005 1741 1093 Itaque
1797 1028 1927 1073 non
1968 1025 2036 1073 45

0 1114 33 1156 a
73 1092 586 1177 praedicaturus,
623 1097 901 1177 quantas
938 1093 1054 1158 ille
1083 1114 1187 1159 res
1217 1094 1395 1159 domi
1421 1094 1717 1179 militiae,
1751 1099 1932 1161 terra

0 1180 187 1263 rique
234 1185 607 1267 quantaque
653 1181 966 1246 felicitate
1015 1183 1321 1268 gesserit,
1368 1187 1443 1248 ut
1488 1184 1625 1249 eius
1674 1204 1927 1268 semper

0 1267 346 1333 untatibus
407 1290 541 1334 non
607 1269 799 1335 modo
866 1270 1039 1335 cives
1105 1270 1539 1355 adsenserint,
1604 1272 1763 1337 socii
1819 1273 1927 1337 ob-

0 1355 340 1442 1perarint,
385 1357 610 1422 hostes
659 1357 1085 1444 oboedierint,
1133 1359 1245 1423 sed
1294 1359 1492 1424 etiam
1538 1360 1721 1424 venti
1764 1365 1927 1425 tem-

0 1449 310 1529 tatesque
358 1445 887 1530 obsecundarint3
939 1446 1066 1512 hoc
1109 1446 1495 1511 brevissime
1543 1447 1773 1528 dicam,
1817 1470 1927 1512 ne-

0 1555 136 1597 1em
190 1555 500 1617 umquam
560 1537 698 1598 tam
755 1534 1199 1617 impudentem
1255 1535 1486 1618 fuisse,
1540 1535 1652 1620 qui
1696 1537 1781 1600 ab
1830 1535 1927 1600 dis

0 1621 377 1687 nortalibus
423 1625 529 1686 tot
565 1626 632 1686 et
677 1625 900 1687 tantas
947 1644 1052 1687 res
1098 1624 1340 1688 tacitus
1376 1623 1645 1688 auderet
1679 1626 1927 1708 optare,

0 1714 52 1773 >t
131 1713 198 1774 et
269 1714 549 1794 quantas
614 1710 679 1775 di
742 1711 1150 1776 immortales
1216 1710 1299 1775 ad
1365 1708 1480 1776 Cn.
1543 1710 1927 1796 Pompeium

0 1797 285 1861 ulerunt.
378 1797 565 1874 Quod
613 1802 689 1863 ut
733 1798 832 1862 illi
879 1800 1216 1883 proprium
1265 1820 1341 1864 ac
1386 1803 1774 1884 perpetuum
1822 1800 1927 1885 sit,

0 1885 199 1970 irites,
245 1906 392 1951 cum
429 1886 789 1952 communis
827 1887 1061 1952 salutis
1100 1891 1295 1972 atque
1332 1886 1610 1972 imperii,
1654 1891 1795 1953 tum
1833 1888 1927 1974 ip-

0 1996 21 2040 3
51 1974 340 2038 hominis
369 1995 581 2058 causa,
619 1975 814 2040 sicuti
838 1975 1076 2059 facitis,
1104 1977 1274 2041 velle
1304 1980 1371 2041 et
1397 1980 1630 2061 optare
1660 1976 1927 2043 debetis.

21 2061 242 2149 Quare
297 2083 442 2128 cum
499 2067 565 2127 et
610 2064 856 2128 bellum
903 2064 993 2128 sit
1037 2065 1133 2129 ita
1177 2065 1645 2149 necessarium,
1699 2069 1776 2130 ut
1819 2086 1925 2130 ne·
1964 2082 2032 2130 -ffl

0 2151 68 2236 gi
134 2172 268 2215 non
325 2150 563 2234 possit,
622 2152 719 2215 ita
781 2172 1111 2238 magnum,
1174 2157 1250 2218 ut
1306 2153 1791 2219 accuratissime
1839 2153 1927 2218 sit

0 2237 511 2322 ninistrandum,
581 2242 649 2303 et
722 2261 867 2304 cum
932 2242 991 2306 ei
1053 2241 1515 2324 imperatorem
1579 2242 1927 2325 praeficere

0 2327 192 2408 sitis,
255 2327 324 2390 in
380 2348 507 2411 quo
564 2328 654 2392 sit
709 2329 946 2393 eximia
998 2329 1160 2393 belli
1215 2331 1517 2413 scientia,
1574 2331 1926 2414 singularis

0 2424 122 2498 :uS,
159 2415 524 2480 clarissima
559 2417 935 2500 auctoritaS,
973 2419 1237 2502 egregia
1272 2419 1554 2500 fortuna,
1594 2418 1927 2500 dubitatiS,

0 2504 210 2584 iriteS,
265 2503 422 2587 quin
479 2503 605 2568 hoc
662 2509 924 2569 tantum
979 2506 1163 2591 boni,
1222 2508 1393 2590 quod
1441 2506 1627 2571 vobis
1684 2507 1769 2571 ab
1825 2506 1926 2571 dis

0 2590 378 2656 nortalibus
426 2590 724 2657 oblatum
772 2597 840 2657 et
887 2593 1111 2658 datum
1149 2597 1267 2675 est,
1314 2596 1382 2658 in
1418 2616 1557 2658 rem
1594 2594 1924 2678 publicam
1948 2646 2028 2706 1.-

0 2678 402 2744 [servandam
442 2682 638 2763 atque
677 2680 1201 2766 amplificandam
1238 2681 1635 2747 conferatis?
1680 2681 1927 2758 Quodsi
1964 2666 2032 2770 fii}

0 2787 144 2831 mae
217 2765 330 2832 Cn.
392 2766 742 2852 Pompeius
815 2769 1110 2853 privatus
1185 2773 1359 2834 esset
1419 2770 1545 2835 hoc
1611 2775 1925 2855 tempore,

0 2877 118 2920 aen
183 2856 265 2919 ad
328 2858 589 2920 tantum
654 2857 900 2922 bellum
963 2857 1021 2922 is
1087 2861 1228 2922 erat
1288 2857 1668 2944 deligendus
1730 2862 1926 2942 atque

0 2941 278 3027 ztendus3
344 2965 514 3008 nunc
579 2965 726 3009 cum
790 2945 873 3010 ad
936 2949 1185 3010 ceteras
1251 2967 1540 3011 summas
1601 2945 1927 3012 utilitates

0 3054 52 3097 >c
110 3052 364 3116 quoque
422 3034 837 3116 oportunitas
897 3034 1321 3119 adiungatur,
1380 3039 1455 3099 ut
1498 3035 1569 3099 in
1626 3036 1708 3099 iis
1761 3034 1925 3119 ipsis

0 3121 51 3185 is
91 3119 283 3203 adsit,
329 3124 404 3184 ut
437 3119 683 3185 habeat
721 3121 1089 3204 exercitum,
1134 3125 1210 3187 ut
1247 3121 1331 3186 ab
1367 3122 1469 3204 iis,
1515 3124 1625 3205 qui
1662 3121 1927 3205 habent,

0 3209 187 3293 ipere
234 3208 461 3272 statim
508 3209 739 3292 possit,
786 3209 940 3292 quid
977 3210 1438 3293 expectamus?
1485 3212 1600 3274 aut
1646 3231 1759 3275 cur
1794 3231 1927 3273 non

0 3297 164 3362 tibus
231 3295 329 3360 dis
393 3295 878 3361 immortalibus
943 3297 1177 3380 eidem,
1233 3298 1339 3363 cui
1402 3301 1619 3362 cetera
1671 3310 1927 3361 summa

0 3407 38 3448 n
95 3383 310 3448 salute
365 3384 461 3448 rei
514 3384 813 3469 publicae
869 3385 1218 3451 commissa
1263 3389 1447 3468 sunt,
1501 3385 1626 3450 hoc
1672 3404 1927 3469 quoque

0 3472 143 3536 lum
188 3472 441 3558 regium
489 3472 1022 3538 committamus?
