2534 3875
360 163 492 229 530
687 165 783 220 DE
820 163 1292 220 HARUSPICUM
1329 165 1702 222 RESPONSO
1741 165 2028 222 ORATIO.

362 307 534 391 quod
570 308 647 372 fit
680 330 795 393 per
832 307 1113 394 virgines
1143 308 1474 394 Vestales,
1508 310 1586 374 fit
1619 332 1740 394 pro
1775 311 2017 395 populo
2052 310 2386 395 Romano,

360 397 439 460 fit
492 396 561 460 in
614 417 692 460 ea
747 396 963 480 domo,
1018 418 1183 480 quae
1238 402 1342 462 est
1392 398 1459 462 in
1514 398 1815 482 imperi0,
1874 399 1949 463 fit
2005 399 2383 465 incredibili

362 485 771 569 caerimonia,
814 485 891 549 fit
936 485 995 548 ei
1042 485 1214 568 deae,
1258 487 1437 551 cuius
1483 507 1564 551 ne
1607 508 1843 551 nomen
1890 487 2146 570 quidem
2191 489 2380 553 viros

362 573 525 638 scire
569 572 671 637 fas
715 575 833 656 est,
880 594 1072 656 quam
1116 573 1243 638 iste
1287 575 1524 640 idcirco
1569 574 1820 639 Bonam
1866 574 2038 659 dicit,
2084 576 2255 659 quod
2298 578 2379 640 in

262 662 341 727 18
364 663 548 725 tanto
598 660 721 724 sibi
766 661 1005 726 scelere
1049 663 1389 745 ignoverit.
1459 660 1611 727 Non
1655 662 1925 748 ignovit,
1970 663 2131 727 mihi
2167 665 2378 747 crede,
2439 683 2468 722 5

362 769 511 814 non.
600 748 746 813 Nisi
788 748 960 814 forte
1004 749 1129 813 tibi
1167 771 1306 814 esse
1351 751 1650 836 ignotum
1694 755 1914 835 putas,
1961 751 2131 834 quod
2175 755 2241 815 te
2277 753 2376 816 iu-

364 837 534 902 dices
591 837 942 901 emiserunt
995 859 1330 902 excussum
1385 843 1453 902 et
1503 838 1911 921 exhaustum,
1967 861 2083 905 suo
2131 839 2375 905 iudicio

365 924 761 1006 absolutum,
816 927 1105 990 omnium
1160 926 1684 1009 condemnatum,
1744 932 1856 991 aut
1913 926 2084 1010 quod
2129 929 2375 1011 0011108,

258 1031 327 1080 38
362 1016 437 1077 ut
496 1013 713 1097 opinio
772 1013 946 1076 illius
1005 1015 1338 1099 religionis
1397 1018 1522 1097 est,
1579 1035 1710 1079 non
1769 1013 2123 1099 perdidisti.
2210 1014 2372 1091 Quis

363 1101 537 1166 enim
590 1104 738 1165 ante
791 1103 858 1164 te
912 1122 1097 1166 sacra
1150 1103 1264 1166 illa
1319 1103 1418 1166 vir
1473 1102 1678 1167 sciens
1731 1103 2008 1186 viderat,
2065 1108 2140 1167 ut
2199 1105 2372 1188 quis·
2405 1125 2458 1163 10

366 1211 560 1272 quam
597 1210 890 1271 poenam,
928 1211 1089 1273 quae
1126 1194 1501 1274 sequeretur
1536 1191 1601 1254 id
1640 1191 1864 1274 8001118,
1901 1191 2062 1256 scire
2099 1193 2370 1276 posset?

364 1279 469 1340 An
516 1275 637 1340 tibi
683 1276 949 1340 luminis
997 1279 1256 1342 obesset
1295 1278 1570 1344 caecitas
1616 1279 1765 1362 plus
1803 1301 1995 1363 quam
2033 1279 2370 1344 libidinis?

363 1362 465 1428 Ne
524 1362 589 1428 id
648 1364 903 1448 quidem
966 1367 1195 1449 sentis,
1253 1366 1624 1431 coniventes
1684 1367 1834 1432 illos
1898 1368 2120 1433 oculos
2180 1369 2371 1433 abavi

363 1452 461 1516 tui
497 1454 709 1537 magis
745 1454 1061 1536 optandos
1096 1453 1296 1518 fuisse
1335 1476 1527 1538 quam
1565 1455 1686 1519 hos
1713 1455 2052 1539 flagrantis
2081 1457 2366 1521 sororis?

364 1539 512 1604 Tibi
557 1562 738 1623 vero,
793 1541 849 1604 si
894 1541 1237 1626 diligenter
1283 1543 1576 1607 attendes
1585 1593 1604 1626 ‚
1646 1543 1990 1628 intelleges
2034 1545 2366 1610 hominum
2401 1565 2453 1603 15
2501 1548 2509 1557 “

366 1650 607 1713 poenas
652 1629 873 1694 deesse
918 1630 1143 1713 adhuc,
1186 1652 1320 1695 non
1363 1631 1645 1695 deorum.
1716 1630 2035 1697 Homines
2081 1638 2147 1697 te
2191 1635 2258 1697 in
2298 1654 2370 1697 re

364 1717 738 1781 foedissima
794 1716 1239 1801 defenderunt,
1293 1717 1585 1783 homines
1639 1720 2086 1804 turpissimum
2139 1743 2369 1785 nocen-

365 1805 818 1889 tissimumque
889 1805 1259 1889 laudarunt,
1329 1806 1625 1871 homines
1693 1829 1893 1892 prope
1954 1808 2370 1872 confitentem

365 1892 601 1958 iudicio
656 1893 1116 1977 liberaverunt,
1170 1894 1537 1960 hominibus
1593 1894 1827 1961 iniuria
1881 1895 1975 1959 tui
2019 1895 2224 1979 stupri
2270 1895 2368 1959 in-

366 1982 503 2045 lata
546 1982 613 2045 in
658 1982 836 2065 ipsos
881 1982 1085 2047 dolori
1131 2004 1262 2047 non
1306 1983 1457 2066 fuit,
1512 1984 1803 2050 homines
1847 1984 1968 2048 tibi
2024 2005 2203 2047 arma
2247 1984 2365 2047 alii
2397 2005 2458 2044 20
2524 1967 2525 2043 1

365 2070 435 2133 111
487 2090 615 2151 1110,
672 2070 787 2134 alii
841 2072 994 2153 post
1046 2072 1115 2134 in
1168 2071 1357 2135 illum'
1406 2072 1719 2136 invictum
1779 2072 1979 2137 civem
2037 2071 2370 2156 dederunt,
2524 2096 2525 2135 1

366 2158 701 2223 hominum
760 2158 1069 2223 beneficia
1119 2180 1384 2243 prorsus
1441 2160 1716 2224 concedo
1771 2160 1896 2224 tibi
1944 2160 2075 2225 iam
2119 2161 2372 2226 maiora

262 2263 329 2311 39
366 2266 497 2310 non
544 2267 682 2310 esse
727 2246 1111 2330 quaerenda3
1157 2268 1196 2311 a
1231 2247 1331 2311 dis
1377 2248 1634 2331 quidem
1679 2248 2158 2313 immortalibus
2205 2271 2371 2332 quae

366 2337 587 2418 potest
621 2333 872 2398 homini
899 2334 1105 2399 maior
1132 2356 1274 2399 esse
1300 2356 1509 2418 poena
1534 2335 1752 2401 furore
1782 2340 1977 2420 atque
2006 2336 2369 2402 dementia?

365 2422 493 2485 nisi
546 2421 744 2504 forte,
798 2423 867 2486 in
920 2423 1272 2508 tragoediis
1329 2446 1489 2508 quos
1544 2423 1804 2489 volnere
1849 2446 1926 2489 ac
1973 2425 2190 2490 dolore
2236 2446 2368 2489 cor·
2397 2444 2449 2483 25

365 2510 543 2591 poris
581 2510 854 2575 cruciari
889 2515 955 2575 et
991 2512 1282 2575 consumi
1325 2512 1523 2591 vides,
1567 2513 1898 2596 graviores
1945 2513 2208 2577 deorum
2252 2514 2366 2576 im-

368 2596 740 2661 mortalium
785 2597 915 2661 iras
962 2598 1176 2663 subire
1222 2621 1415 2682 quam
1462 2600 1642 2682 illos,
1697 2600 1806 2683 qui
1856 2598 2147 2665 furentes
2191 2601 2368 2665 indu-

367 2688 625 2766 cuntur,
685 2689 896 2766 putaS.
983 2685 1135 2750 Non
1207 2691 1359 2752 sunt
1427 2687 1526 2751 illi
1599 2687 1874 2751 eiulatus
1949 2692 2015 2751 et
2087 2689 2367 2775 gemitus

365 2771 767 2836 Philoctetae
800 2775 938 2838 tam
983 2774 1220 2858 miseri,
1266 2797 1653 2860 quamquam
1700 2779 1850 2839 sunt
1895 2777 2126 2859 acerbi,
2172 2798 2366 2859 quam

364 2861 483 2925 illa
542 2860 854 2925 exultatio
915 2861 1336 2927 Athamantis
1396 2867 1462 2927 et
1522 2885 1713 2947 quam
1774 2864 2023 2930 senium
2086 2864 2364 2928 matrici·
2393 2883 2445 2923 80

367 2949 611 3013 darum.
690 2947 790 3013 Tu
834 2970 979 3013 cum
1024 2949 1290 3015 furiales
1335 2952 1404 3015 in
1449 2951 1857 3017 contionibus
1903 2973 2090 3017 voces
2137 2952 2366 3035 mittis,

368 3058 512 3101 cum
575 3038 799 3103 domos
864 3037 1100 3102 civium
1164 3040 1427 3123 evertiS,
1489 3061 1634 3103 cum
1698 3040 2018 3124 lapidibus
2084 3040 2364 3125 optimos

367 3125 541 3189 viros
604 3124 747 3190 foro
809 3125 1023 3209 pellis,
1088 3147 1233 3191 cum
1299 3128 1583 3192 ardentis
1646 3127 1820 3192 faces
1882 3128 1951 3192 in
2010 3128 2360 3194 vicinorum

367 3216 542 3276 tecta
585 3212 807 3296 iactaS,
852 3234 998 3278 cum
1045 3214 1231 3279 aedes
1279 3237 1495 3280 sacras
1541 3215 1924 3299 inflammaS,
1969 3238 2112 3281 cum
2150 3238 2362 3282 servos

366 3298 679 3383 concitas,
724 3321 867 3364 cum
914 3322 1097 3367 sacra
1141 3302 1456 3386 ludosque
1502 3304 1868 3387 conturbas,
1913 3325 2057 3368 cum
2102 3326 2363 3369 uxorem
2391 3322 2439 3363 ³⁵

368 3405 776 3469 sororemque
838 3409 971 3453 non
1034 3390 1368 3471 discernis,
1431 3411 1602 3471 cum,
1665 3392 1836 3475 quod
1899 3392 2077 3455 ineas
2141 3391 2364 3475 cubile,

365 3490 497 3535 non
552 3473 782 3557 sentis,
835 3478 975 3539 tum
1031 3477 1388 3560 bacchariS,
1442 3482 1584 3542 tum
1637 3478 1826 3562 furis,
1884 3481 2024 3543 tum
2085 3478 2200 3544 das
2259 3500 2359 3545 eas
