2534 3875
852 203 1011 260 CAP.
1046 211 1186 260 2-e
1224 209 1254 270 s
1292 210 1484 261 5—14.
2149 207 2194 272 5

144 371 479 415 summam
506 371 646 414 rem
674 348 1005 432 publicam
1032 349 1361 435 pertinere
1390 349 1736 433 videretur,
1763 349 1849 417 M.
1863 349 2194 436 Lucullus,

144 438 265 523 qui
324 460 581 502 summa
638 439 969 522 aequitate
1025 441 1093 504 et
1148 438 1474 522 sapientia
1526 437 1627 504 ius
1685 437 1877 524 dixit,
1941 441 2192 526 primus

142 527 275 592 hoc
323 526 635 592 iudicium
680 526 1049 612 composuit
1093 531 1163 592 et
1204 527 1275 592 id
1319 526 1661 610 spectavit,
1706 532 1782 592 ut
1827 549 2052 594 omnes
2097 530 2196 594 ita

141 615 443 680 familias
472 635 621 680 suas
651 615 1079 699 continerent,
1122 618 1199 680 ut
1225 635 1358 681 non
1389 615 1583 680 modo
1612 616 1854 680 armati
1881 617 2190 682 damnum

86 725 115 765 5
140 703 396 769 nemini
451 703 707 786 darent,
760 725 990 768 verum
1044 703 1245 768 etiam
1303 701 1596 768 lacessiti
1651 702 1792 769 iure
1851 726 1922 770 se
1966 705 2190 790 potius

146 814 351 876 quam
416 794 617 856 armis
680 790 1130 875 defenderent3
1202 795 1271 856 et
1335 813 1481 856 cum
1546 791 1744 856 sciret
1805 791 1886 858 de
1953 792 2190 861 damno
2228 795 2261 844 9

143 882 369 966 legem
406 901 549 946 esse
585 880 940 964 Aquiliam,
976 883 1199 946 tamen
1234 879 1360 946 hoc
1396 879 1493 945 ita
1529 879 1979 964 existumavit,
2019 881 2194 967 apud

144 971 435 1034 maiores
492 973 756 1034 nostros
816 989 961 1036 cum
1023 972 1091 1034 et
1146 989 1253 1034 res
1315 971 1382 1034 et
1445 967 1840 1054 cupiditates
1906 969 2192 1036 minores

147 1061 374 1122 essent
427 1061 495 1121 et
545 1056 841 1122 familiae
882 1077 1017 1121 non
1062 1077 1343 1142 magnae
1389 1077 1628 1140 magno
1677 1061 1858 1122 metu
1904 1058 2194 1124 contine·

65 1168 121 1207 10
148 1151 407 1228 rentur,
462 1148 538 1209 ut
578 1150 849 1232 'perraro
893 1143 1104 1225 fieret,
1162 1149 1239 1209 ut
1282 1143 1480 1210 homo
1527 1143 1954 1226 occideretur,
1999 1145 2193 1230 idque

147 1235 474 1299 nefarium
529 1254 607 1300 ac
661 1233 995 1319 singulare
1047 1232 1302 1300 facinus
1359 1235 1727 1318 putaretur,
1789 1234 1958 1299 nihil
2024 1256 2190 1320 opus

142 1323 355 1388 fuisse
430 1321 667 1423 iudicio
741 1323 819 1386 de
882 1321 951 1388 vi
1014 1321 1259 1388 coactis
1325 1320 1746 1422 armatisque
1787 1321 2192 1405 hominibus3

143 1410 325 1496 quod
370 1409 547 1476 enim
590 1431 713 1476 usu
757 1431 891 1475 non
937 1409 1259 1493 veniebat,
1303 1409 1384 1474 de
1430 1429 1506 1474 eo
1545 1409 1602 1474 si
1627 1409 1786 1510 ‘quis
1823 1411 2040 1496 legem
2077 1416 2194 1476 aut

142 1499 461 1564 iudicium
526 1497 980 1581 constitueret,
1050 1519 1185 1563 non
1248 1501 1388 1562 tam
1452 1495 1802 1582 prohibere
1864 1498 2194 1565 videretur
2223 1551 2266 1615 5

58 1610 112 1650 15
143 1610 348 1674 quam
406 1586 771 1652 admonere.
862 1585 985 1650 His
1041 1586 1448 1670 temporibus
1495 1607 1643 1650 cum
1681 1607 1759 1650 ex
1820 1586 1998 1652 bello
2055 1587 2300 1677 diu-10

142 1683 348 1741 turno
396 1680 594 1761 atque
650 1675 1006 1740 domestico
1053 1695 1158 1740 res
1204 1674 1274 1738 in
1321 1696 1463 1738 eam
1510 1674 2042 1740 consuetudinem
2089 1698 2192 1740 ve·

142 1765 384 1844 nisset,
440 1769 517 1829 ut
568 1762 867 1828 homines
913 1763 1163 1828 minore
1208 1762 1530 1848 religione
1579 1763 1780 1826 armis
1835 1767 2194 1848 uter-entur,

142 1873 415 1918 11888888
470 1853 732 1938 putavit
786 1873 929 1918 esse
984 1855 1053 1918 et
1106 1851 1175 1914 in
1227 1851 1602 1915 universam
1655 1848 1979 1916 familiam
2034 1851 2194 1916 iudi-

143 1944 321 2009 cium
372 1942 555 2025 dare,
602 1940 777 2025 quod
823 1964 864 2005 a
906 1940 1163 2005 familia
1206 1941 1454 2005 factum
1503 1940 1849 2024 diceretur,
1905 1944 1971 2005 et
2017 1962 2192 2006 recu-

54 2053 112 2093 88
142 2035 489 2117 peratores
548 2030 731 2113 dare,
784 2032 861 2095 ut
906 2050 1102 2113 quam
1156 2029 1441 2113 primum
1493 2049 1597 2093 res
1651 2028 2072 2131 iudicaretur,
2127 2034 2195 2093 et
2234 2031 2298 2079 11

136 2141 431 2205 poenam
490 2117 859 2203 graviorem
906 2118 1332 2199 constituere,
1386 2120 1462 2180 ut
1516 2119 1695 2181 metu
1742 2119 2193 2201 comprimere-

135 2216 254 2271 tur
322 2205 620 2289 audacia,
676 2210 743 2270 et
796 2206 983 2271 illam
1028 2206 1350 2271 latebram
1397 2204 1658 2269 tollere:
1715 2204 2042 2271 DAMNUM
2095 2224 2194 2271 IN-

138 2292 390 2361 1UR1A'.
484 2292 669 2369 Quod
714 2294 785 2359 18
854 2294 1001 2359 aliis
1068 2293 1281 2359 causis
1339 2293 1532 2357 debet
1585 2293 1804 2358 valere
1868 2298 1936 2359 et
1998 2294 2301 2363 valet(11)

139 2385 297 2469 lege
350 2382 643 2465 Aquilia,
697 2382 765 2447 id.
810 2404 889 2447 ex
944 2382 1137 2447 huius
1193 2380 1372 2446 modi
1427 2381 1693 2465 damno,
1749 2381 1924 2466 quod
1968 2383 2036 2447 vi
2079 2404 2196 2467 per

50 2494 109 2535 25
139 2492 377 2539 servos
426 2474 717 2536 armatos
765 2470 991 2536 datum
1035 2474 1211 2535 esset
1258 2520 1272 2534 .
1320 2519 1334 2534 .
1383 2518 1398 2533 .

284 2558 567 2642 [Desunt
610 2565 834 2643 septem
880 2560 1163 2625 versiculi
1209 2563 1528 2623 ternarum
1580 2558 1886 2623 denarum
1933 2560 2063 2639 fere

976 2648 1371 2729 litterarum]

138 2736 279 2823 ipsi
340 2739 733 2818 statuerent,
790 2758 918 2821 quo
975 2739 1269 2821 tempore
1325 2739 1596 2817 possent
1651 2755 1769 2801 suo
1823 2736 1965 2801 iure
2011 2757 2196 2801 arma
2236 2754 2301 2803 12

141 2847 412 2927 capere,
455 2847 719 2889 manum
765 2845 1025 2911 cogere,
1070 2824 1368 2889 homines
1417 2823 1724 2924 occidere.
1818 2822 1985 2889 Cum
2031 2824 2194 2889 iudi-

141 2916 327 2980 cium
385 2913 482 2977 ita
540 2913 751 2996 daret,
816 2917 892 2978 ut
949 2914 1075 2978 hoc
1140 2912 1354 2977 solum
1417 2910 1487 2975 in
1550 2912 1860 2978 iudicium
1923 2913 2196 2995 veniret,

140 3003 564 3068 videreturne
619 3001 686 3066 vi
734 2964 1112 3066 ⁷hominibus
1168 3000 1413 3066 coactis
1473 3000 1828 3066 armatisve
1889 3001 2194 3065 damnum

50 3112 110 3151 30
143 3092 300 3157 dolo
334 3089 513 3155 malo
540 3088 831 3154 familiae
861 3088 1103 3173 datum,
1133 3110 1343 3173 neque
1370 3087 1537 3153 illud
1567 3087 1880 3154 adderet
1884 3089 2176 3154 INIURIA'
2175 3139 2194 3173 ,

138 3178 410 3265 putavit
448 3199 518 3243 se
556 3176 889 3243 audaciam
928 3178 1376 3263 improborum
1417 3177 1781 3262 sustulisse,
1823 3198 1970 3243 cum
2009 3198 2194 3262 spem

141 3266 548 3336 defensionis
594 3264 845 3331 nullam
891 3265 1284 3350 reliquisset.
2233 3316 2273 3375 6

282 3353 638 3438 Quoniam,
695 3353 868 3439 quod
912 3354 1222 3419 iudicium
1271 3357 1337 3419 et
1382 3375 1510 3455 quo
1559 3354 1834 3417 consilio
1882 3352 2195 3417 constitu·
2235 3392 2301 3439 13

138 3450 289 3510 tum
357 3443 474 3523 sit,
538 3443 902 3543 cognostiS,
963 3464 1136 3507 nunc
1194 3464 1335 3507 rem
1393 3442 1634 3527 ipsam,
1697 3446 1774 3505 ut
1839 3444 2026 3527 gesta
2091 3441 2196 3525 sit,

48 3551 110 3591 35
142 3533 301 3599 dum
376 3530 664 3597 breviter
728 3531 917 3598 vobis
982 3530 1388 3605 demonstr0‚
1463 3528 1798 3595 attendite.
1897 3527 2193 3593 Fundum
2235 3545 2302 3595 14
