<?xml version="1.0" encoding="UTF-8"?>
<!DOCTYPE html PUBLIC "-//W3C//DTD XHTML 1.0 Transitional//EN"
    "http://www.w3.org/TR/xhtml1/DTD/xhtml1-transitional.dtd">
<html xmlns="http://www.w3.org/1999/xhtml" xml:lang="en" lang="en">
 <head>
  <title>
</title>
<meta http-equiv="Content-Type" content="text/html;charset=utf-8" />
  <meta name='ocr-system' content='tesseract 3.04.00' />
  <meta name='ocr-capabilities' content='ocr_page ocr_carea ocr_par ocr_line ocrx_word'/>
</head>
<body>
  <div class='ocr_page' id='page_1' title='image "./scriptaquaemans03mlgoog_0452.png"; bbox 0 0 2534 3875; ppageno 0'>
   <div class='ocr_carea' id='block_1_1' title="bbox 314 150 1806 221">
    <p class='ocr_par' dir='ltr' id='par_1_1' title="bbox 314 150 1806 221">
     <span class='ocr_line' id='line_1_1' title="bbox 314 150 1806 221; baseline -0.011 0"><span class='ocrx_word' id='word_1_1' title='bbox 314 157 448 221; x_wconf 85' lang='lat'><strong>314</strong></span> <span class='ocrx_word' id='word_1_2' title='bbox 877 153 1021 209; x_wconf 85' lang='lat' dir='ltr'><strong>PRO</strong></span> <span class='ocrx_word' id='word_1_3' title='bbox 1060 153 1121 207; x_wconf 81' lang='lat' dir='ltr'><strong>Is.</strong></span> <span class='ocrx_word' id='word_1_4' title='bbox 1160 152 1474 208; x_wconf 81' lang='lat' dir='ltr'><strong>MURENA</strong></span> <span class='ocrx_word' id='word_1_5' title='bbox 1513 150 1806 208; x_wconf 87' lang='lat' dir='ltr'><strong>ORATIO.</strong></span> 
     </span>
    </p>
   </div>
   <div class='ocr_carea' id='block_1_2' title="bbox 216 293 2450 3561">
    <p class='ocr_par' dir='ltr' id='par_1_2' title="bbox 216 293 2450 3561">
     <span class='ocr_line' id='line_1_2' title="bbox 314 293 2347 384; baseline -0.003 -19"><span class='ocrx_word' id='word_1_6' title='bbox 314 304 380 365; x_wconf 90' lang='lat' dir='ltr'><strong>et</strong></span> <span class='ocrx_word' id='word_1_7' title='bbox 426 321 583 384; x_wconf 87' lang='lat' dir='ltr'><strong>opes</strong></span> <span class='ocrx_word' id='word_1_8' title='bbox 629 297 803 384; x_wconf 88' lang='lat' dir='ltr'><strong>regis</strong></span> <span class='ocrx_word' id='word_1_9' title='bbox 849 301 915 361; x_wconf 87' lang='lat' dir='ltr'><strong>et</strong></span> <span class='ocrx_word' id='word_1_10' title='bbox 960 318 1201 362; x_wconf 91' lang='lat' dir='ltr'><strong>nomen</strong></span> <span class='ocrx_word' id='word_1_11' title='bbox 1246 299 1590 380; x_wconf 82' lang='lat' dir='ltr'><strong>auxerunt3</strong></span> <span class='ocrx_word' id='word_1_12' title='bbox 1637 295 1708 360; x_wconf 89' lang='lat' dir='ltr'><strong>L.</strong></span> <span class='ocrx_word' id='word_1_13' title='bbox 1753 293 2010 360; x_wconf 84' lang='lat' dir='ltr'><strong>Luculli</strong></span> <span class='ocrx_word' id='word_1_14' title='bbox 2045 315 2200 360; x_wconf 81' lang='lat' dir='ltr'><strong>vero</strong></span> <span class='ocrx_word' id='word_1_15' title='bbox 2239 315 2347 359; x_wconf 84' lang='lat' dir='ltr'><strong>res</strong></span> 
     </span>
     <span class='ocr_line' id='line_1_3' title="bbox 312 382 2351 470; baseline -0.003 -18"><span class='ocrx_word' id='word_1_16' title='bbox 312 393 537 454; x_wconf 77' lang='lat' dir='ltr'><strong>tantae</strong></span> <span class='ocrx_word' id='word_1_17' title='bbox 574 388 951 470; x_wconf 83' lang='lat' dir='ltr'><strong>extiterunt,</strong></span> <span class='ocrx_word' id='word_1_18' title='bbox 987 389 1063 450; x_wconf 91' lang='lat' dir='ltr'><strong>ut</strong></span> <span class='ocrx_word' id='word_1_19' title='bbox 1098 407 1309 469; x_wconf 91' lang='lat' dir='ltr'><strong>neque</strong></span> <span class='ocrx_word' id='word_1_20' title='bbox 1335 384 1544 450; x_wconf 83' lang='lat' dir='ltr'><strong>maius</strong></span> <span class='ocrx_word' id='word_1_21' title='bbox 1572 383 1820 448; x_wconf 90' lang='lat' dir='ltr'><strong>bellum</strong></span> <span class='ocrx_word' id='word_1_22' title='bbox 1848 382 2351 449; x_wconf 88' lang='lat' dir='ltr'><strong>commemorari</strong></span> 
     </span>
     <span class='ocr_line' id='line_1_4' title="bbox 313 469 2350 562; baseline -0.003 -20"><span class='ocrx_word' id='word_1_23' title='bbox 313 476 526 562; x_wconf 86' lang='lat' dir='ltr'><strong>possit</strong></span> <span class='ocrx_word' id='word_1_24' title='bbox 569 496 777 559; x_wconf 89' lang='lat' dir='ltr'><strong>neque</strong></span> <span class='ocrx_word' id='word_1_25' title='bbox 826 474 1073 538; x_wconf 91' lang='lat' dir='ltr'><strong>maiore</strong></span> <span class='ocrx_word' id='word_1_26' title='bbox 1119 474 1387 538; x_wconf 91' lang='lat' dir='ltr'><strong>consilio</strong></span> <span class='ocrx_word' id='word_1_27' title='bbox 1427 477 1492 537; x_wconf 89' lang='lat' dir='ltr'><strong>et</strong></span> <span class='ocrx_word' id='word_1_28' title='bbox 1527 472 1772 537; x_wconf 84' lang='lat' dir='ltr'><strong>virtute</strong></span> <span class='ocrx_word' id='word_1_29' title='bbox 1810 475 2084 556; x_wconf 86' lang='lat' dir='ltr'><strong>gestum.</strong></span> <span class='ocrx_word' id='word_1_30' title='bbox 2149 469 2350 554; x_wconf 85' lang='lat' dir='ltr'><strong>Nam,</strong></span> 
     </span>
     <span class='ocr_line' id='line_1_5' title="bbox 315 559 2352 647; baseline -0.003 -17"><span class='ocrx_word' id='word_1_31' title='bbox 315 587 464 630; x_wconf 93' lang='lat' dir='ltr'><strong>cum</strong></span> <span class='ocrx_word' id='word_1_32' title='bbox 508 564 715 630; x_wconf 91' lang='lat' dir='ltr'><strong>totius</strong></span> <span class='ocrx_word' id='word_1_33' title='bbox 758 563 1041 647; x_wconf 86' lang='lat' dir='ltr'><strong>impetus</strong></span> <span class='ocrx_word' id='word_1_34' title='bbox 1087 561 1245 626; x_wconf 90' lang='lat' dir='ltr'><strong>belli</strong></span> <span class='ocrx_word' id='word_1_35' title='bbox 1284 560 1366 626; x_wconf 87' lang='lat' dir='ltr'><strong>ad</strong></span> <span class='ocrx_word' id='word_1_36' title='bbox 1405 560 1867 645; x_wconf 77' lang='lat' dir='ltr'>Cyzicenorum</span> <span class='ocrx_word' id='word_1_37' title='bbox 1904 559 2162 625; x_wconf 90' lang='lat' dir='ltr'><strong>moenia</strong></span> <span class='ocrx_word' id='word_1_38' title='bbox 2199 581 2352 624; x_wconf 92' lang='lat' dir='ltr'><strong>con-</strong></span> 
     </span>
     <span class='ocr_line' id='line_1_6' title="bbox 317 647 2409 735; baseline -0.005 -17"><span class='ocrx_word' id='word_1_39' title='bbox 317 653 597 718; x_wconf 88' lang='lat' dir='ltr'><strong>stitisset</strong></span> <span class='ocrx_word' id='word_1_40' title='bbox 644 672 915 735; x_wconf 92' lang='lat' dir='ltr'><strong>eamque</strong></span> <span class='ocrx_word' id='word_1_41' title='bbox 962 650 1190 714; x_wconf 89' lang='lat' dir='ltr'><strong>urbem</strong></span> <span class='ocrx_word' id='word_1_42' title='bbox 1228 649 1356 715; x_wconf 84' lang='lat' dir='ltr'>sibi</span> <span class='ocrx_word' id='word_1_43' title='bbox 1391 648 1806 714; x_wconf 88' lang='lat' dir='ltr'><strong>Mithridates</strong></span> <span class='ocrx_word' id='word_1_44' title='bbox 1843 647 2044 712; x_wconf 89' lang='lat' dir='ltr'><strong>Asiae</strong></span> <span class='ocrx_word' id='word_1_45' title='bbox 2079 647 2353 712; x_wconf 88' lang='lat' dir='ltr'><strong>ianuam</strong></span> <span class='ocrx_word' id='word_1_46' title='bbox 2381 665 2409 706; x_wconf 81' lang='lat'>5</span> 
     </span>
     <span class='ocr_line' id='line_1_7' title="bbox 314 737 2358 827; baseline -0.002 -22"><span class='ocrx_word' id='word_1_47' title='bbox 314 742 454 806; x_wconf 87' lang='lat' dir='ltr'><strong>fore</strong></span> <span class='ocrx_word' id='word_1_48' title='bbox 518 743 845 827; x_wconf 87' lang='lat' dir='ltr'><strong>putasset,</strong></span> <span class='ocrx_word' id='word_1_49' title='bbox 910 761 1039 823; x_wconf 89' lang='lat' dir='ltr'><strong>qua</strong></span> <span class='ocrx_word' id='word_1_50' title='bbox 1104 737 1372 802; x_wconf 88' lang='lat' dir='ltr'><strong>effracta</strong></span> <span class='ocrx_word' id='word_1_51' title='bbox 1436 741 1501 802; x_wconf 87' lang='lat' dir='ltr'><strong>et</strong></span> <span class='ocrx_word' id='word_1_52' title='bbox 1565 737 1826 802; x_wconf 82' lang='lat' dir='ltr'><strong>revulsa</strong></span> <span class='ocrx_word' id='word_1_53' title='bbox 1888 740 2032 801; x_wconf 91' lang='lat' dir='ltr'><strong>tota</strong></span> <span class='ocrx_word' id='word_1_54' title='bbox 2089 739 2358 820; x_wconf 87' lang='lat' dir='ltr'><strong>pateret</strong></span> 
     </span>
     <span class='ocr_line' id='line_1_8' title="bbox 314 825 2360 914; baseline -0.003 -20"><span class='ocrx_word' id='word_1_55' title='bbox 314 828 665 914; x_wconf 81' lang='lat' dir='ltr'><strong>provincia,</strong></span> <span class='ocrx_word' id='word_1_56' title='bbox 693 831 1034 912; x_wconf 91' lang='lat' dir='ltr'><strong>perempta</strong></span> <span class='ocrx_word' id='word_1_57' title='bbox 1058 827 1153 890; x_wconf 74' lang='lat' dir='ltr'><strong>ita</strong></span> <span class='ocrx_word' id='word_1_58' title='bbox 1180 848 1221 892; x_wconf 94' lang='lat' dir='ltr'><strong>a</strong></span> <span class='ocrx_word' id='word_1_59' title='bbox 1245 825 1518 892; x_wconf 89' lang='lat' dir='ltr'><strong>Lucullo</strong></span> <span class='ocrx_word' id='word_1_60' title='bbox 1546 825 1708 891; x_wconf 86' lang='lat' dir='ltr'><strong>haec</strong></span> <span class='ocrx_word' id='word_1_61' title='bbox 1737 828 1890 890; x_wconf 88' lang='lat' dir='ltr'><strong>sunt</strong></span> <span class='ocrx_word' id='word_1_62' title='bbox 1917 825 2154 909; x_wconf 91' lang='lat' dir='ltr'><strong>omnia,</strong></span> <span class='ocrx_word' id='word_1_63' title='bbox 2191 827 2272 888; x_wconf 88' lang='lat' dir='ltr'><strong>ut</strong></span> <span class='ocrx_word' id='word_1_64' title='bbox 2297 829 2360 889; x_wconf 82' lang='lat' dir='ltr'><strong>et</strong></span> 
     </span>
     <span class='ocr_line' id='line_1_9' title="bbox 317 913 2356 983; baseline -0.003 -1"><span class='ocrx_word' id='word_1_65' title='bbox 317 918 471 983; x_wconf 87' lang='lat' dir='ltr'><strong>urbs</strong></span> <span class='ocrx_word' id='word_1_66' title='bbox 528 917 1057 981; x_wconf 87' lang='lat' dir='ltr'><strong>fidelissimorum</strong></span> <span class='ocrx_word' id='word_1_67' title='bbox 1114 916 1438 981; x_wconf 88' lang='lat' dir='ltr'><strong>sociorum</strong></span> <span class='ocrx_word' id='word_1_68' title='bbox 1495 913 1948 978; x_wconf 71' lang='lat' dir='ltr'><strong>defenderetur</strong></span> <span class='ocrx_word' id='word_1_69' title='bbox 2001 917 2068 978; x_wconf 92' lang='lat' dir='ltr'><strong>et</strong></span> <span class='ocrx_word' id='word_1_70' title='bbox 2122 933 2356 979; x_wconf 90' lang='lat' dir='ltr'><strong>omnes</strong></span> 
     </span>
     <span class='ocr_line' id='line_1_10' title="bbox 319 1001 2356 1091; baseline -0.003 -20"><span class='ocrx_word' id='word_1_71' title='bbox 319 1005 544 1091; x_wconf 90' lang='lat' dir='ltr'><strong>copiae</strong></span> <span class='ocrx_word' id='word_1_72' title='bbox 609 1004 783 1090; x_wconf 89' lang='lat' dir='ltr'><strong>regis</strong></span> <span class='ocrx_word' id='word_1_73' title='bbox 851 1003 1279 1068; x_wconf 76' lang='lat' dir='ltr'><strong>diuturnitate</strong></span> <span class='ocrx_word' id='word_1_74' title='bbox 1339 1001 1736 1068; x_wconf 83' lang='lat' dir='ltr'><strong>obsessionis</strong></span> <span class='ocrx_word' id='word_1_75' title='bbox 1797 1005 2356 1066; x_wconf 82' lang='lat' dir='ltr'><strong>consumerentur.</strong></span> 
     </span>
     <span class='ocr_line' id='line_1_11' title="bbox 318 1089 2436 1177; baseline -0.004 -19"><span class='ocrx_word' id='word_1_76' title='bbox 318 1093 530 1169; x_wconf 77' lang='lat' dir='ltr'><strong>Quid?</strong></span> <span class='ocrx_word' id='word_1_77' title='bbox 576 1092 758 1156; x_wconf 92' lang='lat' dir='ltr'><strong>illam</strong></span> <span class='ocrx_word' id='word_1_78' title='bbox 804 1113 1096 1177; x_wconf 88' lang='lat' dir='ltr'><strong>pugnam</strong></span> <span class='ocrx_word' id='word_1_79' title='bbox 1139 1091 1443 1156; x_wconf 85' lang='lat' dir='ltr'><strong>navalem</strong></span> <span class='ocrx_word' id='word_1_80' title='bbox 1489 1091 1572 1155; x_wconf 89' lang='lat' dir='ltr'><strong>ad</strong></span> <span class='ocrx_word' id='word_1_81' title='bbox 1611 1089 1959 1175; x_wconf 78' lang='lat' dir='ltr'><strong>Tenedum,</strong></span> <span class='ocrx_word' id='word_1_82' title='bbox 2004 1111 2150 1155; x_wconf 92' lang='lat' dir='ltr'><strong>cum</strong></span> <span class='ocrx_word' id='word_1_83' title='bbox 2199 1111 2356 1154; x_wconf 88' lang='lat' dir='ltr'><strong>con·</strong></span> <span class='ocrx_word' id='word_1_84' title='bbox 2385 1108 2436 1149; x_wconf 82' lang='lat'><strong>10</strong></span> 
     </span>
     <span class='ocr_line' id='line_1_12' title="bbox 317 1175 2356 1259; baseline -0.002 -13"><span class='ocrx_word' id='word_1_85' title='bbox 317 1185 501 1246; x_wconf 91' lang='lat' dir='ltr'><strong>tento</strong></span> <span class='ocrx_word' id='word_1_86' title='bbox 548 1203 739 1245; x_wconf 91' lang='lat' dir='ltr'><strong>cursu</strong></span> <span class='ocrx_word' id='word_1_87' title='bbox 786 1180 1119 1245; x_wconf 83' lang='lat' dir='ltr'><strong>acerrimis</strong></span> <span class='ocrx_word' id='word_1_88' title='bbox 1166 1179 1436 1244; x_wconf 88' lang='lat' dir='ltr'><strong>ducibus</strong></span> <span class='ocrx_word' id='word_1_89' title='bbox 1481 1179 1773 1244; x_wconf 89' lang='lat' dir='ltr'><strong>hostium</strong></span> <span class='ocrx_word' id='word_1_90' title='bbox 1818 1178 2046 1259; x_wconf 86' lang='lat' dir='ltr'><strong>classis</strong></span> <span class='ocrx_word' id='word_1_91' title='bbox 2082 1175 2356 1242; x_wconf 87' lang='lat' dir='ltr'><strong>Italiam</strong></span> 
     </span>
     <span class='ocr_line' id='line_1_13' title="bbox 320 1266 2358 1354; baseline -0.001 -21"><span class='ocrx_word' id='word_1_92' title='bbox 320 1291 435 1354; x_wconf 90' lang='lat' dir='ltr'><strong>spe</strong></span> <span class='ocrx_word' id='word_1_93' title='bbox 491 1273 686 1352; x_wconf 90' lang='lat' dir='ltr'><strong>atque</strong></span> <span class='ocrx_word' id='word_1_94' title='bbox 742 1269 975 1332; x_wconf 80' lang='lat' dir='ltr'><strong>animis</strong></span> <span class='ocrx_word' id='word_1_95' title='bbox 1031 1269 1263 1333; x_wconf 90' lang='lat' dir='ltr'><strong>inflata</strong></span> <span class='ocrx_word' id='word_1_96' title='bbox 1307 1272 1585 1352; x_wconf 85' lang='lat' dir='ltr'><strong>peteret,</strong></span> <span class='ocrx_word' id='word_1_97' title='bbox 1639 1266 1950 1332; x_wconf 90' lang='lat' dir='ltr'><strong>mediocri</strong></span> <span class='ocrx_word' id='word_1_98' title='bbox 1995 1266 2358 1331; x_wconf 81' lang='lat' dir='ltr'><strong>certamine</strong></span> 
     </span>
     <span class='ocr_line' id='line_1_14' title="bbox 321 1353 2356 1443; baseline -0.001 -22"><span class='ocrx_word' id='word_1_99' title='bbox 321 1362 387 1421; x_wconf 92' lang='lat' dir='ltr'><strong>et</strong></span> <span class='ocrx_word' id='word_1_100' title='bbox 450 1379 660 1443; x_wconf 85' lang='lat' dir='ltr'><strong>parva</strong></span> <span class='ocrx_word' id='word_1_101' title='bbox 714 1356 1133 1421; x_wconf 86' lang='lat' dir='ltr'><strong>dimicatione</strong></span> <span class='ocrx_word' id='word_1_102' title='bbox 1190 1356 1606 1421; x_wconf 85' lang='lat' dir='ltr'><strong>commissam</strong></span> <span class='ocrx_word' id='word_1_103' title='bbox 1664 1354 2050 1420; x_wconf 79' lang='lat' dir='ltr'><strong>arbitraris?</strong></span> <span class='ocrx_word' id='word_1_104' title='bbox 2152 1353 2356 1419; x_wconf 86' lang='lat' dir='ltr'><strong>Mitto</strong></span> 
     </span>
     <span class='ocr_line' id='line_1_15' title="bbox 322 1443 2358 1530; baseline -0.001 -21"><span class='ocrx_word' id='word_1_105' title='bbox 322 1445 589 1530; x_wconf 91' lang='lat' dir='ltr'><strong>proelia,</strong></span> <span class='ocrx_word' id='word_1_106' title='bbox 633 1449 970 1529; x_wconf 90' lang='lat' dir='ltr'><strong>praetereo</strong></span> <span class='ocrx_word' id='word_1_107' title='bbox 1019 1445 1541 1530; x_wconf 84' lang='lat' dir='ltr'><strong>oppugnationes</strong></span> <span class='ocrx_word' id='word_1_108' title='bbox 1579 1443 1995 1529; x_wconf 86' lang='lat' dir='ltr'><strong>oppidorum3</strong></span> <span class='ocrx_word' id='word_1_109' title='bbox 2043 1443 2358 1528; x_wconf 85' lang='lat' dir='ltr'><strong>expulsus</strong></span> 
     </span>
     <span class='ocr_line' id='line_1_16' title="bbox 322 1531 2438 1618; baseline -0.003 -20"><span class='ocrx_word' id='word_1_110' title='bbox 322 1553 525 1618; x_wconf 88' lang='lat' dir='ltr'><strong>regno</strong></span> <span class='ocrx_word' id='word_1_111' title='bbox 572 1534 839 1598; x_wconf 89' lang='lat' dir='ltr'><strong>tandem</strong></span> <span class='ocrx_word' id='word_1_112' title='bbox 886 1533 1235 1617; x_wconf 89' lang='lat' dir='ltr'><strong>aliquando</strong></span> <span class='ocrx_word' id='word_1_113' title='bbox 1283 1537 1537 1598; x_wconf 85' lang='lat' dir='ltr'><strong>tantum</strong></span> <span class='ocrx_word' id='word_1_114' title='bbox 1583 1537 1804 1597; x_wconf 88' lang='lat' dir='ltr'><strong>tamen</strong></span> <span class='ocrx_word' id='word_1_115' title='bbox 1842 1531 2112 1597; x_wconf 89' lang='lat' dir='ltr'><strong>consilio</strong></span> <span class='ocrx_word' id='word_1_116' title='bbox 2153 1535 2358 1615; x_wconf 85' lang='lat' dir='ltr'><strong>atque</strong></span> <span class='ocrx_word' id='word_1_117' title='bbox 2389 1549 2438 1590; x_wconf 79' lang='lat'><strong>15</strong></span> 
     </span>
     <span class='ocr_line' id='line_1_17' title="bbox 323 1618 2358 1706; baseline -0.002 -18"><span class='ocrx_word' id='word_1_118' title='bbox 323 1622 713 1688; x_wconf 86' lang='lat' dir='ltr'><strong>auctoritate</strong></span> <span class='ocrx_word' id='word_1_119' title='bbox 758 1622 993 1706; x_wconf 83' lang='lat' dir='ltr'><strong>valuit,</strong></span> <span class='ocrx_word' id='word_1_120' title='bbox 1047 1625 1122 1686; x_wconf 93' lang='lat' dir='ltr'><strong>ut</strong></span> <span class='ocrx_word' id='word_1_121' title='bbox 1168 1621 1294 1686; x_wconf 87' lang='lat' dir='ltr'><strong>sibi</strong></span> <span class='ocrx_word' id='word_1_122' title='bbox 1338 1643 1492 1706; x_wconf 89' lang='lat' dir='ltr'><strong>rege</strong></span> <span class='ocrx_word' id='word_1_123' title='bbox 1537 1619 1996 1686; x_wconf 88' lang='lat' dir='ltr'><strong>Armeniorum</strong></span> <span class='ocrx_word' id='word_1_124' title='bbox 2042 1618 2358 1684; x_wconf 88' lang='lat' dir='ltr'><strong>adiuncto</strong></span> 
     </span>
     <span class='ocr_line' id='line_1_18' title="bbox 219 1707 2361 1795; baseline -0.002 -17"><span class='ocrx_word' id='word_1_125' title='bbox 219 1713 302 1778; x_wconf 88' lang='grc'><strong>16</strong></span> <span class='ocrx_word' id='word_1_126' title='bbox 322 1711 509 1776; x_wconf 81' lang='lat' dir='ltr'><strong>novis</strong></span> <span class='ocrx_word' id='word_1_127' title='bbox 540 1711 774 1795; x_wconf 89' lang='lat' dir='ltr'><strong>opibus</strong></span> <span class='ocrx_word' id='word_1_128' title='bbox 798 1710 1129 1795; x_wconf 91' lang='lat' dir='ltr'><strong>copiisque</strong></span> <span class='ocrx_word' id='word_1_129' title='bbox 1148 1711 1370 1775; x_wconf 78' lang='lat' dir='ltr'><strong>bellum</strong></span> <span class='ocrx_word' id='word_1_130' title='bbox 1388 1709 1737 1774; x_wconf 83' lang='lat' dir='ltr'><strong>renovarit.</strong></span> <span class='ocrx_word' id='word_1_131' title='bbox 1775 1707 1892 1794; x_wconf 91' lang='lat' dir='ltr'><strong>Ac,</strong></span> <span class='ocrx_word' id='word_1_132' title='bbox 1920 1708 1978 1773; x_wconf 73' lang='lat' dir='ltr'><strong>si</strong></span> <span class='ocrx_word' id='word_1_133' title='bbox 1997 1707 2160 1772; x_wconf 91' lang='lat' dir='ltr'><strong>mihi</strong></span> <span class='ocrx_word' id='word_1_134' title='bbox 2180 1729 2361 1773; x_wconf 88' lang='lat' dir='ltr'><strong>nunc</strong></span> 
     </span>
     <span class='ocr_line' id='line_1_19' title="bbox 323 1796 2360 1884; baseline -0.002 -20"><span class='ocrx_word' id='word_1_135' title='bbox 323 1800 399 1864; x_wconf 89' lang='lat' dir='ltr'><strong>de</strong></span> <span class='ocrx_word' id='word_1_136' title='bbox 453 1799 647 1864; x_wconf 89' lang='lat' dir='ltr'><strong>rebus</strong></span> <span class='ocrx_word' id='word_1_137' title='bbox 706 1799 909 1884; x_wconf 89' lang='lat' dir='ltr'><strong>gestis</strong></span> <span class='ocrx_word' id='word_1_138' title='bbox 968 1802 1142 1863; x_wconf 89' lang='lat' dir='ltr'><strong>esset</strong></span> <span class='ocrx_word' id='word_1_139' title='bbox 1184 1798 1396 1863; x_wconf 89' lang='lat' dir='ltr'><strong>nostri</strong></span> <span class='ocrx_word' id='word_1_140' title='bbox 1441 1797 1758 1863; x_wconf 87' lang='lat' dir='ltr'><strong>exercitus</strong></span> <span class='ocrx_word' id='word_1_141' title='bbox 1805 1796 2360 1882; x_wconf 87' lang='lat' dir='ltr'><strong>imperatorisque</strong></span> 
     </span>
     <span class='ocr_line' id='line_1_20' title="bbox 323 1885 2360 1972; baseline -0.002 -19"><span class='ocrx_word' id='word_1_142' title='bbox 323 1887 691 1972; x_wconf 90' lang='lat' dir='ltr'><strong>dicendum,</strong></span> <span class='ocrx_word' id='word_1_143' title='bbox 744 1886 1029 1971; x_wconf 89' lang='lat' dir='ltr'><strong>plurima</strong></span> <span class='ocrx_word' id='word_1_144' title='bbox 1088 1889 1153 1951; x_wconf 91' lang='lat' dir='ltr'><strong>et</strong></span> <span class='ocrx_word' id='word_1_145' title='bbox 1208 1885 1492 1951; x_wconf 84' lang='lat' dir='ltr'><strong>maxima</strong></span> <span class='ocrx_word' id='word_1_146' title='bbox 1549 1885 1798 1971; x_wconf 87' lang='lat' dir='ltr'><strong>proelia</strong></span> <span class='ocrx_word' id='word_1_147' title='bbox 1843 1905 2360 1951; x_wconf 90' lang='lat' dir='ltr'><strong>commemorare</strong></span> 
     </span>
     <span class='ocr_line' id='line_1_21' title="bbox 216 1972 2444 2061; baseline -0.005 -18"><span class='ocrx_word' id='word_1_148' title='bbox 216 1994 285 2043; x_wconf 85' lang='lat'><strong>34</strong></span> <span class='ocrx_word' id='word_1_149' title='bbox 321 1999 609 2061; x_wconf 83' lang='lat' dir='ltr'><strong>possem3</strong></span> <span class='ocrx_word' id='word_1_150' title='bbox 658 1976 768 2041; x_wconf 91' lang='lat' dir='ltr'><strong>sed</strong></span> <span class='ocrx_word' id='word_1_151' title='bbox 805 1997 940 2041; x_wconf 92' lang='lat' dir='ltr'><strong>non</strong></span> <span class='ocrx_word' id='word_1_152' title='bbox 984 1976 1049 2039; x_wconf 92' lang='lat' dir='ltr'><strong>id</strong></span> <span class='ocrx_word' id='word_1_153' title='bbox 1086 1975 1362 2060; x_wconf 85' lang='lat' dir='ltr'><strong>agimus.</strong></span> <span class='ocrx_word' id='word_1_154' title='bbox 1427 1975 1570 2039; x_wconf 92' lang='lat' dir='ltr'><strong>Hoc</strong></span> <span class='ocrx_word' id='word_1_155' title='bbox 1609 1974 1776 2040; x_wconf 86' lang='lat' dir='ltr'><strong>dico:</strong></span> <span class='ocrx_word' id='word_1_156' title='bbox 1823 1972 1894 2039; x_wconf 86' lang='lat' dir='ltr'><strong>Si</strong></span> <span class='ocrx_word' id='word_1_157' title='bbox 1928 1974 2174 2038; x_wconf 90' lang='lat' dir='ltr'><strong>bellum</strong></span> <span class='ocrx_word' id='word_1_158' title='bbox 2210 1974 2361 2057; x_wconf 90' lang='lat' dir='ltr'><strong>hoc,</strong></span> <span class='ocrx_word' id='word_1_159' title='bbox 2389 1993 2444 2033; x_wconf 83' lang='lat'><strong>20</strong></span> 
     </span>
     <span class='ocr_line' id='line_1_22' title="bbox 322 2062 2360 2150; baseline -0.002 -19"><span class='ocrx_word' id='word_1_160' title='bbox 322 2066 381 2131; x_wconf 86' lang='lat' dir='ltr'><strong>si</strong></span> <span class='ocrx_word' id='word_1_161' title='bbox 424 2065 532 2131; x_wconf 88' lang='lat' dir='ltr'><strong>hic</strong></span> <span class='ocrx_word' id='word_1_162' title='bbox 575 2064 815 2150; x_wconf 74' lang='lat' dir='ltr'><strong>hostiS,</strong></span> <span class='ocrx_word' id='word_1_163' title='bbox 862 2065 920 2129; x_wconf 89' lang='lat' dir='ltr'><strong>si</strong></span> <span class='ocrx_word' id='word_1_164' title='bbox 965 2063 1079 2127; x_wconf 91' lang='lat' dir='ltr'><strong>ille</strong></span> <span class='ocrx_word' id='word_1_165' title='bbox 1125 2085 1240 2127; x_wconf 88' lang='lat' dir='ltr'><strong>rex</strong></span> <span class='ocrx_word' id='word_1_166' title='bbox 1286 2064 1792 2128; x_wconf 88' lang='lat' dir='ltr'><strong>contemnendus</strong></span> <span class='ocrx_word' id='word_1_167' title='bbox 1837 2062 2097 2146; x_wconf 88' lang='lat' dir='ltr'><strong>fuisset,</strong></span> <span class='ocrx_word' id='word_1_168' title='bbox 2141 2082 2360 2146; x_wconf 89' lang='lat' dir='ltr'><strong>neque</strong></span> 
     </span>
     <span class='ocr_line' id='line_1_23' title="bbox 322 2150 2361 2236; baseline -0.002 -18"><span class='ocrx_word' id='word_1_169' title='bbox 322 2158 510 2218; x_wconf 89' lang='lat' dir='ltr'><strong>tanta</strong></span> <span class='ocrx_word' id='word_1_170' title='bbox 554 2176 710 2219; x_wconf 91' lang='lat' dir='ltr'><strong>cura</strong></span> <span class='ocrx_word' id='word_1_171' title='bbox 756 2157 1021 2217; x_wconf 72' lang='lat' dir='ltr'><strong>senatus</strong></span> <span class='ocrx_word' id='word_1_172' title='bbox 1068 2155 1135 2216; x_wconf 91' lang='lat' dir='ltr'><strong>et</strong></span> <span class='ocrx_word' id='word_1_173' title='bbox 1178 2152 1458 2236; x_wconf 84' lang='lat' dir='ltr'><strong>populus</strong></span> <span class='ocrx_word' id='word_1_174' title='bbox 1495 2150 1832 2216; x_wconf 86' lang='lat' dir='ltr'><strong>Romanus</strong></span> <span class='ocrx_word' id='word_1_175' title='bbox 1869 2150 2361 2235; x_wconf 86' lang='lat' dir='ltr'><strong>suscipiendum</strong></span> 
     </span>
     <span class='ocr_line' id='line_1_24' title="bbox 323 2238 2362 2327; baseline -0.002 -20"><span class='ocrx_word' id='word_1_176' title='bbox 323 2246 623 2327; x_wconf 84' lang='lat' dir='ltr'><strong>putasset</strong></span> <span class='ocrx_word' id='word_1_177' title='bbox 667 2263 875 2325; x_wconf 89' lang='lat' dir='ltr'><strong>neque</strong></span> <span class='ocrx_word' id='word_1_178' title='bbox 920 2244 1025 2305; x_wconf 87' lang='lat' dir='ltr'><strong>tot</strong></span> <span class='ocrx_word' id='word_1_179' title='bbox 1072 2261 1277 2305; x_wconf 90' lang='lat' dir='ltr'><strong>annos</strong></span> <span class='ocrx_word' id='word_1_180' title='bbox 1325 2238 1636 2325; x_wconf 87' lang='lat' dir='ltr'><strong>gessisset</strong></span> <span class='ocrx_word' id='word_1_181' title='bbox 1673 2261 1880 2323; x_wconf 91' lang='lat' dir='ltr'><strong>neque</strong></span> <span class='ocrx_word' id='word_1_182' title='bbox 1916 2243 2103 2304; x_wconf 85' lang='lat' dir='ltr'><strong>tanta</strong></span> <span class='ocrx_word' id='word_1_183' title='bbox 2139 2238 2362 2323; x_wconf 88' lang='lat' dir='ltr'><strong>gloria</strong></span> 
     </span>
     <span class='ocr_line' id='line_1_25' title="bbox 322 2326 2360 2414; baseline -0.003 -18"><span class='ocrx_word' id='word_1_184' title='bbox 322 2330 394 2396; x_wconf 89' lang='lat' dir='ltr'><strong>L.</strong></span> <span class='ocrx_word' id='word_1_185' title='bbox 421 2330 747 2413; x_wconf 78' lang='lat' dir='ltr'><strong>LuculluS,</strong></span> <span class='ocrx_word' id='word_1_186' title='bbox 791 2350 1000 2414; x_wconf 90' lang='lat' dir='ltr'><strong>neque</strong></span> <span class='ocrx_word' id='word_1_187' title='bbox 1036 2350 1190 2394; x_wconf 85' lang='lat' dir='ltr'><strong>vero</strong></span> <span class='ocrx_word' id='word_1_188' title='bbox 1230 2328 1366 2392; x_wconf 86' lang='lat' dir='ltr'><strong>eius</strong></span> <span class='ocrx_word' id='word_1_189' title='bbox 1407 2328 1564 2392; x_wconf 90' lang='lat' dir='ltr'><strong>belli</strong></span> <span class='ocrx_word' id='word_1_190' title='bbox 1601 2326 1980 2392; x_wconf 91' lang='lat' dir='ltr'><strong>conficiendi</strong></span> <span class='ocrx_word' id='word_1_191' title='bbox 2015 2326 2360 2411; x_wconf 90' lang='lat' dir='ltr'><strong>negotium</strong></span> 
     </span>
     <span class='ocr_line' id='line_1_26' title="bbox 322 2414 2446 2503; baseline -0.004 -21"><span class='ocrx_word' id='word_1_192' title='bbox 322 2421 510 2482; x_wconf 92' lang='lat' dir='ltr'><strong>tanto</strong></span> <span class='ocrx_word' id='word_1_193' title='bbox 550 2418 764 2483; x_wconf 86' lang='lat' dir='ltr'><strong>studio</strong></span> <span class='ocrx_word' id='word_1_194' title='bbox 801 2417 1081 2503; x_wconf 89' lang='lat' dir='ltr'><strong>populus</strong></span> <span class='ocrx_word' id='word_1_195' title='bbox 1118 2415 1453 2481; x_wconf 87' lang='lat' dir='ltr'><strong>Romanus</strong></span> <span class='ocrx_word' id='word_1_196' title='bbox 1493 2416 1572 2479; x_wconf 91' lang='lat' dir='ltr'><strong>ad</strong></span> <span class='ocrx_word' id='word_1_197' title='bbox 1612 2414 1725 2481; x_wconf 86' lang='lat' dir='ltr'><strong>Cn.</strong></span> <span class='ocrx_word' id='word_1_198' title='bbox 1753 2414 2131 2501; x_wconf 90' lang='lat' dir='ltr'><strong>Pompeium</strong></span> <span class='ocrx_word' id='word_1_199' title='bbox 2171 2414 2358 2480; x_wconf 88' lang='lat' dir='ltr'><strong>detu-</strong></span> <span class='ocrx_word' id='word_1_200' title='bbox 2389 2432 2446 2475; x_wconf 82' lang='lat'><strong>25</strong></span> 
     </span>
     <span class='ocr_line' id='line_1_27' title="bbox 323 2504 2360 2590; baseline 0 -21"><span class='ocrx_word' id='word_1_201' title='bbox 323 2506 528 2570; x_wconf 89' lang='lat' dir='ltr'><strong>lisset.</strong></span> <span class='ocrx_word' id='word_1_202' title='bbox 602 2504 799 2569; x_wconf 84' lang='lat' dir='ltr'><strong>Cuius</strong></span> <span class='ocrx_word' id='word_1_203' title='bbox 846 2528 926 2570; x_wconf 88' lang='lat' dir='ltr'><strong>ex</strong></span> <span class='ocrx_word' id='word_1_204' title='bbox 963 2504 1263 2569; x_wconf 90' lang='lat' dir='ltr'><strong>omnibus</strong></span> <span class='ocrx_word' id='word_1_205' title='bbox 1303 2504 1560 2590; x_wconf 80' lang='lat' dir='ltr'><strong>pugnis,</strong></span> <span class='ocrx_word' id='word_1_206' title='bbox 1599 2526 1762 2589; x_wconf 89' lang='lat' dir='ltr'><strong>quae</strong></span> <span class='ocrx_word' id='word_1_207' title='bbox 1801 2508 1954 2569; x_wconf 90' lang='lat' dir='ltr'><strong>sunt</strong></span> <span class='ocrx_word' id='word_1_208' title='bbox 1988 2504 2360 2569; x_wconf 86' lang='lat' dir='ltr'><strong>innumera·</strong></span> 
     </span>
     <span class='ocr_line' id='line_1_28' title="bbox 322 2592 2358 2678; baseline -0.001 -21"><span class='ocrx_word' id='word_1_209' title='bbox 322 2594 518 2678; x_wconf 87' lang='lat' dir='ltr'><strong>biles,</strong></span> <span class='ocrx_word' id='word_1_210' title='bbox 573 2594 678 2658; x_wconf 81' lang='lat' dir='ltr'><strong>vel</strong></span> <span class='ocrx_word' id='word_1_211' title='bbox 725 2594 1043 2659; x_wconf 89' lang='lat' dir='ltr'><strong>acerrima</strong></span> <span class='ocrx_word' id='word_1_212' title='bbox 1088 2592 1253 2657; x_wconf 88' lang='lat' dir='ltr'><strong>mihi</strong></span> <span class='ocrx_word' id='word_1_213' title='bbox 1297 2593 1554 2656; x_wconf 83' lang='lat' dir='ltr'><strong>videtur</strong></span> <span class='ocrx_word' id='word_1_214' title='bbox 1599 2593 1746 2677; x_wconf 90' lang='lat' dir='ltr'><strong>illa,</strong></span> <span class='ocrx_word' id='word_1_215' title='bbox 1793 2613 1958 2677; x_wconf 89' lang='lat' dir='ltr'><strong>quae</strong></span> <span class='ocrx_word' id='word_1_216' title='bbox 2003 2613 2151 2657; x_wconf 92' lang='lat' dir='ltr'><strong>cum</strong></span> <span class='ocrx_word' id='word_1_217' title='bbox 2196 2612 2358 2676; x_wconf 87' lang='lat' dir='ltr'><strong>rege</strong></span> 
     </span>
     <span class='ocr_line' id='line_1_29' title="bbox 325 2677 2359 2766; baseline -0.001 -20"><span class='ocrx_word' id='word_1_218' title='bbox 325 2682 675 2746; x_wconf 88' lang='lat' dir='ltr'><strong>commissa</strong></span> <span class='ocrx_word' id='word_1_219' title='bbox 740 2685 842 2746; x_wconf 90' lang='lat' dir='ltr'><strong>est</strong></span> <span class='ocrx_word' id='word_1_220' title='bbox 906 2686 972 2745; x_wconf 90' lang='lat' dir='ltr'><strong>et</strong></span> <span class='ocrx_word' id='word_1_221' title='bbox 1026 2703 1282 2745; x_wconf 89' lang='lat' dir='ltr'><strong>summa</strong></span> <span class='ocrx_word' id='word_1_222' title='bbox 1337 2681 1752 2745; x_wconf 86' lang='lat' dir='ltr'><strong>contentione</strong></span> <span class='ocrx_word' id='word_1_223' title='bbox 1806 2684 2117 2766; x_wconf 90' lang='lat' dir='ltr'><strong>pugnata.</strong></span> <span class='ocrx_word' id='word_1_224' title='bbox 2210 2677 2359 2755; x_wconf 85' lang='lat' dir='ltr'><strong>Qua</strong></span> 
     </span>
     <span class='ocr_line' id='line_1_30' title="bbox 324 2767 2356 2854; baseline 0 -21"><span class='ocrx_word' id='word_1_225' title='bbox 324 2791 403 2834; x_wconf 85' lang='lat' dir='ltr'><strong>ex</strong></span> <span class='ocrx_word' id='word_1_226' title='bbox 446 2790 668 2854; x_wconf 88' lang='lat' dir='ltr'><strong>pugna</strong></span> <span class='ocrx_word' id='word_1_227' title='bbox 713 2791 860 2834; x_wconf 93' lang='lat' dir='ltr'><strong>cum</strong></span> <span class='ocrx_word' id='word_1_228' title='bbox 906 2790 975 2834; x_wconf 91' lang='lat' dir='ltr'><strong>se</strong></span> <span class='ocrx_word' id='word_1_229' title='bbox 1020 2768 1132 2833; x_wconf 91' lang='lat' dir='ltr'><strong>ille</strong></span> <span class='ocrx_word' id='word_1_230' title='bbox 1179 2768 1524 2852; x_wconf 88' lang='lat' dir='ltr'><strong>eripuisset</strong></span> <span class='ocrx_word' id='word_1_231' title='bbox 1568 2774 1637 2835; x_wconf 90' lang='lat' dir='ltr'><strong>et</strong></span> <span class='ocrx_word' id='word_1_232' title='bbox 1670 2767 2086 2854; x_wconf 86' lang='lat' dir='ltr'><strong>Bosphorum</strong></span> <span class='ocrx_word' id='word_1_233' title='bbox 2132 2768 2356 2833; x_wconf 85' lang='lat' dir='ltr'><strong>confu-</strong></span> 
     </span>
     <span class='ocr_line' id='line_1_31' title="bbox 325 2856 2450 2942; baseline -0.003 -20"><span class='ocrx_word' id='word_1_234' title='bbox 325 2858 557 2942; x_wconf 87' lang='lat' dir='ltr'><strong>gisset,</strong></span> <span class='ocrx_word' id='word_1_235' title='bbox 612 2879 740 2941; x_wconf 91' lang='lat' dir='ltr'><strong>quo</strong></span> <span class='ocrx_word' id='word_1_236' title='bbox 797 2857 1115 2922; x_wconf 84' lang='lat' dir='ltr'><strong>exercitus</strong></span> <span class='ocrx_word' id='word_1_237' title='bbox 1173 2857 1349 2921; x_wconf 90' lang='lat' dir='ltr'><strong>adire</strong></span> <span class='ocrx_word' id='word_1_238' title='bbox 1403 2879 1537 2923; x_wconf 92' lang='lat' dir='ltr'><strong>non</strong></span> <span class='ocrx_word' id='word_1_239' title='bbox 1580 2860 1834 2942; x_wconf 89' lang='lat' dir='ltr'><strong>posset,</strong></span> <span class='ocrx_word' id='word_1_240' title='bbox 1888 2857 2086 2921; x_wconf 92' lang='lat' dir='ltr'><strong>etiam</strong></span> <span class='ocrx_word' id='word_1_241' title='bbox 2131 2856 2202 2919; x_wconf 90' lang='lat' dir='ltr'><strong>in</strong></span> <span class='ocrx_word' id='word_1_242' title='bbox 2250 2877 2356 2921; x_wconf 84' lang='lat' dir='ltr'><strong>ex·</strong></span> <span class='ocrx_word' id='word_1_243' title='bbox 2387 2876 2450 2917; x_wconf 73' lang='lat' dir='ltr'><strong>ao</strong></span> 
     </span>
     <span class='ocr_line' id='line_1_32' title="bbox 324 2944 2356 3029; baseline -0.001 -18"><span class='ocrx_word' id='word_1_244' title='bbox 324 2951 533 3011; x_wconf 89' lang='lat' dir='ltr'><strong>trema</strong></span> <span class='ocrx_word' id='word_1_245' title='bbox 591 2944 857 3010; x_wconf 89' lang='lat' dir='ltr'><strong>fortuna</strong></span> <span class='ocrx_word' id='word_1_246' title='bbox 902 2950 969 3011; x_wconf 89' lang='lat' dir='ltr'><strong>et</strong></span> <span class='ocrx_word' id='word_1_247' title='bbox 1011 2945 1173 3029; x_wconf 89' lang='lat' dir='ltr'><strong>fuga</strong></span> <span class='ocrx_word' id='word_1_248' title='bbox 1214 2967 1453 3011; x_wconf 92' lang='lat' dir='ltr'><strong>nomen</strong></span> <span class='ocrx_word' id='word_1_249' title='bbox 1501 2950 1721 3010; x_wconf 91' lang='lat' dir='ltr'><strong>tamen</strong></span> <span class='ocrx_word' id='word_1_250' title='bbox 1766 2945 2036 3010; x_wconf 86' lang='lat' dir='ltr'><strong>retinuit</strong></span> <span class='ocrx_word' id='word_1_251' title='bbox 2078 2944 2356 3028; x_wconf 88' lang='lat' dir='ltr'><strong>regium.</strong></span> 
     </span>
     <span class='ocr_line' id='line_1_33' title="bbox 323 3032 2356 3119; baseline -0 -21"><span class='ocrx_word' id='word_1_252' title='bbox 323 3033 553 3118; x_wconf 91' lang='lat' dir='ltr'><strong>Itaque</strong></span> <span class='ocrx_word' id='word_1_253' title='bbox 598 3034 739 3118; x_wconf 88' lang='lat' dir='ltr'><strong>ipse</strong></span> <span class='ocrx_word' id='word_1_254' title='bbox 783 3033 1133 3119; x_wconf 86' lang='lat' dir='ltr'><strong>Pompeius</strong></span> <span class='ocrx_word' id='word_1_255' title='bbox 1177 3055 1381 3119; x_wconf 86' lang='lat' dir='ltr'><strong>regno</strong></span> <span class='ocrx_word' id='word_1_256' title='bbox 1419 3055 1723 3118; x_wconf 87' lang='lat' dir='ltr'><strong>possesso</strong></span> <span class='ocrx_word' id='word_1_257' title='bbox 1762 3056 1840 3098; x_wconf 84' lang='lat' dir='ltr'><strong>ex</strong></span> <span class='ocrx_word' id='word_1_258' title='bbox 1879 3032 2178 3099; x_wconf 88' lang='lat' dir='ltr'><strong>omnibus</strong></span> <span class='ocrx_word' id='word_1_259' title='bbox 2218 3034 2356 3097; x_wconf 90' lang='lat' dir='ltr'><strong>oris</strong></span> 
     </span>
     <span class='ocr_line' id='line_1_34' title="bbox 326 3121 2354 3207; baseline -0.001 -20"><span class='ocrx_word' id='word_1_260' title='bbox 326 3145 401 3188; x_wconf 93' lang='lat' dir='ltr'><strong>ac</strong></span> <span class='ocrx_word' id='word_1_261' title='bbox 456 3122 634 3189; x_wconf 91' lang='lat' dir='ltr'><strong>notis</strong></span> <span class='ocrx_word' id='word_1_262' title='bbox 691 3122 951 3188; x_wconf 88' lang='lat' dir='ltr'><strong>sedibus</strong></span> <span class='ocrx_word' id='word_1_263' title='bbox 997 3122 1187 3187; x_wconf 87' lang='lat' dir='ltr'><strong>hoste</strong></span> <span class='ocrx_word' id='word_1_264' title='bbox 1232 3123 1424 3207; x_wconf 90' lang='lat' dir='ltr'><strong>pulso</strong></span> <span class='ocrx_word' id='word_1_265' title='bbox 1470 3126 1694 3187; x_wconf 91' lang='lat' dir='ltr'><strong>tamen</strong></span> <span class='ocrx_word' id='word_1_266' title='bbox 1737 3125 2000 3187; x_wconf 89' lang='lat' dir='ltr'><strong>tantum</strong></span> <span class='ocrx_word' id='word_1_267' title='bbox 2044 3121 2114 3185; x_wconf 92' lang='lat' dir='ltr'><strong>in</strong></span> <span class='ocrx_word' id='word_1_268' title='bbox 2159 3121 2354 3185; x_wconf 90' lang='lat' dir='ltr'><strong>unius</strong></span> 
     </span>
     <span class='ocr_line' id='line_1_35' title="bbox 328 3209 2356 3297; baseline -0 -23"><span class='ocrx_word' id='word_1_269' title='bbox 328 3210 549 3276; x_wconf 91' lang='lat' dir='ltr'><strong>anima</strong></span> <span class='ocrx_word' id='word_1_270' title='bbox 594 3211 837 3297; x_wconf 89' lang='lat' dir='ltr'><strong>posuit,</strong></span> <span class='ocrx_word' id='word_1_271' title='bbox 883 3216 975 3294; x_wconf 89' lang='lat' dir='ltr'><strong>ut,</strong></span> <span class='ocrx_word' id='word_1_272' title='bbox 1021 3232 1166 3277; x_wconf 90' lang='lat' dir='ltr'><strong>cum</strong></span> <span class='ocrx_word' id='word_1_273' title='bbox 1212 3210 1450 3294; x_wconf 86' lang='lat' dir='ltr'><strong>omnia,</strong></span> <span class='ocrx_word' id='word_1_274' title='bbox 1498 3232 1660 3294; x_wconf 90' lang='lat' dir='ltr'><strong>quae</strong></span> <span class='ocrx_word' id='word_1_275' title='bbox 1705 3210 1817 3275; x_wconf 90' lang='lat' dir='ltr'><strong>ille</strong></span> <span class='ocrx_word' id='word_1_276' title='bbox 1854 3212 2173 3293; x_wconf 86' lang='lat' dir='ltr'><strong>tenuerat,</strong></span> <span class='ocrx_word' id='word_1_277' title='bbox 2222 3209 2356 3273; x_wconf 92' lang='lat' dir='ltr'><strong>adi-</strong></span> 
     </span>
     <span class='ocr_line' id='line_1_36' title="bbox 326 3298 2440 3384; baseline -0.002 -21"><span class='ocrx_word' id='word_1_278' title='bbox 326 3304 496 3383; x_wconf 88' lang='lat' dir='ltr'><strong>erat,</strong></span> <span class='ocrx_word' id='word_1_279' title='bbox 562 3304 883 3384; x_wconf 88' lang='lat' dir='ltr'><strong>sperarat,</strong></span> <span class='ocrx_word' id='word_1_280' title='bbox 948 3298 1225 3366; x_wconf 85' lang='lat' dir='ltr'><strong>victoria</strong></span> <span class='ocrx_word' id='word_1_281' title='bbox 1279 3299 1666 3384; x_wconf 88' lang='lat' dir='ltr'><strong>possideret,</strong></span> <span class='ocrx_word' id='word_1_282' title='bbox 1719 3303 1942 3364; x_wconf 91' lang='lat' dir='ltr'><strong>tamen</strong></span> <span class='ocrx_word' id='word_1_283' title='bbox 1992 3319 2126 3363; x_wconf 92' lang='lat' dir='ltr'><strong>non</strong></span> <span class='ocrx_word' id='word_1_284' title='bbox 2181 3302 2356 3381; x_wconf 90' lang='lat' dir='ltr'><strong>ante,</strong></span> <span class='ocrx_word' id='word_1_285' title='bbox 2384 3316 2440 3359; x_wconf 75' lang='lat' dir='ltr'><strong>ss</strong></span> 
     </span>
     <span class='ocr_line' id='line_1_37' title="bbox 326 3385 2357 3474; baseline 0 -23"><span class='ocrx_word' id='word_1_286' title='bbox 326 3410 521 3470; x_wconf 87' lang='lat' dir='ltr'><strong>quam</strong></span> <span class='ocrx_word' id='word_1_287' title='bbox 575 3388 766 3453; x_wconf 89' lang='lat' dir='ltr'><strong>illum</strong></span> <span class='ocrx_word' id='word_1_288' title='bbox 810 3389 948 3453; x_wconf 79' lang='lat' dir='ltr'><strong>vita</strong></span> <span class='ocrx_word' id='word_1_289' title='bbox 994 3387 1274 3474; x_wconf 86' lang='lat' dir='ltr'><strong>expulit,</strong></span> <span class='ocrx_word' id='word_1_290' title='bbox 1329 3388 1572 3453; x_wconf 89' lang='lat' dir='ltr'><strong>bellum</strong></span> <span class='ocrx_word' id='word_1_291' title='bbox 1621 3387 1986 3454; x_wconf 88' lang='lat' dir='ltr'><strong>confectum</strong></span> <span class='ocrx_word' id='word_1_292' title='bbox 2030 3385 2357 3451; x_wconf 90' lang='lat' dir='ltr'><strong>iudicarit.</strong></span> 
     </span>
     <span class='ocr_line' id='line_1_38' title="bbox 325 3474 2360 3561; baseline 0 -22"><span class='ocrx_word' id='word_1_293' title='bbox 325 3474 516 3541; x_wconf 89' lang='lat' dir='ltr'><strong>Hunc</strong></span> <span class='ocrx_word' id='word_1_294' title='bbox 572 3480 643 3541; x_wconf 92' lang='lat' dir='ltr'><strong>tu</strong></span> <span class='ocrx_word' id='word_1_295' title='bbox 698 3477 985 3561; x_wconf 84' lang='lat' dir='ltr'><strong>hostem,</strong></span> <span class='ocrx_word' id='word_1_296' title='bbox 1048 3476 1241 3561; x_wconf 77' lang='lat' dir='ltr'><strong>Cato,</strong></span> <span class='ocrx_word' id='word_1_297' title='bbox 1306 3477 1694 3560; x_wconf 86' lang='lat' dir='ltr'><strong>contemnis,</strong></span> <span class='ocrx_word' id='word_1_298' title='bbox 1751 3497 2025 3561; x_wconf 91' lang='lat' dir='ltr'><strong>quocum</strong></span> <span class='ocrx_word' id='word_1_299' title='bbox 2078 3495 2197 3559; x_wconf 89' lang='lat' dir='ltr'><strong>per</strong></span> <span class='ocrx_word' id='word_1_300' title='bbox 2251 3478 2360 3540; x_wconf 86' lang='lat' dir='ltr'><strong>tot</strong></span> 
     </span>
    </p>
   </div>
  </div>
 </body>
</html>
