2534 3875
855 216 861 225 ,
892 158 1047 217 CAP.
1085 166 1224 215 4-6
1263 166 1295 226 s
1332 165 1523 215 9—15.
2080 162 2211 227 193

178 304 426 386 hibere,
484 302 569 369 ad
623 324 776 369 suos
834 306 1056 369 coetus
1103 304 1394 369 occultos
1439 308 1701 380 noctem
1746 304 2097 391 adiungere
2143 310 2211 371 et

180 392 618 461 solitudinem.
709 390 956 467 Quibus
1004 392 1197 457 rebus
1247 394 1493 475 quanto
1539 392 1609 459 in
1654 396 1833 457 metu
1877 394 2208 479 fuerimus,

181 503 256 545 ex
298 485 523 546 vestra
569 478 1020 563 sollicitudine,
1066 480 1135 544 in
1181 502 1311 564 qua
1354 479 1486 545 illis
1524 481 1931 565 temporibus
1967 481 2207 565 fuistis,

180 569 371 634 facile
447 568 718 652 adsequi
790 569 1158 634 coniectura
1231 568 1553 651 poteritis.
1642 568 1879 634 Ineunt
1940 570 2206 635 tandem
2247 588 2315 635 13

125 675 155 717 5
182 657 611 743 magistratus
675 656 926 721 tribuni
988 655 1225 739 plebis3
1292 657 1509 722 contio
1574 657 1763 722 valde
1829 661 2207 741 expectatur

179 746 246 811 P.
293 744 501 829 Rulli,
549 744 722 828 quod
758 748 826 809 et
868 744 1168 828 princeps
1216 748 1359 809 erat
1406 745 1699 829 agrariae
1746 745 1913 831 legis
1963 749 2029 810 et
2073 750 2207 811 tru-

179 832 502 899 culentius
551 854 620 897 se
658 832 928 918 gerebat
966 854 1158 916 quam
1197 832 1415 898 ceteri.
1476 832 1619 899 Iam
1656 833 2034 919 designatus
2074 834 2205 899 alio

180 921 384 1005 vultu,
425 920 554 986 alio
584 921 761 986 vocis
791 941 969 1004 son0,
1000 920 1128 985 alio
1156 920 1413 986 incessu
1440 942 1581 987 esse
1610 921 2061 1005 meditabatur,
2103 944 2207 986 ve·

0 1072 2 1097 ,
181 1010 346 1075 stitu
373 1008 788 1092 obsoletiore,
825 1030 1096 1093 corpore
1131 1008 1381 1073 inculto
1420 1012 1487 1072 et
1512 1009 1795 1093 horrido,
1835 1009 2206 1094 capillatior

0 1100 2 1149 ¹
97 1116 156 1157 ιο
181 1120 377 1181 quam
424 1101 577 1163 ante
622 1097 953 1179 barbaque
989 1096 1250 1178 maiore,
1294 1100 1371 1161 ut
1407 1098 1612 1163 oculis
1650 1101 1717 1162 et
1755 1098 2063 1182 adspectu
2101 1099 2206 1163 de-

179 1187 484 1251 nuntiare
559 1184 859 1250 omnibus
933 1186 1067 1249 vim
1138 1184 1553 1250 tribuniciam
1627 1190 1695 1250 et
1756 1186 2047 1251 minitari
2110 1186 2207 1251 rei

180 1273 481 1358 publicae
562 1273 908 1339 videretur.
1023 1271 1267 1358 Legem
1348 1272 1631 1339 hominis
1712 1274 2206 1359 contionemque

181 1362 627 1446 expectabam3
698 1361 804 1425 lex
865 1360 1054 1426 initio
1124 1360 1310 1426 nulla
1363 1361 1777 1446 proponitur,
1838 1363 2207 1428 contionem

180 1451 253 1515 in
287 1450 496 1534 pridie
533 1448 688 1515 Idus
719 1449 1020 1514 advocari
1047 1448 1244 1514 iubet.
1292 1446 1559 1514 Summa
1586 1471 1730 1515 cum
1760 1450 2207 1533 expectatione

101 1557 157 1597 1⁵
185 1538 611 1621 concurritur.
673 1537 981 1621 Explicat
1016 1537 1379 1603 orationem
1417 1559 1572 1601 sane
1600 1537 1867 1622 longam
1896 1542 1963 1603 et
1987 1539 2205 1604 verbis

180 1626 370 1693 valde
425 1626 634 1691 bonis
723 1624 943 1691 Unum
1002 1630 1169 1709 erat,
1226 1626 1399 1709 quod
1452 1625 1616 1689 mihi
1668 1625 1975 1690 vitiosum
2031 1626 2205 1690 vide·

180 1714 400 1798 batur,
448 1715 621 1798 quod
664 1717 854 1779 tanta
900 1736 978 1778 ex
1021 1713 1391 1798 frequentia
1435 1713 1713 1779 inveniri
1745 1735 1937 1779 nemo
1973 1714 2208 1796 potuit,

183 1804 294 1887 qui
347 1802 728 1887 intellegere
776 1806 1026 1886 posset,
1076 1801 1230 1885 quid
1286 1800 1542 1866 diceret.
1624 1799 1767 1867 Hoc
1819 1801 1931 1866 ille
1986 1805 2207 1866 utrum

181 1891 568 1957 insidiarum
633 1912 828 1956 causa
890 1889 1116 1956 fecerit
1177 1912 1262 1954 an
1319 1889 1444 1956 hoc
1502 1910 1736 1976 genere
1800 1888 2207 1974 eloquentiae

97 1999 155 2040 20
183 1980 559 2062 delectetur,
603 1978 840 2044 nescio·
913 1978 1224 2062 Tametsi,
1269 1979 1382 2062 qui
1427 1979 1748 2044 acutiores
1793 1978 1865 2042 in
1908 1977 2207 2043 contione

181 2071 532 2150 steterant,
588 2067 665 2132 de
719 2068 866 2152 lege
921 2067 1181 2151 agraria
1233 2066 1453 2132 nescio
1508 2066 1663 2150 quid
1715 2065 2002 2132 voluisse
2059 2087 2207 2132 eum

183 2157 398 2222 dicere
435 2155 951 2240 suspicabantur.
1015 2154 1389 2239 Aliquando
1426 2156 1683 2219 tandem
1725 2177 1829 2218 me
1866 2153 2209 2238 designato

181 2246 290 2310 lex
349 2246 420 2309 in
475 2243 808 2328 publicum
862 2243 1266 2328 proponitur.
1367 2241 1774 2308 Concurrunt
1825 2242 2009 2306 iussu
2062 2263 2207 2306 meo

180 2333 408 2418 plures
452 2354 582 2397 uno
627 2334 924 2415 tempore
969 2330 1241 2414 librarii,
1288 2330 1681 2414 descriptam
1715 2330 1929 2416 legem
1975 2329 2058 2394 ad
2104 2351 2208 2394 me

95 2440 153 2480 25
183 2420 504 2487 adferunt.
569 2417 764 2485 Omni
808 2420 933 2484 hoc
978 2419 1232 2484 ratione
1268 2419 1457 2484 vobis
1503 2419 1886 2484 confirmare
1920 2439 2208 2502 possum,
2244 2397 2319 2524 ᾗ

183 2508 491 2591 Quirites,
553 2508 679 2574 hoc
733 2507 948 2572 animo
1007 2529 1109 2572 me
1165 2507 1247 2571 ad
1302 2507 1644 2592 legendam
1700 2506 1915 2592 legem
1968 2527 2207 2592 cogno-

183 2597 614 2680 scendamque
659 2595 938 2679 venisse,
985 2600 1075 2678 ut,
1122 2595 1178 2658 si
1229 2617 1373 2660 eam
1419 2595 1606 2660 vobis
1652 2595 2208 2661 accommodatam

182 2689 386 2770 atque
459 2684 688 2748 utilem
763 2705 902 2748 esse
973 2683 1449 2768 intellegerem,
1522 2686 1747 2748 auctor
1811 2683 1946 2747 eius
2012 2688 2209 2768 atque

181 2773 446 2839 adiutor
491 2794 716 2837 essem.
779 2771 933 2837 Non
977 2770 1148 2836 enim
1183 2775 1420 2836 natura
1453 2793 1661 2856 neque
1699 2770 1966 2836 discidio
2002 2792 2208 2855 neque

93 2880 152 2922 ao
181 2862 338 2928 odio
393 2861 649 2945 penitus
704 2860 904 2925 insito
950 2859 1197 2924 bellum
1241 2859 1459 2925 nescio
1499 2860 1671 2944 quod
1706 2859 1909 2924 habet
1955 2881 2208 2942 suscep·

179 2955 327 3016 tum
367 2949 742 3014 consulatus
781 2970 927 3014 cum
963 2948 1320 3031 tribunatu,
1358 2948 1511 3031 quia
1536 2969 1847 3032 persaepe
1876 2946 2201 3012 seditiosis

183 3042 384 3123 atque
429 3036 743 3120 improbis
788 3036 1068 3100 tribunis
1116 3035 1328 3120 plebis
1374 3035 1529 3100 boni
1566 3039 1633 3100 et
1668 3036 1874 3100 fortes
1910 3033 2206 3100 consules

183 3126 604 3207 obstiterunt,
650 3129 716 3189 et
762 3124 914 3209 quia
957 3124 1057 3190 vis
1103 3124 1452 3189 tribunicia
1496 3145 1629 3189 non
1671 3143 2027 3206 numquam
2063 3121 2208 3184 libi·

184 3214 325 3280 dini
370 3213 614 3279 restitit
660 3213 1002 3278 consulari.
1081 3210 1233 3276 Non
1277 3215 1680 3296 potestatum
1727 3208 2211 3292 dissimilitudo,

97 3320 153 3362 ³⁵
183 3303 301 3368 sed
361 3302 725 3368 animorum
781 3300 1126 3365 disiunctio
1181 3300 1648 3365 dissensionem
1702 3297 1877 3363 facit.
1976 3296 2206 3379 Itaque
2248 3309 2317 3359 15

181 3391 312 3456 hoc
357 3391 573 3455 animo
620 3390 834 3475 legem
881 3388 1129 3472 sumpsi
1171 3389 1240 3452 in
1287 3410 1543 3470 manus,
1598 3392 1672 3450 ut
1719 3408 1861 3450 eam
1906 3405 2205 3468 cuperem

183 3500 330 3543 esse
395 3483 618 3562 aptam
681 3479 918 3542 vestris
985 3475 1337 3541 commodis
1404 3479 1471 3540 et
1536 3474 1673 3538 eius
1738 3471 1940 3554 modi,
2012 3492 2207 3556 quam

296 3589 406 3631 010.
436 3591 500 3632 11.
529 3591 569 3630 2.
605 3607 609 3612 -
1822 3580 1886 3628 13
