2534 3875
859 124 1014 178 CAP.
1052 129 1264 179 39-41
1304 129 1335 190 s
1373 129 1602 180 sis-⁹0,
2106 124 2234 190 337

184 291 352 334 vero
394 269 767 335 miseranda
806 272 977 353 sunt,
1024 290 1101 334 ea
1140 273 1207 334 et
1243 268 1407 334 mihi
1445 272 1597 334 ante
1635 270 1858 334 oculos
1896 272 2238 336 versantur

185 361 261 423 et
311 379 430 423 vos
470 357 686 422 videre
724 359 790 422 et
825 357 1195 442 perspicere
1230 358 1528 442 potestis.
1594 355 1683 442 Si,
1729 355 1899 440 quod
1937 357 2236 443 Iuppiter
2256 360 2340 424 41

189 467 395 512 omen
440 447 721 511 avertat!
768 445 941 510 hunc
985 446 1225 511 vestris
1273 445 1616 510 sententiis
1663 444 2060 529 adflixeritis,
2107 468 2236 530 quo

194 556 271 600 se
318 533 517 599 miser
562 533 817 599 vertet?>
864 533 1256 600 domumne‘?
1303 537 1380 599 ut
1424 556 1570 599 eam
1613 533 1969 619 imaginem
2016 535 2238 600 claris·

120 637 163 680 6
196 622 353 688 simi
399 621 557 706 viri,
602 621 893 706 parentis
942 623 1069 706 sui,
1118 645 1312 707 quam
1358 622 1582 706 paucis
1628 625 1780 688 ante
1827 621 2054 688 diebus
2101 622 2236 688 lau-

194 715 455 776 reatam
514 673 585 775 iii
632 731 752 776 sua
798 711 1239 797 gratulatione
1287 710 1650 796 conspexit,
1707 711 1978 776 eandem
2025 710 2238 776 defor-

193 803 447 864 matam
484 799 849 885 ignominia
891 799 1352 885 lugentemque
1385 799 1646 865 videat?
1693 798 1800 864 An
1829 799 1912 864 ad
1940 803 2238 883 matrem,

198 910 371 972 quae
440 887 679 952 misera
747 886 939 952 modo
1015 889 1347 954 consulem
1412 888 1710 953 osculata
1770 887 1980 952 filium
2046 909 2236 952 suum

194 998 376 1041 nunc
419 975 744 1042 cruciatur
788 978 857 1040 et
904 976 1186 1042 sollicita
1231 980 1349 1061 est,
1393 998 1476 1041 ne
1522 976 1796 1042 eundem
1841 976 2039 1060 paulo
2083 978 2238 1060 post

94 1083 169 1123 ιο
199 1064 561 1150 spoliatum
619 1064 799 1128 omni
852 1063 1174 1148 dignitate
1229 1064 1635 1148 conspiciat?
1727 1063 1851 1130 Sed
1909 1065 2066 1149 quid
2112 1086 2233 1151 ego

2274 1082 2348 1132 89

202 1155 487 1218 matrem
543 1154 675 1217 eius
728 1155 846 1218 aut
899 1153 1168 1217 domum
1221 1154 1510 1237 appello,
1570 1175 1764 1239 quem
1807 1175 1981 1218 nova
2023 1174 2237 1238 poena
2339 1186 2342 1189 ·

196 1241 372 1326 legis
401 1245 469 1305 et
497 1240 690 1306 domo
714 1244 781 1305 et
798 1245 1068 1325 parente
1090 1245 1156 1304 et
1175 1241 1464 1306 omnium
1486 1263 1754 1306 suorum
1773 1241 2238 1307 consuetudine

200 1332 683 1414 conspectuque
745 1329 1008 1415 privat?
1098 1328 1234 1393 Ibit
1288 1328 1493 1414 igitur
1545 1330 1616 1394 in
1670 1330 1935 1395 exilium
1992 1330 2236 1397 miser?

202 1416 394 1494 Quo?
458 1417 541 1482 ad
596 1417 949 1482 orientisne
1013 1418 1251 1502 partie,
1315 1419 1384 1481 in
1440 1417 1676 1501 quibus
1732 1439 1936 1483 annos
1992 1420 2236 1484 multos

108 1523 173 1564 ιιι
205 1507 467 1592 legatus
540 1505 694 1590 fuit,
768 1507 1087 1570 exercitus
1152 1504 1364 1590 duxit,
1435 1526 1540 1569 res
1605 1506 1923 1570 maximas
1987 1507 2236 1592 gessit?

203 1594 301 1659 At
344 1593 548 1658 habet
590 1615 903 1679 magnum
950 1594 1268 1676 dolorem,
1322 1555 1492 1658 iinde
1538 1615 1683 1659 cum
1729 1594 1976 1659 honore
2022 1595 2238 1660 deces-

208 1682 398 1766 seris,
458 1681 684 1748 eodem
740 1704 886 1747 cum
942 1682 1305 1767 ignominia
1356 1681 1615 1748 reverti.
1705 1676 1812 1746 An
1859 1704 1928 1746 se
1972 1681 2043 1748 in
2087 1704 2238 1748 con-

204 1771 480 1837 trariam
542 1774 799 1857 partem
854 1774 1181 1836 terrarum
1238 1770 1463 1855 abdet,
1526 1774 1602 1835 ut
1658 1768 1877 1835 Gallia
1932 1769 2242 1835 Transal-

204 1859 389 1945 pina,
454 1880 645 1944 quem
698 1881 907 1946 nuper
964 1881 1215 1924 summo
1273 1881 1419 1924 cum
1475 1859 1748 1945 imperio
1805 1858 2239 1925 libentissime

118 1967 179 2007 20
209 1948 463 2032 viderit,
510 1947 784 2014 eundem
829 1950 1181 2034 lugentem,
1229 1953 1646 2032 maerentem,
1683 1949 1938 2013 exulem
1974 1948 2238 2014 videat?

204 2036 285 2101 In
332 2058 411 2102 ea
455 2059 654 2122 porro
690 2036 1031 2122 provincia
1066 2059 1193 2121 quo
1232 2037 1451 2102 animo
1489 2036 1559 2103 O.
1587 2035 1929 2102 Murenam
1965 2037 2239 2103 fratrem

206 2147 397 2190 suum
454 2124 767 2210 aspiciet?
869 2124 994 2201 Qui
1049 2125 1243 2190 huius
1306 2126 1518 2209 dolor,
1583 2125 1695 2210 qui
1749 2124 1926 2190 illius
1983 2147 2240 2191 maeror

207 2213 358 2297 erit,
422 2235 587 2297 quae
652 2213 993 2299 utriusque
1048 2214 1485 2316 lamentatio,
1527 2217 1773 2299 quanta
1827 2218 2045 2279 autem
2097 2236 2241 2299 per·

206 2300 501 2367 turbatio
575 2302 876 2367 fortunae
942 2306 1138 2387 atque
1202 2302 1550 2387 sermonis,
1623 2324 1799 2385 cum,
1871 2301 2106 2387 quibus
2169 2302 2240 2367 in

122 2406 179 2448 8⁵
206 2390 369 2456 locis
417 2389 641 2476 paucis
690 2394 842 2455 ante
890 2390 1115 2455 diebus
1160 2390 1408 2455 factum
1457 2411 1598 2455 esse
1645 2391 1980 2456 consulem
2026 2390 2237 2469 Mure-

203 2501 361 2543 nam
427 2477 646 2542 nuntii
699 2479 1087 2563 litteraeque
1144 2478 1534 2543 celebrarint
1595 2482 1662 2544 et
1716 2479 1887 2543 unde
1941 2479 2236 2563 hospites

206 2572 404 2651 atque
451 2565 646 2631 amici
690 2568 1095 2653 gratulatum
1141 2566 1420 2632 Romam
1465 2569 1926 2652 concurrerint,
1971 2572 2238 2655 repente

207 2656 447 2720 existet
490 2655 632 2740 ipse
676 2656 944 2720 nuntius
992 2676 1147 2720 suae
1192 2654 1611 2721 calamitatis!
1677 2654 1857 2731 Quae
1895 2656 1952 2721 si
1990 2657 2239 2739 acerba,

210 2744 267 2808 si
312 2744 580 2827 misera,
636 2742 693 2809 si
737 2744 1040 2809 luctuosa
1084 2748 1265 2827 sunt,
1312 2744 1369 2808 si
1415 2743 1814 2809 alienissima
1859 2767 1899 2810 a
1943 2768 2240 2811 mansue-

122 2849 181 2889 80
208 2832 436 2897 tudine
518 2835 585 2895 et
667 2832 1113 2897 misericordia
1184 2836 1432 2914 vestra,
1505 2832 1777 2917 iudices,
1859 2839 2238 2899 conservate

206 2919 440 3005 populi
489 2918 770 2985 Romani
824 2920 1237 3022 beneficium,
1293 2920 1540 2985 reddite
1593 2920 1688 2985 rei
1737 2920 2037 3005 publicae
2093 2944 2241 2987 con·

211 3008 449 3091 sulem,
514 3008 662 3073 date
724 3008 851 3074 hoc
912 3008 1119 3091 ipsius
1182 3010 1444 3094 pudori,
1509 3008 1656 3074 date
1720 3011 1896 3095 patri
1960 3014 2239 3111 mortuo,

213 3096 363 3161 date
430 3095 651 3182 generi
706 3101 772 3161 et
824 3096 1141 3179 familiae,
1202 3097 1350 3162 date
1407 3097 1605 3162 etiam
1658 3096 1981 3182 Lanuvio,
2035 3100 2241 3162 muni-

212 3185 381 3268 cipio
437 3184 928 3267 honestissimo,
984 3148 1157 3269 quoii
1205 3187 1280 3251 in·
1330 3186 1452 3251 hac
1505 3189 1651 3251 tota
1696 3208 1893 3251 causa
1935 3186 2240 3271 frequens

126 3288 183 3330 οδ
213 3276 665 3357 maestumque
718 3272 995 3340 vidistis,
1068 3272 1296 3339 Nolite
1351 3297 1392 3339 a
1446 3274 1648 3339 sacris
1695 3274 1926 3358 patriis
1970 3274 2240 3339 Iunonis

214 3358 543 3445 Sospitae,
626 3362 729 3427 cui
812 3383 1037 3426 omnes
1120 3362 1418 3428 consules
1499 3362 1711 3427 facere
1783 3384 2046 3428 necesse
2121 3366 2240 3447 est,

214 3448 643 3515 domesticum
707 3452 775 3515 et
838 3471 1025 3515 suum
1090 3452 1418 3515 consulem
1473 3450 1888 3536 potissimum
1943 3451 2244 3517 avellere.

318 3561 431 3605 cto,
456 3562 522 3604 11.
548 3564 590 3603 ς.
1851 3561 1918 3609 22

2275 2674 2350 2723 90
