2534 3875
225 664 293 711 42

225 2558 293 2606 43

330 196 461 262 532
656 195 752 249 DE
790 193 1257 249 HARUSPICUM
1295 193 1666 249 RESPONSO
1707 193 1994 248 ORATIO.

329 340 633 424 perficere
689 338 972 404 dicendo.
1064 335 1226 402 Cum
1281 338 1382 402 his
1440 337 1790 402 conflictari
1849 341 1916 402 et
1958 359 2076 422 pro
2127 338 2354 403 salute

329 428 581 511 patriae
646 427 879 492 cotidie
939 426 1242 490 dimicare
1299 430 1438 491 erat
1491 427 1752 490 omnino
1808 426 1939 489 illis
1951 478 1968 509 ,
2031 427 2141 509 qui
2195 429 2351 490 tum

330 538 465 581 rem
500 515 826 600 publicam
866 515 1335 600 gubernabant,
1380 515 1754 597 molestum3
1791 514 1905 578 sed
1939 513 2225 579 habebat
2265 537 2353 579 ea

224 584 313 650 20
334 604 635 669 molestia
698 604 1018 687 quandam
1070 606 1292 666 tamen
1346 601 1744 686 dignitatem.
1835 601 1960 666 Hic
2015 624 2195 684 vero,
2264 602 2349 666 de

334 714 460 775 quo
516 713 635 777 ego
690 692 830 776 ipse
884 695 1022 755 tam
1068 691 1274 754 multa
1326 712 1496 755 nunc
1550 689 1718 773 dico,
1779 711 1897 774 pro
1954 689 2019 753 di
2082 691 2350 755 immor·
2383 709 2413 749 ⁵

330 781 524 844 tales!
564 779 714 863 quid
752 782 867 861 est,
905 778 1056 863 quid
1093 779 1288 861 valet,
1325 778 1475 861 quid
1515 777 1742 862 adfert,
1780 781 1851 842 ut
1878 782 2060 842 tanta
2089 779 2346 862 civitaS,

332 869 389 932 si
442 867 649 951 cadet,
706 867 875 951 quod
930 867 995 931 di
1050 888 1238 931 omen
1295 866 1599 931 obruant!
1655 887 1694 929 a
1738 865 1876 930 viro
1923 870 2143 930 tamen
2189 889 2348 932 con-

329 956 501 1021 fecta
547 955 884 1020 videatur?
931 953 1041 1038 qui
1085 957 1237 1038 post
1283 954 1488 1038 patris
1525 959 1798 1034 mortem
1837 954 2118 1038 primam
2153 955 2346 1020 illam

332 1045 685 1108 aetatulam
750 1064 932 1106 suam
997 1041 1079 1106 ad
1142 1064 1507 1106 scurrarum
1561 1042 1980 1126 locupletium
2035 1043 2344 1107 libidines

333 1132 589 1215 detulit,
654 1151 928 1214 quorum
980 1130 1482 1214 intemperantia
1535 1131 1792 1214 expleta
1844 1130 1912 1193 in
1968 1129 2342 1195 domesticis
2379 1151 2433 1188 ιο

332 1223 431 1284 est
487 1218 934 1304 germanitatis
990 1219 1233 1302 stupris
1289 1219 1649 1300 volutatus3
1703 1217 1925 1282 deinde
1970 1219 2102 1282 iam
2149 1220 2344 1284 robu-

331 1311 471 1371 stus
516 1305 884 1391 provinciae
930 1328 999 1370 se
1044 1328 1117 1371 ac
1162 1306 1255 1370 rei
1293 1306 1561 1370 militari
1600 1305 1775 1369 dedit
1812 1309 2004 1389 atque
2040 1306 2133 1372 ibi
2171 1306 2343 1391 pira·

329 1399 544 1458 tarum
600 1395 1020 1459 contumelias
1074 1415 1416 1478 perpessus
1473 1394 1672 1458 etiam
1718 1391 1990 1458 Cilicum
2037 1395 2339 1460 libidines

329 1483 878 1567 barbarorumque
926 1482 1214 1565 satiavit3
1259 1486 1412 1567 post
1449 1482 1730 1546 exercitu
1767 1481 1836 1546 L.
1865 1481 2119 1547 Luculli
2157 1484 2342 1548 solli-

332 1572 531 1635 citato
603 1592 719 1655 per
791 1570 1135 1634 nefandum
1208 1570 1416 1635 scelus
1489 1570 1660 1654 fugit
1732 1569 1900 1634 illim
1962 1569 2342 1655 Romaeque
2376 1592 2430 1631 15

329 1659 570 1723 recenti
626 1658 903 1722 adventu
958 1679 1073 1722 suo
1131 1679 1275 1722 cum
1335 1658 1717 1742 propinquis
1763 1659 1896 1722 suis
1943 1658 2204 1742 decidit,
2257 1681 2344 1724 ne

329 1769 473 1812 reos
510 1748 769 1830 faceret,
807 1769 846 1810 a
874 1745 1155 1810 Catilina
1191 1746 1526 1828 pecuniam
1565 1746 1826 1830 accepit,
1863 1749 1935 1810 ut
1964 1747 2345 1830 turpissime

329 1835 897 1919 praevaricaretur.
957 1833 1115 1898 Inde
1161 1856 1307 1898 cum
1344 1833 1612 1898 Murena
1658 1856 1724 1898 se
1771 1834 1838 1898 in
1874 1833 2152 1899 Galliam
2191 1855 2344 1898 con-

330 1923 513 2006 tulit,
577 1923 647 1987 in
710 1945 835 2007 qua
898 1921 1229 2007 provincia
1285 1925 1686 1987 mortuorum
1741 1925 2126 1987 testamenta
2181 1944 2340 1987 con-

332 2011 608 2095 scripsit,
644 2012 927 2095 pupillos
963 2010 1242 2094 necavit,
1272 2009 1554 2075 nefarias
1589 2032 1733 2076 cum
1771 2011 1990 2076 multis
2020 2011 2336 2075 scelerum
2367 2032 2426 2072 20

330 2100 657 2183 pactiones
742 2099 1204 2183 societatesque
1290 2098 1609 2164 conflavit.
1728 2098 1913 2163 Unde
1984 2102 2054 2162 ut
2125 2098 2340 2183 rediit,

332 2190 669 2271 quaestum
714 2187 899 2251 illum
944 2187 1222 2251 maxime
1267 2186 1610 2251 fecundum
1656 2186 2042 2271 uberemque
2080 2209 2338 2271 campe-

332 2280 530 2339 strem
593 2278 803 2339 totum
870 2275 952 2338 ad
1016 2295 1084 2337 se
1137 2275 1230 2338 ita
1288 2274 1564 2359 redegit,
1625 2278 1701 2338 ut
1755 2274 1948 2340 homo
2006 2275 2340 2358 popularis

330 2361 660 2427 fraudaret
704 2362 1182 2447 improbissime
1226 2364 1534 2447 populum
1580 2362 1878 2447 idemque
1915 2363 2015 2428 vir
2054 2365 2337 2429 clemens

332 2451 639 2515 divisores
679 2451 965 2514 omnium
1000 2451 1291 2515 tribuum
1327 2451 1501 2514 domi
1536 2452 1674 2533 ipse
1713 2472 1864 2515 suae
1893 2450 2342 2516 crudelissima
2371 2472 2422 2511 25

331 2542 538 2601 morte
586 2542 911 2602 mactaret.
1002 2537 1249 2604 Exorta
1295 2543 1395 2602 est
1439 2538 1557 2602 illa
1602 2539 1695 2601 rei
1740 2538 2064 2622 publicae,
2123 2539 2341 2622 sacriS,

332 2625 770 2709 religionibus,
800 2626 1175 2691 auctoritati
1202 2629 1471 2708 vestrae,
1497 2626 1749 2690 iudiciis
1778 2626 2052 2709 publicis
2079 2626 2342 2691 funesta

334 2716 696 2797 quaestura,
731 2714 801 2777 in
836 2735 963 2796 qua
998 2713 1167 2777 idem
1204 2715 1329 2778 iste
1358 2713 1509 2778 deos
1540 2714 1974 2798 hominesque,
2010 2715 2339 2799 pudorem,

331 2800 724 2885 pudicitiam,
762 2804 1021 2865 senatus
1052 2804 1522 2885 auctoritatem,
1559 2802 1678 2885 ius,
1712 2801 1832 2884 faS,
1868 2803 2066 2887 legeS,
2103 2802 2336 2867 iudicia

331 2889 617 2955 violavit.
709 2889 922 2972 Atque
976 2888 1081 2953 hic
1135 2890 1192 2953 ei
1246 2890 1485 2975 gradus
1536 2924 1613 2937 --
1663 2911 1700 2954 o
1756 2890 1993 2954 misera
2045 2894 2341 2975 tempora
2368 2912 2422 2951 30

334 2978 695 3061 stultasque
756 2980 1015 3041 nostras
1081 2977 1458 3042 discordias!
1532 2977 1603 3042 P.
1665 2975 1891 3043 Clodio
1955 2978 2193 3061 gradus
2259 2980 2338 3044 ad

331 3087 469 3129 rem
542 3066 865 3149 publicam
932 3066 1037 3129 hic
1100 3065 1346 3148 primus
1408 3066 1538 3146 fuit
1595 3070 1662 3130 et
1726 3066 1936 3131 aditus
2003 3065 2082 3129 ad
2144 3088 2340 3150 popu-

332 3154 535 3217 larem
580 3154 995 3219 iactationem
1043 3156 1235 3237 atque
1285 3154 1645 3219 adscensus.
1711 3153 1880 3219 Nam
1918 3154 2013 3217 Ti.
2045 3152 2335 3220 Graccho

331 3241 575 3305 invidia
618 3240 1002 3306 Numantini
1046 3240 1349 3325 foederiS,
1405 3243 1505 3306 cui
1550 3242 1864 3324 feriendo,
1923 3245 2225 3326 quaestor
2269 3242 2334 3307 O.

333 3326 614 3391 Mancini
660 3329 941 3392 consulis
988 3350 1134 3393 cum
1180 3332 1376 3412 esset,
1422 3329 1818 3414 interfuerat,
1865 3334 1930 3393 et
1975 3330 2042 3393 in
2089 3351 2163 3394 eo
2207 3329 2334 3395 foe·
2364 3350 2414 3390 35

335 3412 480 3475 dere
543 3414 965 3497 improbando
1034 3419 1293 3480 senatus
1363 3418 1674 3481 severitas
1741 3417 1946 3482 dolori
2002 3420 2066 3481 et
2120 3418 2336 3482 timori

332 3498 477 3582 fuit,
524 3520 721 3583 eaque
768 3522 871 3565 res
907 3503 1092 3566 illum
1136 3503 1370 3567 fortem
1419 3507 1484 3568 et
1529 3505 1774 3569 clarum
1812 3506 2020 3570 virum
2059 3527 2097 3569 a
2133 3508 2335 3590 gravi-
