2534 3875
792 152 944 208 CAP.
983 159 1194 210 22--25
1231 160 1262 220 ς
1302 161 1529 213 60-65.
1978 157 2103 222 211

66 297 228 362 viris
290 297 364 362 in
421 298 626 362 tantis
681 298 1091 364 auctionibus
1101 350 1120 383 ,
1173 303 1279 364 tot
1332 300 1614 385 iudiciis,
1667 305 1807 366 tam
1850 301 2109 368 infinita

65 389 408 469 potestate
453 407 670 450 rerum
718 387 1009 452 omnium
1057 392 1469 473 quaerantur,
1513 389 1765 454 videtis.
1856 389 2106 476 Cogno·
2126 368 2215 495 ξιξ

67 475 232 538 scite
272 496 449 540 nunc
487 473 652 538 alios
688 473 1042 541 immensos
1079 479 1276 560 atque
1302 477 1751 542 intolerabiles
1780 482 2107 563 quaestus,

65 565 141 626 ut
215 562 630 648 intellegatis
703 563 786 628 ad
859 567 1179 628 certorum
1251 564 1591 630 hominum
1664 566 2107 649 importunam

69 651 428 716 avaritiam
501 650 624 715 hoc
696 651 1010 735 populare
1074 653 1238 736 legis
1305 653 1602 737 agrariae
1666 675 1901 718 nomen
1964 676 2106 719 esse

67 739 467 822 quaesitum.
557 737 700 803 Hac
742 738 1017 823 pecunia
1060 739 1243 805 iubet
1289 762 1485 826 agros
1533 741 1686 825 emi,
1743 764 1870 825 quo
1916 742 2107 806 dedu-

68 827 338 891 camini.
437 825 590 892 Non
655 827 961 891 consuevi
1025 827 1323 894 homines
1394 830 1728 915 appellare
1794 831 2109 915 asperius,

69 914 387 998 Quirites,
430 914 561 979 nisi
603 914 963 980 lacessitus.
1038 914 1296 982 Vellem
1342 917 1484 982 fieri
1528 922 1769 1002 posset,
1814 923 1889 983 ut
1925 941 1965 983 a
2000 941 2104 982 me

69 1003 210 1067 sine
275 1003 671 1068 contumelia.
728 1003 1223 1069 nominarentur
1284 1005 1357 1088 ii,
1416 1006 1527 1089 qui
1586 1027 1655 1070 se
1710 1006 2105 1072 decemviros

69 1094 350 1174 sperant
393 1090 676 1175 futuros;
721 1091 853 1156 iam
900 1091 1226 1177 videretis,
1274 1093 1506 1177 quibus
1552 1093 1921 1159 hominibus
1970 1115 2107 1160 om-

65 1182 253 1244 nium
293 1201 511 1244 rerum
550 1183 616 1243 et
657 1179 1135 1245 vendendarum
1173 1185 1239 1245 et
1267 1181 1683 1246 emendarum
1712 1186 2104 1266 potestatem

68 1267 566 1350 permitteretis,
669 1265 822 1352 Sed,
892 1269 1063 1352 quod
1133 1290 1256 1354 ego
1316 1270 1603 1334 nondum
1662 1274 1881 1336 statuo
1942 1271 2106 1334 mihi
2142 1285 2213 1336 64

70 1377 214 1420 esse
285 1355 656 1440 dicendum,
726 1377 844 1422 vos
909 1360 1132 1421 tamen
1193 1357 1260 1420 id
1323 1358 1602 1440 potestis
1667 1380 1815 1424 cum
1869 1358 2105 1423 animis

70 1443 316 1508 vestris
371 1444 688 1529 cogitare3
750 1465 953 1509 unum
1005 1444 1130 1511 hoc
1185 1447 1361 1510 certe
1418 1445 1641 1510 videor
1694 1446 1857 1510 mihi
1908 1447 2107 1511 veris-

71 1535 242 1596 sime
281 1553 474 1616 posse
511 1532 747 1597 dicere:
793 1531 977 1615 Tum,
1012 1555 1159 1598 cum
1197 1533 1471 1598 haberet
1505 1533 1664 1598 haec
1702 1555 1806 1598 res
1842 1534 2107 1618 publica

71 1620 424 1703 LuscinOS,
487 1618 852 1704 CalatinOS,
924 1621 1263 1704 Acidinos,
1336 1621 1631 1686 homines
1694 1644 1827 1687 non
1892 1623 2105 1686 solum

69 1708 442 1774 honoribus
468 1709 695 1793 populi
721 1708 1042 1792 rebusque
1070 1712 1296 1794 gestiS,
1322 1731 1549 1774 verum
1569 1709 1767 1775 etiam
1786 1710 2108 1794 patientia

71 1799 492 1880 paupertatis
529 1801 816 1881 ornat08,
863 1800 930 1862 et
964 1801 1125 1881 tum,
1161 1819 1309 1862 cum
1348 1803 1537 1862 erant
1574 1796 1874 1880 Catones,
1911 1797 2105 1879 Phili,

71 1884 308 1968 Laelii,
347 1906 618 1969 quorum
659 1884 1050 1971 sapientiam
1077 1886 1704 1971 temperantiamque
1729 1886 1799 1951 in
1827 1886 2106 1970 publicis

71 1972 515 2058 privatisque,
566 1973 933 2039 forensibus
981 1975 1480 2059 domesticisque
1525 1975 1719 2040 rebus
1768 1996 2104 2059 perspexe-

75 2064 264 2143 ratis,
321 2065 542 2125 tamen
595 2061 862 2127 huiusce
908 2062 1085 2127 modi
1143 2085 1246 2127 res
1304 2063 1652 2128 commissa
1697 2062 1940 2127 nemini
1987 2067 2104 2146 est,

73 2156 150 2215 ut
197 2150 375 2215 idem
423 2150 736 2215 iudicaret
781 2155 849 2215 et
885 2152 1190 2215 venderet
1225 2155 1291 2215 et
1328 2151 1453 2216 hoc
1489 2151 1733 2216 faceret
1768 2172 1887 2235 per
1922 2151 2105 2235 quin-

74 2239 436 2322 quennium
481 2242 624 2302 toto
671 2238 741 2303 in
786 2239 943 2303 orbe
988 2242 1310 2303 terrarum
1345 2238 1644 2324 idemque
1682 2260 1877 2324 agros
1914 2239 2105 2303 vecti-

75 2328 252 2410 galis
323 2327 550 2409 populi
615 2325 894 2391 Romani
949 2327 1348 2391 abalienaret
1414 2331 1506 2411 et,
1572 2349 1721 2393 cum
1780 2341 2125 2391 summam'

73 2418 306 2479 tantae
352 2416 662 2499 pecuniae
706 2414 889 2479 nullo
935 2418 1104 2480 teste
1151 2415 1279 2479 sibi
1322 2416 1463 2499 ipse
1500 2436 1579 2479 ex
1616 2437 1735 2480 sua
1770 2415 2106 2479 voluntate

71 2503 372 2583 fecisset,
427 2506 568 2567 tum
625 2502 897 2587 denique
953 2507 1222 2580 emeret,
1278 2526 1317 2568 a
1414 2503 1606 2568 uibus
1650 2504 1876 2587 vellet,
1933 2504 2106 2587 quod

71 2592 426 2656 videretur.
518 2588 926 2656 Committite
971 2613 1090 2656 vos
1135 2613 1334 2675 nunc,
1371 2526 1690 2674 Quirites,
1745 2590 1850 2655 his
1896 2591 2105 2656 homi·
2144 2608 2212 2657 65

71 2681 273 2745 nibus
328 2680 489 2743 haec
543 2680 788 2762 omnia,
848 2701 1009 2763 quos
1067 2680 1327 2744 odorari
1379 2679 1551 2745 hunc
1603 2679 2104 2744 decemviratum

75 2766 534 2852 suspicamini3
578 2767 916 2852 reperietis
962 2772 1218 2852 partem
1265 2789 1406 2832 esse
1454 2790 1695 2851 eorum,
1743 2767 1975 2851 quibus
2024 2769 2105 2832 ad

71 2854 470 2939 habendum,
507 2859 783 2939 partem,
821 2856 1056 2940 quibus
1094 2856 1176 2921 ad
1214 2856 1720 2921 consumendum
1747 2856 1913 2920 nihil
1944 2856 2105 2921 satis

75 2966 223 3008 esse
260 2943 574 3009 videatur.
636 2943 762 3008 Hic
800 2965 922 3029 ego
960 2943 1092 3009 iam
1128 2944 1311 3029 illud,
1349 2944 1522 3028 quod
1550 2943 2106 3029 expeditissimum
2125 2942 2213 3007 25

73 3036 201 3116 est,
245 3053 328 3095 ne
376 3031 635 3115 disputo
684 3031 961 3116 quidem,
1008 3030 1312 3115 Quirites,
1353 3054 1488 3098 non
1532 3054 1672 3096 esse
1709 3032 1877 3096 hanc
1911 3030 2105 3095 nobis

73 3143 116 3184 a
166 3119 523 3185 maioribus
570 3120 867 3184 relictam
915 3120 1461 3203 consuetudinem,
1508 3124 1581 3184 ut
1627 3122 1924 3184 emantur
1962 3118 2107 3201 agri

75 3230 120 3271 a
181 3208 489 3291 privatiS,
563 3230 690 3293 quo
755 3208 978 3293 plebes
1043 3208 1301 3293 publice
1365 3208 1741 3291 deducatur;
1805 3205 2105 3271 omnibus

74 3296 338 3381 legibus
387 3296 562 3382 agris
607 3296 888 3381 publicis
925 3296 1218 3382 privatos
1257 3318 1397 3361 esse
1435 3296 1761 3360 deductos·
1820 3291 2105 3359 Huiusce

75 3384 257 3448 modi
321 3406 424 3449 me
490 3385 736 3468 aliquid
802 3386 884 3450 ab
949 3385 1072 3451 hoc
1136 3384 1403 3449 horrido
1468 3406 1541 3448 ac
1596 3387 1778 3447 truce
1840 3380 2104 3445 tribuno

73 3472 290 3555 plebis
325 3474 526 3553 fateor
564 3476 1003 3558 exspectasse3
1038 3473 1208 3537 hanc
1237 3494 1390 3539 vero
1428 3470 1682 3536 emendi
1702 3475 1769 3534 et
1793 3467 2108 3535 vendendi

1680 3573 1787 3627 14*
