2534 3875
364 183 494 248 522
695 184 792 240 DE
830 184 1305 241 HARUSPICUM
1338 185 1715 241 RESPONSO
1757 185 2047 242 ORATIO.

363 332 572 394 statas
603 328 1068 415 sollemnisque
1097 331 1521 396 caerimonias
1548 331 1961 416 pontificatu,
1980 351 2209 396 rerum
2232 331 2385 396 bene

363 418 794 501 gerundarum
827 420 1250 484 auctoritates
1280 420 1572 505 augurio,
1607 419 1898 492 fatorum
1924 423 2189 486 veteres
2215 443 2383 504 prae·

363 506 677 571 dictiones
723 506 1054 592 Apollinis
1110 511 1337 573 vatum
1390 509 1607 592 libris,
1659 513 2123 593 portentorum
2180 509 2384 594 expia-

360 595 575 660 tiones
601 593 1028 661 Etruscorum
1057 596 1400 681 disciplina
1427 597 1745 662 contineri
1773 600 2203 680 putaverunt3
2232 619 2383 682 quae

363 684 623 766 quidem
669 687 860 749 tanta
905 689 1032 769 est,
1086 689 1161 749 ut
1204 689 1434 750 nostra
1480 685 1797 749 memoria
1839 685 2135 769 primum
2179 685 2380 750 Italici
2400 703 2419 742 ⁵
2496 729 2527 757 ,.

362 771 521 836 belli
573 770 836 836 funesta
886 773 1004 837 illa
1056 773 1404 858 principia,
1465 777 1619 857 post
1672 771 1924 838 Sullani
1982 771 2381 858 Cinnanique

359 861 674 945 temporis
723 865 1083 926 extremum
1127 883 1333 946 paene
1381 862 1744 945 discrimen,
1788 864 1933 924 tum
1968 861 2148 926 hanc
2184 884 2381 928 recen·

362 951 498 1013 tem
553 949 734 1013 urbis
791 949 1290 1015 inflammandae
1348 950 1728 1035 delendique
1782 949 2042 1034 imperii
2106 952 2380 1015 coniura-

361 1038 610 1102 tionem
673 1059 805 1103 non
868 1039 1140 1103 obscure
1199 1039 1389 1104 nobis
1453 1039 1649 1122 paulo
1714 1041 1864 1102 ante
1926 1038 2381 1122 praedixerint.

258 1138 323 1188 19
365 1125 637 1210 Deinde,
692 1127 751 1191 si
805 1125 959 1210 quid
1010 1126 1212 1191 habui
1256 1127 1408 1209 otii,
1454 1126 1654 1191 etiam
1699 1127 1977 1212 cognovi
2024 1128 2243 1191 multa
2286 1127 2435 1191 lio-1·

365 1213 572 1278 mines
636 1213 859 1279 doctos
929 1215 1373 1299 sapientisque
1437 1219 1504 1279 et
1566 1215 1806 1281 dixisse
1870 1219 1937 1279 et
2002 1216 2259 1300 scripta
2312 1215 2379 1278 de

369 1301 635 1366 deorum
691 1303 1136 1369 inmortalium
1193 1303 1457 1368 numine
1515 1302 1879 1388 reliquisse3
1943 1325 2113 1387 quae
2180 1326 2381 1390 quam·

369 1411 566 1473 quam
596 1389 905 1456 divinitus
942 1392 1301 1475 perscripta
1336 1391 1539 1472 video,
1573 1396 1793 1456 tamen
1829 1392 1967 1456 eius
2006 1392 2193 1456 modi
2230 1397 2382 1474 sunt,

367 1481 444 1542 ut
489 1499 567 1542 ea
611 1479 888 1544 maiores
934 1481 1146 1546 nostri
1190 1480 1484 1545 docuisse
1527 1479 1700 1563 illos,
1740 1501 1873 1544 non
1920 1480 2004 1544 ab
2048 1479 2191 1544 illis
2236 1480 2385 1544 didi-

367 1565 532 1630 cisse
587 1566 948 1632 videantur.
1036 1567 1303 1634 Etenim
1357 1569 1502 1653 quis
1568 1571 1669 1632 est
1727 1572 1863 1632 tam
1923 1590 2227 1653 vaecors,
2286 1569 2383 1653 qui
2406 1587 2439 1626 ιε

362 1657 494 1738 aut,
539 1676 685 1719 cum
722 1656 1014 1740 suspexit
1050 1656 1118 1720 in
1156 1657 1426 1740 eaelum,
1472 1656 1627 1721 deos
1664 1678 1806 1720 esse
1850 1677 1985 1720 non
2035 1658 2289 1722 sentiat
2328 1662 2385 1721 et

361 1764 454 1826 ea,
502 1764 665 1826 quae
710 1748 898 1808 tanta
942 1749 1160 1814 mente
1196 1745 1382 1829 fiunt,
1424 1748 1500 1808 ut
1536 1744 1645 1810 vix
1683 1745 2030 1828 quisquam
2068 1749 2217 1810 arte
2257 1745 2385 1810 ulla

361 1830 651 1895 ordinem
686 1853 900 1896 rerum
939 1854 1012 1898 ac
1048 1833 1587 1898 necessitudinem
1623 1833 1923 1917 persequi
1960 1833 2202 1918 possit,
2238 1857 2385 1898 casu

359 1918 500 1983 fieri
546 1924 734 2003 putet
781 1925 921 2005 aut,
968 1943 1113 1987 cum
1160 1920 1314 1987 deos
1360 1944 1501 1987 esse
1546 1921 1969 2005 intellexerit,
2019 1944 2157 1987 non
2208 1922 2387 1987 intel-

359 2008 541 2093 legat
575 2030 795 2073 eorum
831 2010 1096 2075 numine
1131 2010 1256 2075 hoc
1293 2014 1552 2076 tantum
1586 2010 1933 2094 imperium
1970 2031 2119 2075 esse
2156 2016 2383 2076 natum
2406 2032 2441 2071 ιο

359 2100 428 2161 et
473 2101 734 2162 auctum
781 2102 849 2162 et
893 2100 1263 2164 retentum?
1338 2097 1545 2175 Quam
1591 2099 1891 2164 volumus
1937 2097 2117 2183 licet,
2166 2104 2385 2185 patres

360 2185 735 2269 conscripti,
788 2186 915 2271 ipsi
963 2208 1082 2251 nos
1129 2208 1446 2271 amemus,
1500 2192 1720 2251 tamen
1771 2208 1892 2251 nec
1944 2207 2229 2253 numero
2276 2188 2385 2253 Hi-

362 2293 600 2355 spanos
656 2296 775 2339 nec
829 2274 1063 2341 robore
1109 2274 1337 2341 Gallos
1391 2296 1511 2345 neo
1564 2274 1921 2339 calliditate
1966 2272 2232 2342 Poenos
2280 2299 2387 2342 nec

361 2362 612 2426 artibus
669 2360 950 2428 Graecos
1009 2385 1128 2429 nec
1192 2364 1466 2448 denique
1524 2363 1647 2428 hoc
1707 2363 1851 2445 ipso
1911 2363 2109 2428 huius
2176 2366 2385 2451 gentis

359 2470 436 2513 ac
489 2452 700 2514 terrae
757 2450 1112 2517 domestico
1165 2452 1515 2536 nativoque
1572 2473 1762 2516 sensu
1808 2450 2019 2515 Italos
2073 2452 2264 2536 ipsos
2319 2464 2438 2518 acffi

356 2535 656 2620 Latinos,
711 2540 824 2603 sed
878 2541 1121 2623 pietate
1177 2562 1253 2605 ac
1306 2540 1620 2625 religione
1675 2543 1869 2623 atque
1922 2538 2051 2605 hac
2105 2564 2245 2605 una
2298 2564 2387 2606 sa·

356 2624 623 2709 pientia,
662 2626 833 2710 quod
871 2627 1136 2693 deorum
1173 2630 1436 2693 numine
1474 2627 1692 2692 omnia
1727 2629 1865 2711 regi
1901 2628 2385 2714 gubernarique

254 2760 341 2823 10
359 2714 830 2795 perspeximus,
896 2718 1106 2782 omnis
1165 2716 1379 2800 gentis
1432 2716 1856 2801 nationesque
1914 2718 2381 2801 superavimus.

253 2836 323 2885 20
495 2799 733 2885 Quare,
787 2824 869 2867 ne
915 2804 1105 2888 plura
1150 2804 1227 2868 de
1274 2826 1343 2868 re
1388 2804 1653 2868 minime
1708 2804 1941 2887 loquar
1996 2804 2231 2891 dubia,
2285 2806 2382 2871 ad·

360 2888 583 2953 hibete
639 2889 890 2955 animos
947 2895 1012 2956 et
1071 2896 1320 2957 mentes
1384 2896 1661 2976 vestraS,
1717 2913 1852 2957 non
1910 2893 2129 2958 solum
2182 2916 2378 2977 aures,
2399 2906 2432 2945 ³⁰

357 2976 440 3041 ad
511 2979 932 3062 haruspicum
1008 3001 1230 3045 vocem
1302 2979 1666 3045 admovetet
1750 2978 1977 3056 ‘QUOD
2050 3000 2131 3047 m
2202 3000 2378 3049 Aeno

355 3063 772 3132 LATINJENSI
827 3084 1132 3131 AUDITUS
1192 3084 1321 3132 Es'r
1380 3084 1761 3135 STREPITUS
1816 3087 1961 3135 otm
2025 3069 2377 3137 FREm'rn?

353 3146 548 3213 Mitto
599 3146 1006 3235 haruspiceS,
1069 3149 1263 3215 mitto
1319 3151 1501 3215 illam
1556 3157 1841 3215 veterem
1906 3152 1989 3215 ab
2056 3154 2228 3236 ipsis
2289 3155 2369 3217 dis

354 3234 855 3321 immortalibus,
891 3242 966 3302 ut
993 3238 1329 3303 hominum
1357 3239 1535 3303 fama
1572 3242 1689 3321 est,
1722 3237 2031 3303 Etruriae
2070 3242 2367 3308 traditam

355 3320 795 3406 disciplinam3
868 3347 989 3391 nos
1061 3348 1274 3391 nonne
1337 3326 1714 3411 haruspices
1779 3348 1921 3391 esse
1982 3329 2410 3413 possumus‘?·›3
2519 3360 2520 3372 ¹

353 3404 714 3504 Exauditus
767 3412 836 3476 in
890 3435 1048 3498 agro
1104 3414 1469 3498 propinquo
1526 3421 1591 3478 et
1638 3413 2011 3480 suburbano
2076 3422 2184 3482 est
2230 3423 2363 3483 stre·

354 3495 530 3573 pitus
559 3497 818 3578 quidam
847 3501 1214 3567 reconditus
1245 3505 1312 3565 et
1337 3502 1671 3569 horribilis
1699 3503 2001 3569 fremitus
2032 3527 2359 3572 armorum.
