2534 3875
740 184 894 243 cAP.
934 191 1142 241 16-19
1181 191 1213 253 ς
1251 191 1481 244 38—44.
2012 190 2148 257 405

98 331 194 395 At
217 330 405 396 istud
435 330 734 395 columen
763 330 1196 395 accusationis
1226 333 1400 415 tuae,
1427 330 1861 413 Mithridates,
1889 337 2145 415 postea-

99 440 300 503 quam
366 416 637 483 biduum
699 420 996 484 retentus
1055 418 1248 484 testis
1314 442 1355 483 a
1412 419 1603 484 nobis
1660 418 1912 503 effudit,
1979 444 2143 505 quae

97 506 328 590 voluit,
367 506 606 590 omnia,
641 527 1006 592 reprensus,
1042 507 1377 573 convictus
1411 505 1788 591 fractusque
1818 507 2144 595 discessit3

98 596 404 661 ambulat
459 616 607 661 cum
668 596 898 678 lorica3
951 594 1188 660 metuit
1231 595 1430 660 homo
1477 595 1705 661 doctus
1752 598 1819 661 et
1866 598 2143 682 sapiens,

47 701 72 741 ⁶
98 706 180 747 ne
217 682 294 750 L.
321 682 594 749 Flaccus
639 704 812 748 nunc
858 704 928 749 se
975 685 1219 748 scelere
1255 683 1507 767 alliget,
1552 706 1698 749 cum
1734 684 1868 761 iam
1904 688 2142 750 testem

97 772 293 837 illum
350 771 632 857 effugere
687 792 822 837 non
865 771 1104 856 possit,
1159 775 1253 855 et,
1310 772 1423 857 qui
1468 776 1621 837 ante
1666 771 1912 838 dictum
1959 773 2143 839 testi-

99 860 396 925 monium
453 860 580 925 sibi
634 859 1043 944 temperarit,
1098 882 1245 925 cum
1286 862 1523 937 >tamen
1578 861 1828 945 aliquid
1884 862 2142 945 assequi

99 954 344 1032 posset,
393 948 453 1013 is
495 970 670 1013 nunc
717 948 784 1013 id
832 951 1006 1034 agat,
1051 952 1129 1014 ut
1174 949 1256 1013 ad
1301 947 1545 1014 falsum
1592 949 1925 1015 avaritiae·
1954 949 2141 1015 testi-

101 1036 400 1102 monium
444 1058 670 1103 verum
717 1036 1018 1102 maleficii
1063 1037 1311 1102 crimen
1358 1038 1687 1123 adiungat.
1746 1036 1890 1121 Sed,
1938 1059 2139 1123 quon·

35 1142 76 1183 ιο
100 1125 237 1189 iam
275 1126 356 1190 de
391 1126 517 1191 hoc
552 1127 722 1190 teste
758 1127 1030 1209 totoque
1058 1124 1505 1192 Mithridatico
1536 1125 1804 1191 crimine
1832 1126 2143 1193 disseruit

105 1213 438 1279 subtiliter
475 1216 544 1278 et
577 1213 838 1297 copiose
878 1212 952 1289 Q.
979 1212 1395 1296 Hortensiae,
1428 1234 1572 1298 nOS,
1608 1218 1683 1279 ut
1716 1213 2142 1300 instituimus,

101 1302 187 1367 ad
232 1302 490 1388 reliqua
532 1322 904 1387 pergamus.

240 1388 456 1473 Caput
503 1392 604 1455 est
650 1390 943 1455 omnium
989 1387 1386 1455 Graecorum
1434 1390 1982 1474 concitandorum,
2029 1392 2140 1477 qui
2164 1374 2247 1500 14}

103 1501 252 1544 cum
328 1477 816 1544 accusatoribus
889 1476 1097 1561 sedet,
1169 1476 1547 1543 Heraclides
1611 1479 1727 1543 ille
1791 1478 2141 1564 TemniteS,

39 1585 78 1625 15
102 1567 306 1632 homo
371 1567 632 1651 ineptus
697 1569 764 1630 et
828 1565 1095 1650 loquaX,
1160 1565 1303 1649 sed,
1366 1570 1443 1631 ut
1507 1566 1637 1631 sibi
1700 1566 1984 1651 videtur,
2045 1568 2142 1633 ita

103 1656 353 1734 doctus,
399 1658 474 1719 ut
519 1656 716 1720 etiam
753 1654 1146 1741 magistrum
1181 1655 1450 1719 illorum
1490 1676 1559 1719 se
1596 1676 1737 1720 esse
1775 1655 1965 1721 dicat.
2030 1655 2142 1739 At,

105 1744 218 1828 qui
270 1744 371 1807 ita
429 1742 518 1807 sit
571 1742 990 1827 ambitiosae,
1044 1748 1118 1807 ut
1173 1742 1385 1807 omnis
1430 1763 1549 1808 vos
1602 1764 1849 1827 nosque
1904 1743 2142 1809 cotidie

102 1832 488 1916 persalutet,
533 1830 767 1896 Temni
810 1853 1014 1916 usque
1063 1831 1147 1896 ad
1191 1832 1379 1895 illam
1419 1835 1699 1896 aetatem
1736 1832 1809 1897 in
1843 1834 2142 1896 senatum

102 1920 326 1987 venire
370 1941 505 1986 non
548 1918 767 2005 potuit
811 1923 895 2006 et,
942 1920 1056 2006 qui
1102 1942 1173 1986 se
1211 1923 1423 1985 artem
1460 1920 1712 1986 dicendi
1748 1921 2143 1986 traditurum

22 2027 80 2092 [220
104 2011 306 2075 etiam
373 2009 606 2075 ceteris
669 2009 1081 2094 profiteatur,
1154 2010 1296 2092 ipse
1360 2009 1657 2074 omnibus
1723 2009 2142 2094 turpissumis

104 2097 366 2163 iudiciis
426 2097 649 2162 victus.
695 2100 813 2162 est.
905 2097 1059 2163 Pari
1110 2096 1428 2163 felicitate
1483 2098 1740 2184 legatus
1785 2119 1917 2162 una
1960 2097 2143 2163 venit
2177 2114 2247 2163 43

107 2185 525 2270 Nicomedes,
582 2185 692 2270 qui
746 2207 866 2251 nec
918 2185 989 2251 in
1045 2191 1370 2256 senatum,
1398 2186 1538 2250 ulla
1584 2186 1957 2252 condicione
2003 2208 2143 2270 per·

107 2275 330 2340 venire
367 2275 584 2357 potuit
621 2277 690 2338 et
724 2273 888 2338 furti
925 2278 992 2339 et
1027 2296 1148 2359 pro
1187 2275 1365 2340 socio
1405 2275 1753 2340 damnatus
1790 2277 1910 2339 est.
1968 2271 2144 2339 Nam

107 2364 412 2447 princeps
450 2362 820 2448 legationis,
853 2361 1155 2446 Lysania,
1200 2362 1475 2448 adeptus
1514 2366 1615 2427 est
1643 2363 1935 2428 ordinem
1964 2384 2147 2429 sena-

35 2467 84 2508 25
109 2451 372 2533 torium,
417 2451 533 2516 sed
578 2473 725 2516 cum
769 2472 907 2515 rem
944 2450 1275 2534 publicam
1312 2450 1587 2516 nimium
1625 2452 2145 2537 amplecteretur,

111 2540 450 2624 peculatus
524 2537 872 2604 damnatus
943 2543 1010 2604 et
1073 2539 1248 2604 bona
1312 2543 1379 2604 et
1441 2541 1846 2605 senatorium
1906 2561 2147 2605 nomen

113 2627 352 2692 amisit.
451 2626 542 2691 Hi
608 2631 743 2692 tres
807 2628 1008 2692 etiam
1065 2627 1301 2693 aerarii
1352 2629 1569 2692 nostri
1620 2629 1884 2694 tabulas
1938 2628 2143 2693 falsas

113 2737 253 2780 esse
316 2714 692 2799 voluerunt3
751 2737 907 2780 nam
962 2737 1189 2783 servos
1238 2737 1476 2782 novem
1532 2739 1601 2782 se
1655 2717 1939 2800 professi
1992 2721 2147 2782 sunt

113 2803 384 2886 habere,
439 2824 586 2868 cum
643 2805 906 2869 omnino
954 2803 1093 2869 sine
1138 2805 1377 2870 comite
1424 2806 1773 2870 venissent.
1863 2805 2145 2870 Decreto

43 2909 90 2948 ³0
117 2891 456 2956 scribendo
527 2891 812 2976 primum
882 2891 1070 2958 video
1146 2892 1433 2958 adfuisse
1504 2893 1882 2978 Lysaniam,
1962 2895 2146 2958 cuius

113 2980 339 3044 fratris
412 2979 613 3062 bona,
688 2981 860 3064 quod
933 2981 1175 3066 populo
1247 3003 1381 3046 non
1446 2981 1773 3066 solvebat,
1844 2984 2151 3067 praetore

115 3067 348 3134 Flacco
414 3066 675 3151 publice
739 3069 1096 3148 venierunt.
1202 3067 1554 3136 Praeterea
1617 3068 1962 3154 Philippus
2026 3071 2153 3151 est,

115 3154 443 3239 Lysaniae
482 3176 699 3241 gener,
735 3160 803 3220 et
837 3155 1254 3240 HermobiuS,
1292 3157 1475 3223 cuius
1511 3157 1719 3222 frater
1746 3156 1952 3221 Pollis
1988 3157 2147 3220 item

116 3243 428 3328 pecuniae
475 3243 770 3328 publicae
816 3248 917 3308 est
963 3245 1446 3311 condemnatus.
1508 3245 1758 3312 Dicunt
1800 3266 1872 3310 se
1914 3243 2147 3311 Flacco
2172 3246 2261 3310 19

48 3347 94 3388 ³⁵
121 3337 189 3396 et
223 3331 326 3415 iis,
365 3333 474 3416 qui
514 3331 712 3396 simul
749 3336 982 3415 essent,
1027 3333 1483 3399 drachmarum
1519 3352 1618 3399 xv
1654 3333 1840 3398 milia
1876 3332 2149 3398 dedisse.

123 3417 287 3485 Cum
334 3419 599 3486 civitate
647 3419 810 3485 mihi
845 3441 952 3486 res
990 3424 1091 3486 est
1127 3422 1444 3487 acerrima
1480 3427 1549 3487 et
1582 3421 2151 3488 conficientissima
2186 3437 2265 3486 44

122 3508 521 3592 litterarum,
575 3509 648 3573 in
701 3529 831 3594 qua
874 3529 1180 3574 nummus
1227 3511 1619 3576 commoveri
1662 3509 1887 3576 nullus
1930 3512 2153 3596 potest
