2534 3875
904 180 1055 238 CAP.
1072 266 1077 270 .
1094 186 1271 237 8-10
1307 187 1336 248 ς
1377 187 1601 237 18—24.
2106 182 2238 248 283

204 325 478 390 maximi
528 325 777 391 factum
836 346 976 390 esse
1030 325 1356 408 videatur,
1410 329 1513 406 ut,
1557 323 1712 390 'cum
1766 326 2079 392 hodierno
2135 327 2238 392 die

207 435 403 478 mane
449 435 566 498 per
610 413 826 479 forum
872 435 1017 479 meo
1062 413 1245 478 iussu
1292 418 1358 478 et
1403 413 1723 479 coniurati
1769 418 1836 478 εὴ
1881 435 2106 479 eorum
2139 415 2236 480 in-

210 502 389 580 dices
424 501 494 565 in
531 503 754 567 aedem
783 501 1181 567 Concordiae
1218 501 1620 585 ducerentur,
1656 523 1730 567 eo
1769 504 1914 586 ipso
1944 507 2235 587 tempore

210 591 475 675 signum
520 591 957 655 statueretur?
1004 588 1145 664 Quo
1191 590 1509 656 collocato
1549 594 1748 674 atque
1786 591 1868 654 ad
1904 611 2020 654 vos
2058 611 2236 656 sena-

146 693 178 734 5
208 679 497 762 tumque
518 699 828 743 converso
866 677 1087 742 omnia
1126 679 1221 758 [εὴ
1258 682 1524 743 senatus
1563 683 1630 742 et
1658 680 1820 762 vos],
1857 699 2020 763 quae
2050 683 2235 742 erant

209 770 445 831 contra
470 767 749 831 salutem
780 767 1066 830 omnium
1094 766 1400 852 cogitata,
1435 766 1786 831 inlustrata
1813 771 1880 830 et
1907 766 2235 851 patefacta

208 855 488 920 vidistis.
561 853 700 930 Quo
743 854 941 918 etiam
978 854 1223 918 maiore
1260 860 1416 918 sunt
1450 855 1564 918 isti
1601 854 1748 919 odio
1779 854 2232 939 ⁴supplicioque
2273 871 2338 918 22

210 942 423 1028 digni,
480 942 591 1027 qui
642 965 773 1007 non
830 943 1040 1007 solum
1094 942 1330 1007 vestris
1387 942 1730 1008 domiciliis
1787 946 1980 1028 atque
2025 943 2235 1025 tectis,

213 1032 328 1095 sed
364 1030 563 1095 etiam
600 1030 867 1096 deorum
904 1030 1167 1115 templis
1207 1035 1404 1113 atque
1441 1031 1723 1096 delubris
1759 1035 1912 1095 sunt
1937 1029 2231 1096 funestos

123 1136 182 1174 ιο
212 1141 291 1184 30
342 1117 625 1183 nefarios
679 1119 866 1202 ignes
919 1118 1158 1182 inferre
1213 1117 1449 1184 conati.
1538 1117 1784 1194 Quibus
1841 1139 1962 1204 ego
2018 1119 2075 1183 si
2131 1141 2235 1182 me

210 1206 531 1272 restitisse
596 1206 834 1289 dicam,
898 1207 1171 1270 nimium
1238 1206 1399 1270 mihi
1465 1229 1718 1271 sumam
1783 1210 1850 1271 et
1911 1227 2044 1271 11011
2109 1207 2236 1272 sim

212 1295 541 1380 ferendus3
605 1295 747 1378 ille,
814 1295 927 1358 ille
980 1293 1274 1379 Iuppiter
1327 1295 1596 1378 restitit3
1659 1296 1770 1358 ille
1825 1293 2234 1379 Capitolium,

210 1383 321 1447 ille
366 1384 525 1447 haec
569 1385 842 1466 templa,
894 1381 1009 1446 ille
1054 1387 1350 1447 cunctam
1397 1383 1651 1466 urbem,
1701 1382 1812 1446 1110
1857 1405 1974 1447 vos
2022 1385 2233 1448 omnis

214 1472 435 1536 salvos
473 1491 614 1536 esse
651 1471 877 1536 voluit.
949 1469 1071 1535 Dis
1108 1491 1230 1556 ego
1267 1470 1724 1535 inmortalibus
1759 1469 2030 1535 ducibus
2067 1472 2234 1536 hanc

125 1575 184 1615 1⁵
214 1563 523 1640 mentem,
596 1557 908 1643 Quirites,
970 1559 1500 1642 voluntatemque
1573 1559 1827 1642 suscepi
1892 1562 2087 1641 atque
2153 1560 2235 1623 ad

214 1648 375 1713 haec
409 1652 597 1712 tanta
634 1647 871 1711 indicia
906 1647 1187 1732 perveni.
1260 1645 1401 1710 Iam
1437 1667 1591 1710 vero
1623 1647 1768 1726 [illa
1795 1646 2234 1729 Allobrogum

216 1735 621 1818 sollicitatio,
692 1735 851 1816 iam]
931 1735 1013 1799 ab
1086 1734 1362 1799 Lentulo
1437 1734 1796 1817 ceterisque
1861 1733 2232 1798 domesticis

216 1823 515 1889 hostibus
572 1827 727 1888 tam.
758 1824 1088 1888 dementer
1132 1827 1356 1888 tantae
1400 1842 1504 1888 res
1551 1822 1832 1887 creditae
1879 1825 1946 1886 et
1989 1821 2233 1906 ignotis

216 1915 285 1976 et
345 1910 643 1978 barbaris
708 1912 1215 1996 commissaeque
1274 1911 1534 1976 litterae
1596 1931 1946 1996 numquam
2013 1915 2232 1975 essent

127 2017 189 2055 2⁰
214 2001 523 2084 profectO,
566 2000 695 2063 nisi
730 2000 814 2064 ab
854 2000 953 2065 dis
988 2000 1446 2065 inmortalibus
1484 1999 1634 2064 huic
1671 2003 1895 2064 tantae
1931 1998 2233 2064 audaciae

216 2089 559 2153 consilium
632 2092 805 2152 esset
878 2092 1189 2173 ereptum.
1290 2087 1456 2164 Quid
1519 2090 1718 2153 vero?
1791 2092 1866 2152 ut
1935 2087 2232 2152 homines

218 2175 394 2241 Galli
449 2198 525 2240 ex
582 2177 847 2241 civitate
892 2177 1061 2241 male
1106 2180 1366 2261 pacata,
1422 2198 1586 2261 quae
1633 2198 1792 2262 gens
1838 2196 1967 2239 una
2011 2179 2236 2259 restat,

217 2286 379 2349 quae
432 2264 679 2329 bellum
733 2266 975 2351 populo
1021 2264 1315 2329 Romano
1368 2263 1581 2328 facere
1639 2270 1706 2328 et
1749 2285 1942 2350 posse
1991 2266 2056 2327 et
2099 2284 2240 2333 non.

214 2353 392 2417 nolle
445 2352 767 2436 videatur,
832 2374 1012 2437 spem
1074 2351 1332 2437 imperii
1387 2372 1462 2416 ac
1515 2372 1730 2416 rerum
1786 2372 2232 2415 maxumarum

130 2460 189 2496 2⁵
221 2442 389 2505 ultro
444 2440 571 2505 sibi
624 2463 664 2505 a
718 2441 1011 2527 patriciis
1058 2440 1430 2505 hominibus
1477 2440 1766 2525 oblatam
1810 2441 2233 2525 neglegerent

216 2532 629 2613 vestramque
674 2530 952 2594 salutem
999 2528 1132 2593 suis
1181 2528 1414 2613 opibus
1461 2532 1944 2613 anteponerent,
1988 2527 2055 2591 id
2099 2550 2232 2593 non

218 2616 525 2681 divinitus
572 2623 712 2681 esse
756 2616 1001 2682 factum
1046 2616 1295 2702 putatis
1310 2667 1327 2698 ,
1375 2616 1759 2701 praesertim
1797 2616 1908 2700 qui
1943 2637 2062 2681 nos
2100 2638 2232 2681 non

216 2705 591 2791 pugnandO,
638 2704 750 2769 sed
794 2704 1066 2770 tacendo
1113 2724 1416 2789 superare
1461 2704 1840 2789 potuerint?

349 2790 559 2867 Quam
612 2793 697 2857 ob
752 2814 917 2877 rem,
972 2793 1284 2877 Quirites,
1340 2792 1646 2876 quoniam
1703 2794 1786 2856 ad
1833 2791 2051 2857 omnia
2092 2770 2338 2895 pul-12}

133 2898 193 2938 ³0
216 2880 465 2945 vinaria
518 2880 907 2967 supplicatio
964 2880 1222 2947 decreta
1268 2884 1395 2961 est,
1451 2881 1846 2945 celebratote
1893 2881 2046 2945 illos
2095 2880 2229 2944 dies

218 2990 362 3033 cum
418 2968 799 3053 coniugibus
855 2990 931 3033 ac
974 2969 1193 3033 liberis
1240 2968 1495 3033 vestris.
1585 2967 1755 3033 Nam
1801 2969 1994 3033 multi
2041 2989 2231 3049 saepe

217 3057 493 3122 honores
548 3057 646 3121 dis
698 3056 1157 3121 inmortalibus
1210 3057 1368 3121 iusti
1422 3056 1638 3121 habiti
1693 3060 1844 3120 sunt
1891 3078 1964 3119 ac
2011 3054 2231 3137 debiti,

220 3144 329 3209 sed
385 3145 676 3229 profecto
730 3145 1032 3209 iustiores
1086 3166 1456 3228 numquam.
1557 3144 1787 3229 Erepti
1841 3143 2012 3207 enim
2073 3143 2230 3207 estis

218 3254 297 3297 ex
359 3232 803 3297 crudelissimo
858 3254 933 3297 ac
996 3232 1360 3298 miserrimo
1413 3232 1686 3297 interitu
1742 3231 2036 3315 [erepti];
2093 3231 2230 3295 sine

136 3336 193 3377 3⁵
222 3320 435 3402 caede,
490 3322 629 3385 sine
684 3322 1023 3407 sanguine,
1080 3320 1216 3385 sine
1274 3321 1583 3405 exercitu,
1636 3321 1777 3393 sine
1822 3319 2230 3384 dimicatione

220 3408 431 3494 togati
502 3430 605 3473 me
673 3431 803 3473 uno
865 3412 1097 3493 togato
1162 3408 1319 3473 duce
1383 3413 1449 3473 et
1511 3409 1903 3493 imperatore
1965 3406 2230 3472 vicistis.

217 3494 479 3561 Etenim
542 3497 995 3574 recordamini,
1058 3496 1368 3575 Quirites,
1433 3499 1645 3562 omnis
1679 3497 1935 3563 'civiles
1993 3495 2230 3560 dissen-
2268 3512 2337 3560 24
