2534 3875
159 282 359 379 ,51,

238 1383 307 1432 52

233 2265 302 2314 53

229 3212 316 3337 ἐξ

342 166 430 231 92
752 168 849 221 DE
889 166 1195 222 IMPERIO
1227 168 1339 223 CN.
1355 166 1631 222 POMPEI
1668 166 1958 223 ORA'HO,

478 309 573 376 At
610 310 786 375 enim
814 310 917 376 vir
953 310 1377 393 clarissimuS,
1416 309 1911 375 amantissimus
1940 309 2400 396 reipublicae,

342 399 581 465 vestris
657 398 988 464 beneficiis
1059 398 1485 483 amplissimis
1560 398 1883 483 adfectuS,
1951 397 2025 475 Q.
2094 397 2401 484 CatuluS,

341 486 631 572 itemque
670 486 944 551 summis
982 486 1383 552 ornamentis
1412 486 1701 570 honoris,
1736 486 2059 570 fortunae,
2093 486 2396 571 virtutis,

342 573 590 659 ingenii
634 575 999 660 praeditus,
1055 574 1129 651 Q.
1175 574 1597 658 Hortensius,
1654 576 1737 640 ab
1784 575 1907 640 hac
1954 576 2210 640 ratione
2256 576 2396 641 dis-

345 662 656 727 sentiunt.
747 662 1036 739 Quorum
1092 683 1212 747 ego
1261 663 1722 729 auctoritatem
1771 662 1945 747 apud
1990 684 2107 729 vos
2154 664 2393 729 multis

343 750 508 817 locis
562 751 917 835 plurimum
964 751 1247 817 valuisse
1308 755 1375 816 et
1420 752 1640 816 valere
1696 756 1995 835 oportere
2042 752 2395 835 confiteor-3

343 839 458 903 sed
521 838 590 903 in
659 838 785 905 hac
849 860 1073 922 causa,
1144 838 1413 905 tametsi
1477 839 1885 923 cognoscetis
1953 841 2393 905 auctoritates

343 927 708 993 contrarias
774 927 1066 992 virorum
1136 927 1650 993 fortissimorum
1716 930 1783 992 et
1846 928 2395 1006 clarissimorum,

344 1018 569 1079 tamen
627 1014 888 1079 omissis
944 1016 1447 1081 auctoritatibus
1503 1016 1649 1100 ipsa
1699 1037 1771 1080 re
1829 1037 1906 1081 ac
1960 1017 2213 1081 ratione
2274 1038 2393 1080 ex-

345 1102 598 1188 quirere
644 1124 991 1185 possumus
1038 1104 1404 1187 veritatem,
1450 1107 1646 1187 atque
1692 1103 1817 1169 hoc
1861 1104 2118 1170 facilius
2129 1154 2145 1187 ,
2207 1105 2393 1189 quod

346 1212 425 1255 ea
471 1190 709 1275 omnia,
755 1213 921 1275 quae
969 1213 1009 1257 a
1045 1214 1148 1256 me
1187 1192 1398 1257 adhuc
1436 1192 1611 1257 dicta
1647 1196 1819 1275 sunt,
1864 1191 2038 1257 idem
2074 1192 2188 1257 isti
2224 1214 2393 1257 vera

345 1299 489 1343 esse
525 1279 902 1364 concedunt,
941 1284 1008 1344 et
1043 1280 1480 1345 necessarium
1518 1280 1766 1345 bellum
1804 1301 1946 1345 esse
1974 1283 2043 1345 et
2068 1300 2393 1366 magnum

347 1370 415 1431 et
477 1365 548 1431 in
602 1389 734 1432 uno
800 1366 914 1432 Cn.
959 1366 1275 1453 Pompeio
1344 1389 1599 1433 summa
1662 1389 1805 1433 esse
1871 1368 2107 1434 omnia.
2209 1366 2391 1444 Quid

343 1454 550 1538 igitur
606 1454 700 1519 ait
743 1454 1177 1521 Hortensius?
1269 1454 1341 1520 Si
1393 1456 1507 1521 uni
1562 1456 1781 1522 omnia
1835 1456 2181 1522 tribuenda
2227 1456 2389 1541 sint,

345 1541 801 1627 dignissimum
869 1566 1010 1609 esse
1073 1543 1489 1629 Pompeium,
1562 1543 1677 1609 sed
1744 1543 1827 1609 ad
1889 1566 2091 1609 unum
2157 1548 2389 1609 tamen

343 1630 562 1696 omnia
601 1631 838 1696 deferri
874 1654 1007 1697 non
1045 1637 1364 1715 oportere.
1449 1632 1793 1697 Obsolevit
1829 1632 1963 1697 iam
1999 1633 2131 1697 ista
2167 1633 2387 1699 oratio

341 1740 412 1783 re
459 1718 669 1785 multo
719 1721 930 1806 magis
979 1744 1173 1805 quam
1219 1721 1437 1786 verbis
1482 1721 1786 1785 refutata.
1850 1719 2024 1785 Nam
2070 1725 2144 1785 tu
2187 1720 2389 1805 idem,

343 1804 416 1882 Q.
445 1807 777 1891 Hortensi,
825 1809 1035 1872 multa
1079 1831 1200 1894 pro
1247 1812 1367 1874 tua
1412 1830 1667 1873 summa
1712 1809 1900 1893 copia
1946 1830 2022 1874 ac
2060 1808 2388 1895 singulari

343 1895 661 1962 facultate
727 1896 979 1962 dicendi
1035 1902 1100 1961 et
1155 1898 1226 1962 in
1280 1901 1511 1964 senatu
1567 1900 1797 1963 contra
1853 1897 2067 1962 virum
2119 1897 2384 1982 fortem,

343 1983 422 2048 A.
471 1984 852 2068 Gabinium,
909 1986 1198 2070 graviter
1255 1992 1613 2070 ornateque
1668 1985 1919 2068 dixisti,
1984 2008 2130 2051 cum
2185 1987 2245 2050 is
2300 1986 2382 2050 de

343 2095 476 2137 uno
532 2073 929 2156 imperatore
986 2077 1212 2139 contra
1255 2075 1618 2158 praedones
1665 2073 2119 2140 constituendo
2164 2074 2383 2158 legem

340 2163 858 2245 promulgasset,
932 2165 998 2225 et
1071 2183 1148 2226 ex
1211 2162 1337 2228 hoc
1407 2163 1554 2245 ipso
1619 2163 1762 2227 loco
1825 2158 2157 2246 permulta
2218 2163 2384 2226 item

341 2253 571 2314 contra
617 2271 760 2314 eam
806 2250 1022 2334 legem
1067 2249 1267 2314 verba
1312 2250 1538 2316 fecisti.
1605 2249 1817 2326 Quid?
1863 2253 2025 2333 tum,
2071 2271 2187 2334 per
2224 2250 2383 2316 deos

341 2335 774 2402 immortales!
821 2337 880 2402 si
923 2338 1072 2421 plus
1121 2337 1295 2423 apud
1338 2339 1657 2423 populum
1695 2339 2063 2404 Romanum
2102 2340 2384 2404 auctori-

341 2427 446 2488 tas
511 2429 626 2489 tua
691 2447 887 2508 quam
945 2427 1154 2511 ipsius
1217 2427 1451 2510 populi
1511 2426 1793 2491 Romani
1858 2427 2035 2492 salus
2100 2429 2168 2490 et
2222 2448 2381 2492 vera

341 2533 540 2577 causa
585 2513 928 2596 valuisset,
983 2514 1174 2578 hodie
1231 2514 1400 2579 hanc
1456 2515 1736 2600 gloriam
1784 2518 1978 2600 atque
2022 2513 2151 2579 hoc
2198 2514 2381 2579 orbis

340 2603 555 2664 terrae
621 2601 968 2685 imperium
1013 2603 1429 2668 teneremus?
1520 2602 1627 2665 An
1672 2602 1799 2667 tibi
1844 2606 1987 2667 tum
2031 2601 2382 2686 imperium

339 2687 464 2751 hoc
511 2709 653 2752 esse
701 2687 1068 2771 videbatur,
1115 2712 1263 2755 cum
1308 2690 1537 2774 populi
1585 2690 1867 2756 Romani
1913 2690 2139 2776 legati,
2187 2712 2382 2775 quae-

339 2779 553 2841 stores
625 2780 1090 2862 praetoresque
1163 2778 1614 2863 capiebantur,
1697 2800 1844 2844 cum
1917 2800 1995 2844 ex
2071 2779 2380 2844 omnibus

2429 682 2463 724 ⁵
2525 748 2527 757 .

2428 1128 2491 1166 10

2428 1568 2491 1611 15

2418 2012 2530 2060 20,

2416 2444 2477 2484 25

337 2863 692 2947 provinciis
754 2869 1121 2930 commeatu
1181 2870 1248 2930 et
1303 2869 1566 2951 privato
1630 2870 1718 2932 et‘
1753 2866 2019 2952 publico
2075 2866 2381 2951 prohibe·
2410 2886 2477 2926 so

338 2950 599 3036 bamur,
654 2974 802 3017 cum
862 2953 959 3017 ita
1005 2955 1228 3018 clausa
1272 2954 1465 3019 nobis
1513 2958 1701 3020 erant
1746 2955 1955 3020 maria
2001 2956 2251 3039 omnia,
2304 2959 2383 3020 ut

337 3060 548 3123 neque
612 3040 941 3124 privatam
1003 3064 1142 3106 rem
1206 3045 1718 3109 transmarinam
1780 3063 1991 3127 neque
2045 3043 2378 3128 publicam

336 3126 470 3192 iam
517 3128 698 3193 obire
744 3131 1136 3214 possemus?

474 3214 653 3292 Quae
706 3217 938 3282 civitas
987 3224 1179 3283 antea
1215 3242 1526 3304 umquam
1570 3220 1701 3285 fuit
1742 3242 1877 3284 non
1920 3220 2066 3285 dico
2106 3219 2381 3285 Atheni-

339 3304 610 3389 ensium,
648 3327 812 3389 quae
851 3307 1012 3371 satis
1051 3307 1183 3372 late
1223 3309 1549 3392 quondam
1590 3329 1770 3372 mare
1806 3308 2096 3373 tenuisse
2124 3306 2381 3391 dicitur,
2408 3325 2473 3366 8⁵

335 3414 471 3458 non
507 3391 1170 3480 Carthaginiensium,
1219 3397 1330 3479 qui
1374 3396 1774 3480 permultum
1823 3396 2033 3462 cla-sse
2072 3417 2149 3461 ac
2184 3399 2381 3460 mari-

334 3480 517 3546 timis
564 3483 760 3548 rebus
798 3484 1163 3567 valuerunt,
1208 3505 1342 3548 non
1376 3483 1801 3567 Rhodiorum,
1848 3505 2125 3569 quorum
2171 3505 2383 3569 usque

2525 802 2531 906 ’1

2525 1003 2531 1061 1
