2534 3875
171 564 235 612 11

206 1077 248 1142 6

274 225 405 292 518
602 227 700 280 DE
736 223 1211 280 HARUSPICUM
1246 222 1626 277 RESPONSO
1667 221 1958 277 ORATIO.

274 371 575 456 prodigio
609 373 807 453 atque
840 389 1153 453 responso
1187 389 1308 432 nos
1343 368 1421 431 de
1463 367 1654 431 istius
1691 367 1932 432 scelere
1967 388 2045 431 ac
2079 365 2310 431 furore

275 481 351 524 ac
396 459 473 522 de
517 457 1019 542 inpendentibus
1057 456 1356 541 perieulis
1392 456 1694 519 maximis
1731 477 1935 539 prope
1969 456 2106 519 iam
2141 477 2308 520 voce

274 548 451 613 Iovis
486 547 723 631 optimi
759 545 1025 610 maximi
1060 545 1484 629 praemoneri.
1547 541 1671 607 Sed
1705 544 1989 627 primum
2021 543 2306 627 expiabo

275 635 661 721 religionem
707 633 961 700 aedium
1010 655 1322 716 mearum,
1368 632 1426 696 si
1469 631 1540 695 id
1581 631 1794 696 facere
1837 654 1988 697 vere
2033 654 2111 696 ac
2155 633 2304 696 sine

276 724 653 808 cuiusquam
699 722 1103 786 dubitatione
1148 726 1408 806 poter03
1461 720 1566 784 sin
1609 720 1951 805 serupulus
1995 721 2303 784 tenuissi-
2331 737 2358 775 ⁵

276 834 420 877 mus
466 811 747 876 residere
793 810 990 875 alicui
1033 810 1379 893 videbitur,
1421 829 1552 873 non
1598 808 1792 873 modo
1837 808 2139 892 patienti,
2187 809 2307 873 sed

276 901 475 966 etiam
536 899 772 964 libenti
834 900 1050 963 animo
1113 899 1438 983 portentis
1502 897 1770 961 deorum
1826 897 2306 962 immortalium

275 989 703 1074 religionique
747 987 1011 1072 pareb0.

410 1075 537 1141 Sed
583 1096 747 1160 quae
792 1074 1055 1138 tandem
1103 1076 1203 1137 est
1248 1074 1317 1137 in
1359 1073 1483 1138 hac
1525 1073 1686 1138 urbe
1721 1077 1910 1138 tanta
1946 1073 2177 1138 domus
2217 1075 2304 1140 ab

276 1166 408 1229 ista
478 1163 844 1248 suspicione
916 1161 1255 1247 religionis
1327 1165 1467 1225 tam
1537 1183 1743 1226 vacua
1812 1166 2007 1246 atque
2079 1164 2298 1247 pura?
2333 1180 2383 1218 ιο

278 1252 679 1335 Quamquam
705 1254 963 1316 vestrae
991 1250 1239 1332 domus,
1265 1253 1488 1333 patres
1515 1250 1885 1334 conscripti,
1911 1254 2303 1316 ceterorum-

277 1361 399 1424 que
445 1340 682 1405 eivium
728 1339 937 1404 multo
985 1340 1269 1402 maxima
1315 1359 1393 1401 ex
1437 1342 1623 1422 parte
1669 1343 1824 1402 sunt
1867 1338 2114 1404 liberae
2149 1341 2302 1404 reli-

276 1429 487 1512 gione,
524 1431 744 1492 tamen
772 1449 902 1492 una
938 1449 1085 1492 mea
1121 1427 1350 1491 domus
1388 1427 1641 1490 iudiciis
1679 1427 1978 1492 omnibus
2015 1427 2302 1493 liberata

276 1518 346 1580 in
388 1516 513 1580 hac
556 1517 716 1580 urbe
763 1516 906 1580 sola
950 1521 1066 1580 est.
1155 1514 1246 1578 Te
1301 1515 1473 1578 enim
1529 1514 1816 1599 appello,
1868 1513 2171 1598 Lentule,
2234 1523 2302 1582 et

276 1609 365 1688 te,
418 1603 737 1689 Philippe.
823 1603 927 1667 Ex
979 1604 1103 1668 hoc
1160 1602 1579 1687 haruspicum
1637 1624 1951 1688 responso
2011 1605 2300 1671 decrevit
2329 1620 2379 1659 1⁵

277 1697 560 1774 senatus,
605 1697 679 1756 ut
726 1691 803 1756 de
849 1691 1011 1756 locis
1060 1691 1261 1756 sacris
1307 1691 1635 1775 religiosis
1672 1691 1756 1756 ad
1791 1692 1964 1757 hune
2001 1693 2300 1759 ordinem

275 1780 619 1846 referretis.
698 1779 1065 1845 Potestisne
1110 1779 1350 1844 referre
1397 1779 1475 1844 de
1519 1801 1666 1844 mea
1709 1780 1948 1845 domo?
1995 1803 2176 1865 quae,
2223 1787 2300 1847 ut

277 1869 426 1954 dixi,
471 1870 615 1933 sola
658 1869 729 1932 in
773 1869 896 1933 hac
939 1868 1101 1932 urbe
1138 1869 1316 1932 omni
1349 1868 1666 1951 religione
1703 1869 2002 1934 omnibus
2039 1870 2299 1935 iudiciis

274 1958 556 2023 liberata
591 1961 721 2042 est3
768 1980 964 2041 quam
1000 1958 1285 2041 primum
1327 1957 1627 2021 inimicus
1673 1958 1814 2041 ipse
1859 1960 1927 2022 in
1970 1959 2088 2023 illa
2133 1963 2298 2025 tem-

274 2050 529 2131 pestate
576 2068 650 2111 ac
694 2050 884 2110 nocte
929 2046 1024 2109 rei
1059 2046 1375 2130 publicae,
1421 2068 1568 2109 cum
1604 2050 1819 2110 cetera
1856 2047 2100 2112 scelera
2138 2049 2296 2114 stilo
2327 2065 2382 2103 2⁰

274 2135 391 2199 illo
452 2136 706 2218 impuro
767 2131 909 2198 Sex.
954 2132 1139 2199 Clodi
1200 2154 1311 2197 ore
1371 2133 1578 2199 tincto
1638 2136 2155 2219 conscripsisset,
2213 2160 2298 2202 ne

276 2245 407 2286 una
454 2223 712 2306 quidem
759 2221 985 2306 attigit
1028 2221 1253 2285 littera
1297 2222 1649 2306 religionis.
1729 2222 1978 2289 Deinde
2023 2225 2297 2290 eandem

276 2311 540 2375 domum
584 2310 863 2395 populus
909 2310 1239 2374 Romanus
1250 2360 1267 2391 ,
1322 2310 1501 2375 cuius
1557 2315 1659 2374 est
1703 2332 1956 2375 summa
1999 2317 2296 2396 potestas

278 2401 567 2463 omnium
612 2420 857 2480 rerum,
913 2397 1194 2463 comitiis
1240 2398 1619 2463 centuriatis
1666 2400 1955 2464 omnium
2003 2405 2296 2466 aetatum

279 2487 701 2571 ordinumque
723 2486 1051 2572 suffragiis
1072 2487 1297 2550 eodem
1315 2486 1452 2550 iure
1481 2508 1622 2551 esse
1650 2488 1860 2570 iussit,
1889 2509 2017 2572 quo
2045 2489 2296 2555 fuisset.
2325 2505 2379 2545 2⁵

174 2590 239 2638 12
278 2572 515 2638 Postea
551 2596 685 2656 VOS,
730 2580 949 2659 patres
987 2574 1355 2659 conscripti,
1393 2596 1527 2639 non
1565 2596 1690 2659 quo
1729 2576 1926 2640 dubia
1960 2598 2064 2641 res
2103 2583 2298 2661 esset,

279 2661 390 2725 sed
427 2665 502 2725 ut
536 2661 686 2726 huic
722 2661 950 2745 furiae,
995 2662 1053 2727 si
1090 2662 1332 2726 diutius
1367 2663 1440 2727 in
1474 2663 1599 2727 hac
1635 2665 1810 2747 urbe,
1849 2687 2044 2749 quam
2081 2666 2298 2731 delere

279 2753 566 2834 cuperet,
622 2754 941 2833 maneret,
1002 2772 1128 2814 vox
1180 2750 1701 2832 interdiceretur,
1760 2753 2162 2837 decrevistis,
2222 2758 2298 2819 ut

280 2839 354 2901 de
400 2860 693 2902 mearum
739 2838 995 2902 aedium
1040 2839 1353 2923 religione
1399 2840 1481 2903 ad
1523 2840 1904 2923 pontificum
1945 2842 2298 2927 collegium

173 2934 288 3003 (12)
313 2925 677 2991 referretur.
749 2924 926 3002 Quae
962 2930 1151 2992 tanta
1186 2927 1414 3011 religio
1443 2932 1561 3010 est,
1607 2950 1732 3012 qua
1777 2952 1910 2993 non
1944 2931 2012 2994 in
2047 2932 2296 2996 nostris
2327 2949 2380 2988 ³0
2453 3006 2461 3013 ,

277 3015 789 3080 dubitationibus
827 3018 1022 3098 atque
1058 3015 1127 3078 in
1165 3016 1466 3081 maximis
1505 3018 2074 3100 superstitionibus
2103 3020 2296 3084 unius

278 3102 349 3166 P.
378 3101 611 3167 Servili
646 3107 761 3167 aut
794 3102 881 3166 M.
908 3100 1162 3167 Luculli
1199 3125 1510 3187 responso
1550 3127 1625 3169 ac
1660 3106 1859 3172 verbo
1897 3106 2296 3173 liberemur?

278 3190 375 3253 De
422 3191 623 3256 sacris
668 3191 975 3276 publicis,
1030 3190 1107 3254 de
1152 3191 1325 3255 ludis
1373 3194 1698 3276 maximis,
1753 3194 1830 3257 de
1878 3193 2142 3260 deorum
2189 3217 2299 3281 pe-

274 3278 527 3341 natium
584 3277 952 3363 Vestaeque
1024 3280 1253 3343 matris
1320 3281 1727 3346 caerimoniis
1737 3333 1754 3365 ,
1828 3281 1905 3347 de
1968 3284 2084 3347 illo
2148 3286 2297 3367 ipso

278 3366 619 3446 sacrificio,
676 3367 847 3449 quod
900 3368 977 3430 fit
1029 3388 1149 3449 pro
1206 3368 1414 3431 salute
1467 3370 1694 3453 populi
1748 3368 2054 3452 Romani,
2120 3373 2296 3455 quod
2325 3388 2376 3429 35

275 3456 429 3531 post
472 3451 745 3517 Romam
802 3454 1129 3518 conditam
1181 3453 1372 3518 huius
1419 3456 1607 3521 unius
1655 3459 1820 3522 casti
1863 3460 2103 3523 tutoris
2149 3460 2296 3524 reli-

276 3536 542 3609 gionum
608 3540 847 3604 scelere
913 3542 1228 3606 violatum
1295 3546 1424 3625 est,
1500 3544 1672 3627 quod
1743 3548 1878 3610 tres
1949 3547 2294 3631 pontifices
