2534 3875
961 189 1113 244 CAP.
1156 196 1211 257 1,
1251 196 1284 245 2
1323 197 1354 257 s
1395 197 1546 246 1-4.
2101 195 2235 260 263

214 334 333 415 est,
378 355 525 398 cum
572 337 673 397 est
718 355 795 398 ex
838 335 999 398 urbe
1038 334 1362 418 depulsUS.
1426 335 1653 400 Palam
1691 336 1824 403 iam
1862 359 2007 403 cum
2042 337 2236 406 hoste

212 421 395 486 nullo
441 421 809 504 inpediente
854 422 1100 487 bellum
1145 424 1388 488 iustum
1436 444 1752 509 geremus,
1840 424 1989 490 Sine
2037 427 2233 495 dubio

213 509 609 595 perdidimus
647 510 979 574 hominem
1015 511 1482 595 magnificeque
1519 512 1812 598 vicimuS‚
1857 536 2002 579 cum
2041 516 2232 581 illum

216 620 295 662 ex
339 597 609 663 occultis
646 597 895 663 insidiis
931 599 1001 663 in
1040 603 1338 683 apertum
1374 600 1788 667 latrocinium
1825 603 2233 671 coniecimus.

158 703 185 744 ⁶
216 687 399 762 Quod
436 708 590 752 vero
627 707 759 750 non
796 690 1130 752 cruentum
1168 709 1561 772 mucronem,
1605 694 1680 754 ut
1715 690 1942 774 voluit,
1980 693 2232 768 extulit,
2268 709 2305 758 2

214 775 387 859 quod
421 775 587 840 vivis
633 774 821 840 nobis
868 796 1167 860 egressus
1215 779 1334 859 est,
1377 778 1548 861 quod
1587 776 1648 842 ei
1681 777 1924 843 ferrum
1962 801 1996 844 e
2032 781 2233 846 mani-

174 866 337 950 ·bus
386 864 804 947 extorsimus,
865 863 1034 948 quod
1079 863 1436 929 incolumes
1483 865 1683 949 civeS,
1730 867 1902 951 quod
1947 872 2232 935 stantem

215 953 443 1018 urbem
507 951 801 1035 reliquit,
867 956 1111 1035 quanto
1172 953 1437 1019 tandem
1500 954 1688 1019 illum
1743 976 2034 1022 maerore
2091 979 2233 1023 esse

216 1041 548 1106 adflictum
618 1043 684 1104 et
750 1039 1173 1126 profligatum
1238 1042 1536 1124 putatis?
1643 1041 1823 1109 Iacet
1883 1045 1998 1109 ille
2059 1067 2234 1112 nunc

128 1146 189 1186 ιο
214 1133 611 1215 prostratus,
665 1127 973 1212 Quirites,
1028 1132 1094 1192 et
1140 1149 1207 1192 se
1252 1132 1619 1213 perculsum
1666 1135 1860 1216 atque
1908 1133 2232 1199 abiectum

214 1239 357 1283 esse
404 1218 603 1282 sentit
647 1220 713 1281 et
758 1219 1091 1301 retorquet
1126 1217 1350 1282 oculos
1387 1219 1677 1302 profecto
1715 1241 1907 1305 saepe
1945 1221 2026 1286 ad
2063 1223 2234 1288 hanc

212 1307 459 1390 urbem,
498 1327 688 1391 quam
730 1327 765 1368 e
803 1305 936 1369 suis
973 1305 1268 1370 faucibus
1307 1310 1593 1389 ereptam
1632 1328 1773 1372 esse
1809 1309 2022 1394 luget3
2068 1333 2232 1396 quae

212 1395 473 1479 quidem
510 1393 674 1458 mihi
709 1393 942 1458 laetari
979 1393 1249 1478 videtur,
1297 1395 1466 1477 quod
1503 1399 1758 1460 tantam
1793 1402 2043 1478 pestem
2082 1421 2233 1464 evo·

213 1484 452 1548 muerit
492 1481 797 1566 forasque
843 1481 1203 1565 proiecerit.

128 1587 185 1628 1⁵
345 1570 447 1637 Ac
491 1570 548 1635 si
594 1569 736 1655 quis
783 1575 885 1634 est
930 1570 1101 1652 talia
1147 1569 1373 1654 quales
1419 1592 1558 1635 esse
1606 1592 1827 1637 omnes
1867 1551 2314 1679 oportebat}

214 1660 326 1744 qui
380 1661 451 1724 in
502 1658 627 1724 hoc
684 1658 857 1742 ipso,
910 1657 980 1723 in
1033 1680 1161 1743 quo
1209 1658 1455 1723 exultat
1502 1663 1568 1723 et
1611 1658 1974 1744 triumphat
2021 1663 2228 1726 oratio

212 1770 385 1833 mea,
448 1769 551 1813 me
612 1746 1027 1812 vehementer
1089 1751 1374 1830 accuset,
1447 1747 1618 1831 quod
1678 1750 1816 1811 tam
1882 1749 2230 1832 capitalem

210 1837 470 1902 hostem
522 1857 656 1901 non
710 1835 1304 1920 comprehenderim
1357 1838 1576 1920 potius
1635 1857 1832 1920 quam
1886 1836 2230 1922 emiserim,

208 1948 344 1991 non
378 1929 481 1990 est
516 1923 647 1990 ista
672 1945 819 1988 mea
845 1924 1051 2007 culpa,
1088 1922 1391 2008 Quirites,
1429 1925 1539 1989 sed
1567 1927 1953 2010 temporum.
2022 1924 2230 1991 Inter-

126 2030 183 2071 20
210 2016 450 2080 fectum
510 2034 649 2079 esse
692 2011 765 2078 L.
812 2010 1164 2077 Catilinam
1209 2017 1278 2077 et
1323 2013 1709 2097 gravissimo
1757 2014 2076 2098 supplicio
2123 2016 2231 2079 ad-

208 2104 450 2168 fectum
514 2104 645 2167 iam
702 2100 953 2187 pridem
1018 2100 1392 2185 oportebat,
1454 2102 1647 2185 idque
1714 2124 1754 2165 a
1804 2123 1908 2165 me
1965 2108 2030 2166 et
2084 2124 2228 2168 mos

210 2192 562 2257 maiorum·
594 2193 661 2255 et
725 2188 916 2254 huius
976 2189 1234 2273 imperii
1300 2191 1613 2254 severitas
1679 2193 1746 2254 et
1802 2210 1907 2255 res
1965 2191 2228 2275 publica

207 2280 608 2365 postulabat.
672 2276 797 2344 Sed
836 2300 1031 2362 quam
1068 2277 1312 2342 multos
1347 2277 1549 2343 fuisse
1584 2277 1851 2363 putatis,
1893 2281 2020 2363 qui,
2063 2302 2226 2363 quae

210 2388 331 2452 ego
368 2368 703 2451 deferrem,
728 2387 862 2431 non
889 2366 1247 2450 crederent,
1278 2367 1502 2450 [quam
1529 2367 1790 2444 multos,
1820 2367 1930 2450 qui
1956 2371 2229 2451 propter

124 2471 181 2511 25
210 2457 559 2521 stultitiam
588 2484 591 2487 ⁴
621 2476 755 2521 non
817 2458 1124 2539 putarent
1136 2457 1179 2538 ,]
1258 2476 1455 2538 quam
1517 2456 1788 2537 multOS,
1853 2455 1964 2538 qui
2027 2456 2228 2521 etiam

206 2544 625 2609 defenderent
681 2541 927 2629 [,quam
962 2543 1226 2626 multos,
1262 2544 1375 2627 qui
1421 2546 1689 2628 propter
1733 2542 2223 2627 improbitatem

206 2634 555 2714 faverent]!
649 2631 772 2715 Ac,
820 2630 878 2695 si
928 2631 1047 2696 illo
1101 2630 1358 2696 sublato
1414 2631 1651 2715 depelli
1705 2654 1744 2695 a
1789 2632 1978 2697 vobis
2034 2655 2224 2698 omne

205 2722 564 2807 periculum
626 2720 1004 2803 iudicarem,
1066 2721 1199 2784 iam
1261 2720 1512 2804 pridem
1567 2741 1689 2806 ego
1742 2718 1816 2784 L.
1873 2718 2224 2787 Catilinam

204 2832 342 2875 non
387 2810 580 2875 modo
624 2809 904 2874 invidiae
949 2830 1157 2889 meae,
1201 2830 1426 2873 verum
1473 2808 1672 2873 etiam
1716 2808 1890 2873 vitae
1936 2810 2222 2892 periculo

124 2915 180 2955 ³0
206 2897 635 2963 sustulissem.
708 2894 834 2962 Sed
888 2918 1036 2961 cum
1079 2896 1381 2978 viderem,
1424 2918 1508 2961 ne
1554 2896 1738 2961 vobis
1787 2897 2045 2981 quidem
2093 2920 2224 2961 om·
2257 2912 2304 2965 4

203 2987 397 3052 nibus
444 3008 513 3051 re
560 2986 759 3051 etiam
803 2990 944 3049 tum
982 2985 1261 3069 probata
1306 2985 1364 3049 si
1398 2984 1600 3067 illum,
1645 2988 1722 3050 ut
1756 2988 1897 3049 erat
1933 2986 2224 3067 meritus,

204 3079 415 3139 morte
451 3076 852 3157 multassem,
889 3073 1028 3137 fore
1064 3076 1140 3138 ut
1178 3073 1314 3138 eius
1353 3073 1562 3138 socios
1600 3072 1846 3138 invidia
1871 3092 2222 3157 oppressus

202 3164 503 3249 persequi
546 3184 681 3229 non
722 3183 1000 3247 possem,
1044 3183 1183 3227 rem
1228 3161 1356 3227 huc
1401 3161 1650 3244 deduxi,
1694 3164 1770 3224 ut
1813 3164 1956 3223 tum
2000 3160 2221 3244 palam

204 3272 497 3337 pugnare
542 3252 844 3338 possetis,
879 3272 1022 3316 cum
1073 3250 1327 3314 hostem
1367 3252 1589 3334 aperte
1626 3247 1952 3313 videretis.
2015 3246 2221 3322 Quem

122 3354 178 3397 8⁵
206 3340 461 3424 quidem
510 3362 632 3426 ego
679 3340 964 3422 hostem,
1009 3337 1313 3421 Quirites,
1359 3360 1553 3421 quam
1599 3336 2012 3401 vehementer
2057 3334 2220 3400 foris

202 3450 347 3493 esse
408 3428 769 3494 timendum
824 3432 1074 3512 putem,
1138 3427 1293 3491 licet
1349 3426 1501 3490 hinc
1553 3423 1985 3509 intellegatis,
2049 3423 2220 3506 quod

202 3516 404 3582 etiam
450 3516 615 3582 illud
661 3516 935 3581 moleste
978 3514 1148 3599 fero,
1202 3513 1377 3599 quod
1421 3534 1501 3579 ex
1543 3512 1702 3576 urbe
1748 3532 1981 3596 parum
2027 3511 2222 3577 comi-
