2534 3875
403 132 537 197 420
969 132 1116 187 PRO
1154 133 1216 188 L.
1255 130 1539 187 FLACCO
1579 130 1873 186 ORATIO.

405 281 479 341 ut
533 276 660 341 hoc
716 277 860 341 veri
916 277 1130 341 simile
1177 281 1280 341 est
1338 276 1542 357 [haud
1587 276 1727 340 veri
1772 275 2040 357 simileJ,
2086 273 2461 339 Decianum

297 384 365 435 83
405 389 444 429 a
499 365 733 430 Flacco
803 386 944 430 esse
1010 368 1419 449 corruptum,
1483 366 1581 429 ita
1648 364 1907 447 scitote,
1970 362 2243 446 iudices,
2312 384 2461 426 esse

405 457 650 537 cetera,
696 453 880 518 velut
927 454 1100 539 quod
1147 454 1243 519 ait
1287 453 1620 536 Lucceius,
1665 452 1736 517 L.
1764 450 2071 516 Flaccum
2116 450 2250 515 sibi
2298 450 2461 515 dare

404 542 685 627 cupisse,
748 544 826 605 ut
890 565 931 607 a
988 542 1116 606 fide
1177 562 1246 606 se
1308 542 1687 624 abduceret,
1753 540 2127 605 sestertium
2181 538 2459 604 viciens.

397 630 493 694 Et
549 652 694 695 eum
748 634 823 694 tu
879 651 1145 696 accusas
1203 630 1549 712 avaritiae,
1604 650 1799 714 quem
1854 627 2014 692 dicis
2070 628 2458 692 sestertium
2482 644 2509 684 ⁵

402 719 644 786 viciens
700 719 984 784 voluisse
1039 718 1351 803 perdere?
1442 717 1619 782 Nam
1676 717 1831 801 quid
1869 716 2149 801 emebat,
2194 738 2351 781 cum
2392 720 2456 779 te

406 807 709 871 emebat?
773 810 850 871 ut
907 807 990 871 ad
1046 829 1115 870 se
1171 808 1531 871 transires?
1636 804 1845 882 Quam
1900 810 2159 890 partem
2214 826 2457 869 causae

402 896 528 959 tibi
575 895 920 960 daremus?
1012 896 1122 959 An
1174 899 1250 959 ut
1309 895 1678 959 enuntiares
1726 893 2002 959 consilia
2047 892 2278 957 Laeli?
2342 893 2455 977 qui

403 988 608 1049 testes
666 983 747 1047 ab
807 1005 882 1048 eo
941 983 1323 1067 prodirent?
1406 982 1621 1059 Quid?
1670 1004 1793 1047 nos
1837 1004 1971 1047 non
2016 981 2449 1046 videbamus?

403 1071 727 1135 Habitare
792 1072 965 1136 una?
1059 1070 1218 1148 Quis
1276 1072 1401 1137 hoc
1455 1071 1705 1137 nescit?
1795 1070 2081 1135 Tabulas
2137 1070 2207 1134 in
2264 1068 2450 1134 Laeli
2474 1086 2530 1124 10

404 1162 732 1245 potestate
796 1159 1047 1225 fuisse?
1137 1159 1317 1224 Num
1381 1160 1647 1224 dubium
1713 1160 1860 1224 est?
1950 1158 2059 1223 An
2121 1180 2205 1223 ne
2261 1158 2449 1222 vehe-

404 1251 676 1329 menter,
713 1270 794 1313 ne
824 1248 1084 1333 copiose
1115 1248 1504 1313 accusares?
1571 1247 1761 1313 Nunc
1787 1248 1951 1312 facis
1981 1246 2445 1331 suspicionem3

403 1335 501 1400 ita
548 1337 718 1399 enim
767 1337 1009 1422 dixisti,
1055 1341 1132 1401 ut
1176 1337 1395 1402 nescio
1442 1336 1599 1421 quid
1643 1360 1685 1402 a
1728 1340 1795 1400 te
1840 1335 2271 1420 impetratum
2308 1356 2447 1399 esse

405 1424 721 1489 videatur.

300 1495 388 1558 34
539 1513 632 1577 At
688 1515 860 1578 enim
908 1513 1206 1579 Androni
1251 1512 1525 1579 Sextilio
1574 1514 1795 1600 gravis
1841 1512 2079 1578 iniuria
2120 1511 2306 1577 facta
2352 1514 2445 1575 est
2472 1526 2521 1564 1⁵

335 1573 476 1665 4et
528 1624 665 1667 non
729 1603 1021 1687 ferenda,
1085 1603 1285 1687 quod,
1342 1625 1489 1668 cum
1544 1606 1718 1667 esset
1772 1602 1909 1667 eius
1964 1623 2158 1666 uxor
2180 1598 2445 1665 Valeria

407 1690 725 1756 intestato
772 1696 1051 1775 mortua,
1100 1692 1191 1756 sic
1238 1691 1375 1775 egit
1422 1713 1565 1756 eam
1611 1713 1751 1755 rem
1793 1688 2083 1772 Flaccus,
2127 1689 2324 1772 quasi
2368 1687 2443 1753 ad

407 1778 624 1862 ipsum
667 1780 998 1845 hereditas
1044 1780 1421 1864 pertineret.
1492 1778 1571 1843 In
1619 1800 1745 1863 quo
1792 1778 1946 1863 quid
1992 1777 2441 1862 reprehendaS,

409 1868 573 1932 scire
639 1868 848 1954 cupio.
958 1865 1144 1944 Quod
1206 1867 1449 1932 falsum
1512 1867 1909 1932 intenderit?
2018 1865 2143 1943 Qui
2210 1864 2441 1931 doces?
2528 1818 2530 1916 i

409 1955 771 2041 Ingenua',
825 1957 1068 2041 inquit,
1122 1956 1316 2022 ‘fuit-..⁹
1422 1956 1477 2022 Ο
1532 1957 1818 2042 peritum
1870 1956 2033 2020 iuris
2084 1955 2441 2020 hominem!
2470 1970 2518 2009 2⁰

410 2044 623 2120 Quid?
689 2046 771 2110 ab
835 2045 1136 2130 ingenuis
1202 2046 1583 2110 mulieribus
1649 2045 2044 2110 hereditates
2107 2044 2260 2130 lege
2316 2065 2445 2108 non

407 2134 722 2198 veniunt?
779 2132 881 2199 ‘In
907 2132 1217 2219 manum',
1242 2134 1478 2218 inquit,
1506 2132 1960 2199 ‘convenerat'
2007 2131 2200 2197 Nunc
2228 2133 2445 2214 audi03

409 2222 525 2286 sed
582 2244 851 2308 quaero,
913 2244 1037 2287 usu
1102 2245 1188 2286 an
1250 2222 1701 2308 coemptione?
1805 2221 1947 2286 Usu
2008 2243 2140 2286 non
2200 2221 2444 2306 potuit3

410 2310 573 2375 nihil
650 2311 820 2375 enim
898 2315 1121 2396 potest
1195 2311 1273 2375 de
1338 2311 1549 2375 tutela
1600 2310 1899 2394 legitima
1958 2309 2089 2373 nisi
2153 2311 2447 2374 omnium

409 2402 704 2463 tutorum
750 2399 1140 2464 auctoritate
1187 2399 1487 2464 deminui.
1572 2397 2041 2484 Coemptione?
2125 2396 2447 2463 Omnibus
2470 2410 2526 2481 ²⁵!

412 2508 571 2572 ergo
628 2488 1030 2570 auctoribus3
1086 2488 1157 2551 in
1213 2488 1449 2571 quibus
1497 2491 1671 2552 certe
1717 2487 2020 2552 Flaccum
2065 2486 2275 2551 fuisse
2320 2509 2448 2552 non

305 2593 373 2644 85
412 2574 604 2640 dices.
697 2575 1112 2660 Relinquitur
1157 2576 1339 2660 illud,
1385 2576 1557 2660 quod
1602 2575 1947 2640 vociferari
1992 2596 2126 2639 non
2172 2575 2446 2654 destitit,
2522 2583 2524 2606 ⁹

409 2685 545 2728 non
582 2663 900 2748 debuisse,
937 2686 1082 2729 cum
1119 2669 1384 2747 praetor
1420 2668 1611 2746 esset,
1651 2687 1839 2728 suum
1874 2663 2215 2748 negotium
2254 2685 2444 2750 agere

413 2755 528 2816 aut
601 2752 996 2817 mentionem
1070 2752 1287 2817 facere
1357 2752 1759 2817 hereditatis.
1866 2751 2189 2816 Maximas
2256 2753 2442 2817 audio

411 2840 563 2924 tibi,
616 2838 688 2905 L.
733 2839 1029 2923 Luculle,
1075 2841 1188 2924 qui
1235 2841 1313 2905 de
1358 2840 1430 2905 L.
1475 2840 1708 2906 Flacco
1756 2841 2145 2905 sententiam
2190 2841 2441 2905 laturus
2464 2851 2507 2892 ⁸⁰

411 2951 510 3082 ΞΤ
545 2950 695 3081 ιξξέ
740 2929 2442 3103 '3231ffffjmfissrssiiffifflssfflssuffi“fississfflUZssssssiissiiss

1474 3068 1492 3101 5

413 3105 744 3170 consulari
805 3105 1080 3190 imperio
1147 3106 1491 3170 obtineres.
1592 3105 1663 3170 Si
1726 3106 1872 3190 quis
1928 3127 2037 3170 eas
2093 3127 2247 3170 suas
2308 3127 2439 3172 esse

415 3194 712 3277 dixisset,
769 3193 1242 3258 concessisses?
1336 3193 1460 3275 Tu,
1516 3194 1589 3258 T.
1634 3193 1847 3275 Vetti,
1893 3194 1950 3258 si
1996 3215 2161 3278 quae
2207 3194 2340 3260 tibi
2381 3198 2441 3260 in

412 3281 642 3346 Africa
696 3282 948 3346 venerit
1003 3282 1330 3346 hereditas
1340 3333 1358 3366 ,
1412 3305 1535 3346 usu
1590 3281 1850 3347 amittes
1900 3304 1986 3346 an
2030 3286 2219 3347 tuum
2264 3285 2439 3348 nulla
2464 3289 2520 3334 3⁵i

414 3369 691 3433 avaritia
745 3370 932 3434 salva
987 3368 1310 3453 dignitate
1364 3370 1720 3435 retinebis?
1810 3370 1905 3435 At
1956 3370 2149 3434 istius
2194 3371 2437 3436 heredi-

413 3455 573 3520 tatis
655 3456 788 3520 iam
863 3456 1146 3522 Globulo
1229 3461 1531 3541 praetore
1600 3457 1820 3524 Flacci
1898 3458 2162 3524 nomine
2234 3461 2439 3543 petita

2520 3005 2522 3045 l
