2534 3875
339 170 426 235 62
883 168 1029 225 PRO
1069 173 1135 225 A.
1177 168 1499 225 CAECINA
1537 166 1829 224 ORATIO.

334 317 553 377 tutore
611 317 877 378 auctore
941 313 1345 397 promiserit,
1410 312 1679 378 deberi?
1789 310 1943 375 Non
1997 314 2101 375 est
2157 310 2377 375 aditus

335 402 417 466 ad
454 400 722 467 huiusce
759 402 936 467 modi
973 422 1078 466 res
1114 423 1325 487 neque
1371 401 1707 487 potentiae
1745 399 2129 483 cuiusquam
2166 420 2377 483 neque

336 492 616 576 gratiae·
663 489 956 574 denique,
1005 511 1131 574 quo
1171 490 1383 554 maius
1430 489 1557 554 hoc
1598 487 2021 571 sanctiusque
2060 486 2377 571 videatur,

331 599 414 641 ne
459 580 672 662 pretio
723 578 983 662 quidem
1030 579 1355 661 corrumpi
1416 578 1607 642 iudex
1652 577 1723 641 in
1768 577 1907 640 eius
1955 574 2132 639 modi
2178 596 2376 640 causa
2514 632 2516 659 Ι

227 682 292 731 '13
331 669 570 751 potest.
642 666 776 731 Iste
814 670 1030 731 vester
1065 666 1277 750 testiS,
1320 666 1431 767 qui
1468 687 1665 730 ausus
1704 668 1807 729 est
1844 663 2057 727 dicere
2090 680 2372 729 FECISSE
2398 685 2427 725 5
2515 672 2516 713 ἲ

331 772 579 819 VIDERI
627 776 794 838 eum,
841 754 919 818 de
966 776 1112 838 quo,
1157 776 1239 819 ne
1287 754 1468 819 cuius
1514 755 1610 819 rei
1658 754 2042 851 argueretur
2089 751 2373 835 quidem,
2515 748 2516 769 ¹

333 842 498 907 scire
545 843 780 926 potuit,
825 842 882 907 is
927 842 1070 927 ipse
1116 864 1475 927 numquam
1515 841 1784 906 auderet
1827 838 2113 905 iudicare
2155 839 2375 904 deberi

329 930 473 995 viro
522 931 759 1014 dotem,
807 952 1005 1015 quam
1053 931 1289 995 mulier
1333 930 1518 995 nullo
1567 934 1830 995 auctore
1878 926 2168 992 dixisset.

224 1023 364 1094 (26)
505 1018 558 1082 Ο
613 1041 753 1083 rem
799 1019 1205 1103 praeclaram
1251 1018 1569 1102 vobisque
1617 1018 1701 1083 ob
1757 1018 1883 1082 hoc
1946 1016 2374 1100 retinendam,

223 1108 310 1171 26
332 1108 856 1189 recuperatores!
939 1105 1126 1182 Quod
1181 1107 1356 1172 enim
1411 1112 1512 1171 est
1567 1107 1669 1171 ius
1716 1104 1957 1170 civile?
2032 1103 2221 1179 Quod
2265 1126 2372 1169 ne·
2400 1126 2457 1166 ιο

332 1217 454 1279 que
500 1195 745 1261 inflecti
791 1196 1010 1280 gratia
1052 1216 1262 1279 neque
1302 1195 1622 1280 perfringi
1667 1192 1967 1279 potentia
2002 1213 2213 1275 neque
2262 1191 2373 1257 ad-

329 1284 600 1347 ulterari
636 1283 912 1368 pecunia
955 1284 1193 1367 possit3
1243 1284 1414 1367 quod
1461 1283 1689 1347 sinon
1723 1280 1916 1346 modo
1966 1300 2373 1381 oppressum,

329 1372 442 1435 sed
490 1371 689 1435 etiam
737 1371 1066 1436 desertum
1113 1375 1229 1436 aut
1274 1370 1729 1457 neglegentius
1769 1373 2181 1434 asservatum
2226 1368 2375 1448 erit,

325 1459 489 1523 nihil
556 1462 684 1543 est,
752 1460 927 1544 quod
1004 1458 1350 1545 quisquam
1422 1480 1563 1524 sese
1630 1458 1877 1523 habere
1940 1460 2191 1522 certum
2258 1462 2376 1521 aut

330 1568 369 1611 a
413 1551 604 1633 patre
669 1552 1006 1631 acceptum
1073 1552 1188 1613 aut
1250 1548 1634 1612 relicturum
1706 1543 1933 1610 liberis
1998 1545 2375 1610 arbitretur.
2403 1563 2454 1605 ιε

223 1651 291 1701 74
329 1634 498 1711 Quid
546 1636 719 1700 enim
765 1635 967 1700 refert
1015 1636 1204 1700 aedes
1253 1640 1369 1700 aut
1420 1635 1695 1700 fundum
1742 1634 2043 1698 relictum
2091 1656 2132 1698 a
2181 1638 2374 1717 patre

328 1729 444 1788 aut
503 1724 726 1808 aliqua
779 1724 1035 1788 ratione
1081 1724 1325 1789 habere
1380 1724 1543 1788 bene
1594 1726 1892 1824 partum,
1947 1724 2007 1787 si
2050 1720 2375 1787 incertum

327 1815 448 1894 est,
505 1833 669 1897 quae
715 1813 784 1875 in
820 1834 1020 1877 manu
1062 1815 1178 1877 tua
1220 1812 1364 1876 iure
1400 1811 1708 1912 mancipii
1745 1810 1904 1895 sint,
1951 1833 2029 1875 ea
2072 1810 2376 1895 possisne

325 1901 625 1985 retinere,
671 1900 729 1965 si
777 1922 1012 1986 parum
1071 1904 1173 1965 est
1220 1900 1696 1966 communitum
1741 1898 1843 1963 ius
1899 1898 2089 1964 civile
2137 1919 2213 1964 ac
2257 1921 2375 1984 pu-

326 1989 502 2054 blica
544 1990 690 2074 lege
737 1993 966 2054 contra
1013 1989 1287 2055 alicuius
1335 1989 1620 2076 gratiam
1664 1986 1876 2052 teneri
1920 2008 2056 2052 non
2100 1989 2370 2070 potest?
2399 2007 2453 2048 20

326 2077 498 2178 quid,
534 2077 822 2161 inquam,
859 2077 1128 2160 prodest
1157 2077 1427 2142 fundum
1464 2077 1726 2158 habere,
1764 2075 1840 2158 si,
1888 2095 2054 2161 quae
2093 2075 2371 2159 diligen·

324 2165 579 2230 tissime
627 2165 956 2248 descripta
1012 2187 1052 2230 a
1098 2165 1457 2230 maioribus
1505 2165 1648 2230 iura
1693 2163 1952 2247 finium,
2010 2165 2372 2247 possessio·

324 2275 502 2338 num,
548 2274 866 2337 aquarum
910 2253 1347 2338 itinerumque
1394 2257 1566 2337 sunt,
1616 2253 1779 2317 haec
1825 2252 2203 2340 perturbari
2250 2253 2374 2318 ali-

326 2363 456 2426 qua
527 2341 780 2406 ratione
847 2343 1365 2428 commutarique
1432 2340 1756 2425 possunt?
1867 2339 2035 2407 Mihi
2108 2341 2374 2425 credite,

325 2430 535 2494 maior
591 2429 918 2494 hereditas
973 2431 1088 2494 uni
1147 2429 1378 2515 cuique
1434 2433 1736 2494 nostrum
1791 2431 1972 2495 venit
2025 2429 2094 2493 in
2159 2429 2369 2493 isdem
2400 2447 2452 2490 25

323 2517 514 2582 bonis
563 2539 603 2581 a
648 2517 788 2582 iure
837 2522 903 2582 et
950 2540 990 2582 a
1035 2518 1293 2602 legibus
1341 2540 1537 2602 quam
1584 2518 1668 2582 ab
1714 2516 1829 2597 iis,
1878 2541 1917 2584 a
1964 2517 2203 2600 quibus
2251 2518 2374 2583 illa

322 2607 469 2690 ipsa
516 2605 688 2669 bona
741 2606 934 2670 nobis
989 2606 1220 2670 relicta
1267 2610 1437 2671 sunt.
1528 2606 1702 2671 Nam
1758 2607 1835 2669 ut
1891 2605 2235 2690 perveniat
2290 2607 2374 2671 ad

323 2715 428 2757 me
480 2691 746 2775 fundus,
802 2697 1198 2758 testamento
1255 2694 1527 2758 alicuius
1583 2692 1728 2758 fieri
1780 2697 2034 2776 potest3
2087 2696 2163 2757 ut
2218 2695 2372 2760 reti-

321 2801 533 2863 neam,
571 2780 745 2865 quod
781 2802 999 2845 meum
1034 2780 1280 2846 factum
1324 2782 1429 2865 sit,
1472 2783 1611 2847 sine
1649 2781 1790 2846 iure
1830 2781 2011 2848 civili
2046 2781 2190 2846 fieri
2234 2805 2373 2848 non

321 2872 560 2954 potest.
651 2867 916 2932 Fundus
964 2891 1005 2934 a
1050 2873 1236 2952 patre
1292 2870 1575 2954 relinqui
1620 2874 1872 2956 potest,
1930 2873 2000 2934 at
2054 2872 2368 2955 usucapio
2398 2889 2453 2930 so

321 2956 533 3039 fundi,
595 2956 722 3021 hoc
780 2960 883 3020 est
937 2957 1090 3022 finis
1147 2958 1611 3023 sollicitudinis
1670 2980 1747 3024 ac
1799 2959 2074 3044 periculi
2135 2959 2372 3043 litium,

321 3066 455 3109 non
493 3067 532 3109 a
576 3049 764 3128 patre
809 3044 1218 3130 relinquitur,
1266 3047 1381 3110 sed
1428 3069 1469 3111 a
1511 3046 1805 3132 legibus;
1862 3068 2072 3132 aquae
2120 3047 2372 3132 ductuS,

321 3132 624 3216 haustuS,
665 3133 809 3216 iter,
848 3137 1030 3198 actus
1071 3155 1111 3197 a
1132 3137 1354 3235 ‘pati-e,
1396 3133 1507 3199 sed
1549 3138 1697 3199 rata
1734 3137 2097 3201 auctoritas
2135 3136 2371 3200 harum

215 3235 284 3285 75
322 3243 541 3286 rerum
601 3221 892 3285 omnium
951 3221 1034 3286 ab
1092 3220 1271 3286 civili
1335 3223 1475 3288 iure
1541 3223 1842 3288 sumitur.
1954 3221 2373 3309 Quapropter

320 3330 454 3374 non
501 3308 716 3374 minus
766 3309 1114 3412 diligenter
1159 3332 1253 3394 ea,
1304 3332 1469 3394 quae
1517 3334 1557 3376 a
1594 3311 1955 3377 maioribus
2004 3311 2369 3396 accepistis,
2400 3329 2453 3370 ³⁵

320 3397 586 3481 publica
619 3397 1020 3480 patrimonia
1055 3397 1216 3462 iuris
1265 3421 1457 3484 quam
1501 3400 1800 3484 privatae
1840 3400 1935 3464 rei
1973 3402 2231 3465 vestrae
2268 3422 2371 3467 re-

318 3485 529 3548 tinere
577 3485 846 3571 debetis,
891 3507 1026 3551 non
1063 3487 1279 3551 solum
1326 3487 1497 3575 quod
1536 3487 1699 3554 haec
1740 3487 1881 3552 iure
1919 3485 2098 3552 civili
2138 3493 2372 3574 saepta
