2534 3875
503 137 660 194 CAP.
699 143 913 192 21—24
950 143 981 204 ς
1025 141 1253 194 50-56,
1330 135 1804 194 FRAGMENTA.
2089 139 2172 202 15

122 282 305 358 Quid
342 282 649 368 posizea‘?
682 281 827 347 Hoc
864 283 1177 366 sequitur,
1214 286 1291 347 ut
1325 280 1648 347 familiam
1683 281 1772 348 M.
1810 281 1988 347 Tulli
2025 303 2172 348 con·
2282 316 2285 320 ·

121 371 257 435 cidi
306 369 717 456 oporssuerit?
780 369 912 436 Vix
969 370 1364 450 mehercule,
1410 374 1486 435 ut
1533 370 1779 436 corium
1833 371 1999 456 peti,
2044 372 2172 454 vix,

117 465 201 524 ut
266 458 537 560 gravius
600 459 1032 560 expostulari,
1098 480 1326 523 verum
1391 462 1466 523 ut
1531 479 1708 524 esses
1769 458 2172 542 durissimus,

122 547 240 632 agi
290 546 553 631 quidem
608 546 855 612 usitato
908 548 1049 612 iure
1114 551 1181 611 et
1236 545 1563 612 cotidiana
1619 547 1874 612 actione
1939 549 2171 631 potuiiz.

62 654 93 695 5
122 635 302 710 Quid
340 656 504 720 opus
540 635 671 701 fuit
703 635 789 720 vi,
825 635 980 720 quid
1019 635 1291 700 armatis
1328 635 1723 720 hominibus,
1768 635 1923 720 quid
1959 635 2170 714 caede,

122 724 287 807 quid
350 724 710 808 sanguine?
799 722 917 788 At
970 723 1143 788 enim
1205 728 1660 824 oppugnatum
1721 745 1826 790 me
1883 722 2168 790 fortasse
2207 740 2276 792 55

116 810 504 877 venissent?
585 810 767 878 Haec
802 816 906 878 est
943 811 1207 877 illorum
1244 813 1315 876 in
1351 833 1549 878 causa
1583 812 1840 896 perdita
1879 816 2170 877 extrema

117 923 261 965 non
309 900 521 965 oratio
558 921 769 985 neque
806 898 1116 985 defensio,
1162 900 1277 965 sed
1315 901 1686 966 coniectura
1733 905 1799 965 et
1847 901 2034 986 quasi
2081 900 2172 964 di-

117 988 399 1054 vinatio.
488 987 602 1053 Illi
647 992 1098 1074 oppugnatum
1152 989 1412 1054 venturi
1458 990 1692 1054 erant?
1739 989 1977 1073 quem?
2050 987 2170 1053 Fa-

37 1097 95 1136 xo
122 1077 331 1142 bium.
423 1074 564 1152 Quo
612 1076 930 1143 consilio?
1012 1076 1104 1142 Ut
1149 1076 1532 1143 occiderent.
1624 1075 1834 1152 Quam
1889 1077 1975 1143 ob
2022 1098 2170 1142 cau-

125 1166 319 1230 sam?
368 1165 524 1250 quid
570 1169 645 1230 ut
680 1165 1115 1250 proficerent?
1164 1165 1276 1250 qui
1313 1165 1734 1251 comperisffi?
1783 1168 1866 1248 et,
1911 1169 1986 1230 ut
2029 1187 2168 1230 rem

119 1252 542 1339 perspicuam
604 1276 801 1338 quam
860 1252 1272 1340 paucissimis
1328 1253 1546 1318 verbis
1605 1275 1824 1339 agam,
1885 1253 2169 1318 dubitari

117 1343 253 1408 hoc
298 1346 545 1426 potest,
591 1346 1111 1428 recuperatoreS,
1162 1342 1299 1406 uiri
1335 1363 1761 1443 oppugnasse
1806 1341 2169 1425 videantur,

118 1430 241 1516 qui
298 1430 383 1495 ad
434 1430 665 1496 villam
709 1434 1053 1515 venerunt,
1108 1452 1193 1494 an
1240 1430 1354 1514 qui
1408 1432 1477 1494 in
1521 1430 1684 1494 villa.
1731 1430 2272 1510 manserunt?(56)

36 1539 83 1580 [5
116 1519 237 1603 qui
276 1517 479 1583 occisi
526 1523 695 1604 sunia,
742 1541 827 1584 an
870 1519 938 1602 ii,
985 1541 1063 1583 ex
1102 1539 1378 1603 quorum
1413 1539 1685 1584 numero
1735 1519 1992 1584 saucius
2037 1518 2166 1584 fac·

112 1613 234 1672 tus
283 1611 386 1671 esi:
430 1609 661 1674 nemo?
708 1608 819 1692 qui
865 1629 979 1673 cur
1014 1607 1324 1690 facerent,
1370 1627 1566 1672 causa
1609 1628 1745 1672 non
1779 1605 1924 1690 fuit,
1970 1628 2056 1672 an
2099 1607 2166 1689 ii,

116 1697 238 1782 qui
273 1695 509 1759 fecisse
546 1717 617 1761 se
652 1695 1090 1762 confitentur?
1162 1693 1412 1760 Verum
1449 1698 1524 1759 ut
1564 1694 1690 1760 hoc
1725 1695 1851 1759 tibi
1889 1694 2166 1778 credam,
2205 1714 2270 1764 56

114 1783 443 1849 metuisse
478 1787 564 1867 te,
600 1806 685 1850 ne
714 1805 1185 1885 oppugnarem,
1222 1785 1370 1867 quis
1407 1784 1532 1848 hoc
1570 1782 1808 1848 statuifi
1835 1804 2164 1868 umquam,

114 1876 243 1939 aut
289 1873 397 1938 cui
443 1834 704 1939 concedi
759 1873 897 1938 sine
944 1893 1201 1938 summo
1248 1871 1542 1938 omnium
1595 1872 1882 1958 periculo
1927 1874 2167 1957 possest,

36 1984 79 2024 ,ο
112 1969 195 2028 ut
237 1983 389 2026 eum
428 1961 566 2025 iure
606 1962 897 2047 potuerit
936 1961 1243 2045 occidere,
1291 1983 1332 2027 a
1370 1983 1496 2045 quo
1537 1962 1848 2026 metuisse
1885 1982 1955 2025 se
1993 1960 2166 2025 dicat

108 2073 200 2116 ne
250 2050 398 2136 ipse
442 2050 767 2135 posterius
816 2049 1264 2115 occidereizur?
1341 2046 1641 2172 (Quintil.
1669 2050 1762 2121 ‚V
1797 2054 1896 2121 13.
1942 2048 2074 2135 21.)

782 2364 1501 2434 FRAGMENTA.

264 2492 320 2556 1.
394 2490 440 2555 1
442 2491 530 2555 lla
580 2493 862 2573 superior
916 2493 1139 2576 species
1193 2512 1334 2557 cum
1367 2491 1786 2575 proposuerit,
1830 2491 1984 2573 quid
2023 2510 2160 2555 con-

103 2579 350 2656 veniat,
395 2580 467 2643 id
508 2580 715 2662 ipsum
748 2582 836 2645 ad
866 2600 931 2645 se
964 2581 1245 2659 inclinat,
1291 2585 1366 2644 ut
1387 2600 1511 2661 pro
1545 2599 1610 2644 se
1640 2579 1843 2659 faciat
1873 2580 1958 2662 id,
2001 2580 2167 2661 quod

36 2691 74 2733 5
104 2669 527 2735 adversar-ius
570 2670 907 2753 confitetur,
941 2674 1157 2751 postea
1202 2689 1344 2733 vero
1388 2668 1708 2749 subiunyit
1737 2668 1832 2749 id,
1875 2668 2040 2750 quod
2079 2668 2166 2732 sit

103 2761 186 2823 in
251 2758 683 2822 controversia.
767 2758 945 2823 Fecit
999 2758 1111 2823 hoc
1171 2756 1380 2823 Cicero
1434 2777 1552 2839 pro
1610 2755 1851 2820 Tullio:
1911 2755 2163 2838 Dicam,

100 2846 358 2927 inquit,
402 2845 537 2909 vim
579 2844 825 2911 factam
872 2868 912 2911 a
955 2844 1027 2911 P.
1072 2843 1238 2910 Fabi
1281 2844 1561 2927 familia,
1617 2844 1970 2909 adversarii
2027 2864 2162 2909 non

102 2936 389 3017 negant.
444 2933 577 2998 Hic
598 2935 945 3019 proposuit,
980 2935 1143 3016 quod
1174 2934 1523 2998 adversarii
1554 2932 1909 3012 fateantum
1947 2934 2164 2997 deinde
2229 2998 2252 3015 ‚

99 3028 333 3107 ipsum
351 3042 471 3102 pro
496 3040 562 3087 se
582 3024 730 3103 fecit
752 3023 1037 3087 dicendo:
1064 3020 1395 3085 Damnum
1424 3020 1649 3085 datum
1679 3043 1819 3092 esse
1837 3020 1923 3085 M.
1941 3019 2160 3084 Tullio

36 3134 72 3174 o
102 3109 453 3193 concedis3
517 3111 643 3176 vici
688 3133 888 3176 unam
931 3131 1087 3175 rem.
1168 3110 1331 3174 Item
1376 3111 1674 3175 adiunxit
1715 3110 1977 3175 alteram
2013 3128 2161 3189 par-

103 3208 265 3279 tem,
322 3198 397 3262 in
441 3219 567 3280 qua
612 3200 1050 3281 confessionem
1094 3199 1286 3278 docet,
1340 3218 1482 3263 cum
1525 3199 1708 3263 dicit:
1753 3196 1840 3261 Vi
1884 3195 2160 3260 homini-

101 3292 241 3354 bus
305 3288 582 3351 armatis
635 3309 769 3353 non
822 3308 1051 3373 negas;
1113 3287 1243 3352 vici
1290 3288 1583 3351 al.teram
1675 3286 1849 3362 Post,
1895 3286 2049 3366 quid
2089 3284 2162 3347 in

101 3376 536 3443 controversia
579 3377 679 3455 sit,
719 3377 1028 3458 proponit,
1073 3394 1213 3441 oum
1257 3376 1441 3441 dicit:
1487 3374 1659 3439 Dolo
1699 3372 1872 3436 malo
1910 3373 2158 3435 factum

100 3484 356 3549 negas,
396 3462 474 3527 de
502 3462 627 3529 hoc
654 3424 963 3530 iudicium
992 3467 1112 3529 est.
1161 3461 1500 3549 (Victoria.
1518 3484 1585 3547 p.
1613 3466 1763 3529 209.
1788 3462 1882 3526 22
1908 3456 2158 3543 Halm.)
