2534 3875
303 187 438 253 460
598 186 696 242 DE
733 186 941 243 DOMO
983 185 1122 241 SUA
1157 185 1257 240 AD
1296 184 1720 241 PONTIFICES
1757 184 2046 241 ORATIO.

238 348 267 397 ’1
308 333 414 398 An
459 353 601 418 eg0,
646 353 792 396 cum
836 330 909 395 P.
937 329 1252 395 Lentulus
1301 330 1530 395 consul
1577 330 1822 414 optime
1868 329 1946 394 de
1991 351 2096 394 me
2144 351 2221 395 ac
2258 329 2338 394 de

306 443 377 486 re
431 420 695 506 publica
747 419 1044 502 meritus,
1100 441 1247 484 cum
1295 418 1368 495 Q.
1415 417 1748 501 Metellus,
1802 418 1914 501 qui
1960 439 2106 483 cum
2153 439 2336 482 meus

306 509 607 574 immicus
672 511 871 591 esset,
924 507 1132 572 frater
1176 510 1356 589 tuus,
1411 510 1477 570 et
1524 505 1914 570 dissensioni
1957 510 2227 571 nostrae
2273 509 2341 570 et

306 597 608 683 precibus
645 597 776 661 tuis
816 597 1097 661 salutem
1134 617 1209 660 ac
1239 594 1626 679 dignitatem
1654 616 1867 660 meam
1895 595 2340 679 praetulisset,

308 707 412 750 me
486 688 891 751 arcesserent
960 684 1032 748 in
1104 687 1429 766 senatum,
1503 705 1648 748 cum
1719 687 1908 748 tanta
1979 683 2336 747 multitudo
2367 700 2396 741 5

313 774 553 839 civium
596 778 735 838 tam
780 773 1029 838 recenti
1073 771 1288 836 officio
1337 792 1454 835 suo
1491 791 1596 836 me
1635 770 1716 836 ad
1751 771 2156 836 referendam
2196 791 2343 856 gra-

311 863 475 927 tiam
508 861 899 927 nominatim
937 865 1220 942 vocaret,
1254 881 1390 924 non
1425 859 1731 943 venirem,
1768 881 1915 924 cum
1953 860 2342 943 praesertim

310 955 378 1014 te
432 951 565 1015 iam
617 950 804 1014 illinc
859 971 1004 1014 cum
1060 952 1175 1013 tua
1226 946 1656 1032 fugitivorum
1712 969 1910 1014 manu
1964 948 2343 1012 discessisse

312 1039 688 1104 constaret?
750 1036 878 1102 Hic
922 1040 998 1101 tu
1036 1059 1138 1100 me
1176 1036 1394 1119 etiam,
1439 1035 1772 1100 custodem
1809 1034 2344 1120 defensoremque

312 1125 600 1212 Capitoli
635 1125 1161 1209 templorumque
1199 1125 1509 1206 omnium,
1550 1121 1835 1189 ‘hostem
1875 1122 2344 1208 Capitolinum'
2372 1141 2425 1181 ιο

314 1215 643 1299 appellare
698 1235 893 1278 ausus
948 1235 1045 1297 es,
1100 1213 1302 1296 quod,
1355 1234 1500 1277 cum
1545 1212 1617 1276 in
1663 1210 1992 1296 Capitolio
2039 1217 2344 1277 senatum

316 1303 440 1366 duo
488 1302 783 1366 consules
829 1301 1163 1384 haberent,
1209 1322 1284 1365 eo
1332 1301 1664 1366 venerim?
1755 1299 1993 1366 Utrum
2039 1305 2142 1365 est
2185 1305 2347 1365 tem·

313 1411 435 1474 pus
486 1389 769 1473 aliquod,
816 1412 942 1473 quo
990 1389 1060 1453 in
1107 1392 1402 1454 senatum
1449 1389 1702 1453 venisse
1745 1392 1937 1474 turpe
1983 1388 2092 1473 sit,
2137 1411 2223 1454 an
2269 1411 2348 1453 ea

317 1500 421 1543 res
460 1482 603 1543 erat
639 1478 776 1562 illa,
812 1478 892 1542 de
930 1500 1059 1562 qua
1096 1478 1434 1562 agebatur,
1470 1480 1544 1540 ut
1580 1499 1719 1542 rem
1754 1477 1969 1562 ipsam
2005 1477 2348 1560 repudiare

234 1544 279 1670 ἑ
317 1569 385 1631 01
431 1587 566 1649 eos,
624 1566 735 1650 qui
782 1567 1097 1652 agebant,
1143 1564 1570 1630 condemnare
1617 1564 1962 1630 deberem?
2051 1565 2348 1630 Primum
2377 1583 2432 1624 15

318 1654 460 1720 dieo
526 1655 845 1719 senatoris
913 1676 1053 1718 esse
1116 1653 1276 1718 boni
1340 1674 1593 1738 semper
1647 1653 1717 1717 in
1773 1657 2070 1718 senatum
2124 1654 2351 1719 venire

314 1764 433 1808 nec
481 1764 628 1808 cum
674 1743 756 1807 iis
796 1743 1025 1826 senti0,
1073 1742 1187 1826 qui
1223 1744 1523 1806 statuunt
1559 1742 1776 1806 minus
1815 1741 2003 1806 bonis
2041 1743 2352 1826 tempori-

317 1832 440 1896 bus
486 1830 558 1895 in
604 1834 901 1895 senatum
948 1829 994 1911 †
1038 1830 1165 1914 ipsi
1207 1851 1344 1894 non
1386 1829 1686 1894 venirent
1721 1851 1853 1894 non
1887 1830 2352 1916 intellegentes

314 1919 485 1985 hanc
558 1942 743 1985 suam
818 1917 1088 1984 nimiam
1152 1919 1705 2003 perseverantiam
1767 1919 2182 1985 vehementer
2245 1918 2353 2003 iis,

318 2030 593 2091 quorum
641 2008 930 2073 animum
976 2007 1302 2071 offendere
1338 2006 1682 2090 voluerint,
1728 2012 1986 2091 gratam
2025 2012 2090 2072 et
2125 2008 2350 2073 iucun-
2379 2026 2438 2066 20

319 2092 470 2161 dam
504 2096 725 2160 fuisse.
797 2095 891 2159 At
929 2095 1100 2159 enim
1136 2116 1271 2159 non
1305 2095 1472 2159 nulli
1508 2098 1778 2179 propter
1813 2096 2135 2179 timorem,
2174 2096 2356 2180 quod

320 2206 389 2249 se
428 2183 501 2249 in
539 2188 772 2249 senatu
808 2186 953 2248 tuto
988 2204 1123 2247 non
1160 2204 1301 2247 esse
1339 2182 1847 2267 arbitrabantur,
1895 2184 2355 2249 discesserunt.

321 2269 474 2336 Non
518 2270 922 2356 reprehendo
965 2292 1085 2336 1100
1131 2291 1394 2354 quaem,
1437 2271 1718 2337 fueritne
1766 2272 2010 2357 aliquid
2050 2273 2355 2356 pertime-

322 2359 656 2443 scendum3
689 2363 851 2445 puto
891 2380 1008 2424 suo
1048 2380 1366 2443 quemque
1404 2359 1725 2424 arbitratu
1759 2361 1990 2426 timere
2027 2364 2355 2445 oportere.

321 2446 452 2513 Cur
498 2467 622 2532 ego
666 2468 801 2513 non
844 2446 1193 2531 timuerim,
1241 2448 1514 2548 quaeriS.
1599 2446 1765 2523 Quia
1808 2452 1876 2513 te
1913 2449 2097 2513 illinc
2133 2450 2354 2514 abisse
2383 2468 2436 2508 25

322 2536 685 2601 constabat.
758 2533 907 2619 Cur,
955 2557 1103 2601 cum
1146 2535 1272 2600 viri
1311 2536 1464 2600 boni
1499 2556 1633 2601 non
1667 2536 1836 2601 nulli
1870 2537 2168 2619 putarint
2202 2542 2356 2602 tuto

325 2644 395 2687 se
438 2622 513 2687 in
559 2626 790 2688 senatu
838 2645 978 2688 esse
1022 2645 1156 2688 non
1199 2644 1414 2708 posse,
1459 2643 1580 2708 ego
1625 2644 1758 2689 non
1802 2624 1973 2689 idem
2015 2627 2356 2691 senserim.

323 2709 473 2794 Cur,
510 2732 656 2776 cum
694 2732 816 2797 ego
854 2733 959 2775 me
996 2711 1472 2776 existimassem
1506 2714 1655 2777 tuto
1695 2713 1955 2778 omnino
1983 2713 2052 2777 in
2083 2714 2358 2780 civitate

324 2820 465 2864 esse
510 2820 646 2863 non
689 2820 910 2884 posse,
955 2799 1057 2863 illi
1102 2801 1598 2865 remanserunt?
1698 2800 1806 2865 An
1851 2801 1998 2866 aliis
2046 2802 2228 2886 lieet,
2285 2807 2357 2867 et

322 2891 495 2953 10010
551 2887 734 2970 11001,
786 2887 858 2951 111
912 2909 1057 2953 meo
1104 2891 1281 2953 metu
1329 2888 1456 2952 sibi
1500 2887 1669 2953 nihil
1713 2890 1971 2973 timere3
2026 2890 2192 2955 mihi
2236 2892 2354 2956 uni
2383 2909 2436 2950 ao

322 2996 583 3042 necesse
630 2975 756 3041 0111
802 2979 870 3041 01
914 2997 1127 3040 meam
1174 2979 1240 3040 et
1285 2976 1562 3041 aliorum
1609 2978 1814 3042 1100111
1849 2978 2358 3063 pertimescere?

254 3078 286 3127 9
458 3064 585 3147 An,
632 3062 785 3149 quia
828 3086 962 3129 non
1008 3063 1432 3130 condemnavi
1479 3066 1804 3131 sententia
1850 3086 1996 3131 mea
2042 3066 2168 3131 duo
2207 3088 2358 3133 con-

327 3152 521 3237 811108,
558 3174 703 3217 sum
730 3152 1338 3237 reprehendendus?
1391 3150 1526 3219 Eos
1553 3154 1760 3240 igitur
1787 3175 1908 3241 ego
1936 3155 2356 3238 potissimum

324 3240 635 3306 damnare
691 3240 909 3326 debui,
969 3261 1245 3324 quorum
1300 3240 1448 3326 lege
1504 3242 1862 3326 perfectum
1918 3246 2045 3326 est,
2097 3264 2180 3307 ne
2227 3264 2354 3329 ego

323 3327 734 3393 indemnatus
783 3333 977 3414 atque
1024 3328 1271 3410 optime
1319 3327 1398 3392 de
1443 3350 1514 3393 re
1559 3329 1822 3412 publica
1866 3331 2138 3396 meritus
2175 3332 2354 3396 dam·
2383 3348 2437 3390 ³5

324 3418 629 3480 natorum
686 3436 968 3500 poenam
1014 3414 1445 3480 sustinerem?
1537 3415 1825 3491 Quorum
1871 3418 2070 3485 etiam
2117 3418 2355 3485 delicta

324 3505 597 3584 propter
632 3523 857 3567 eorum
888 3503 1217 3589 egregiam
1246 3502 1315 3565 in
1344 3523 1448 3567 me
1477 3505 1916 3572 conservando
1947 3508 2350 3573 voluntatem

2258 3819 2274 3822 ..
2287 3819 2298 3822 -
2305 3811 2529 3822 ἐώ-

2498 395 2504 510 Ι

2500 511 2506 624 1
