2534 3875
218 698 285 746 41

331 188 414 249 12
899 185 1041 242 PRO
1076 185 1155 242 M.
1194 185 1462 242 TULLIO
1501 184 1786 242 ORATIO.

328 331 585 397 cissime
642 331 918 415 faciant,
984 331 1230 396 domini
1291 330 1854 416 impudentissime
1907 329 2369 408 confiteantur,

328 420 484 503 quid
528 422 807 487 censetis
851 420 1013 504 fore,
1050 420 1110 484 si
1142 423 1411 504 praetor
1443 419 1687 484 iudicet
1733 418 1891 483 eius·
1918 417 2100 482 modi
2136 417 2366 482 caedes

326 507 470 572 fieri
511 507 655 574 iure
701 509 937 592 posse?
1010 507 1118 571 An
1163 507 1512 591 quicquam
1555 506 1848 590 interest,
1893 510 2120 571 utrum
2155 504 2367 590 magi-

328 599 577 662 stratus
632 600 901 680 peccato
954 595 1398 660 defensionem
1455 595 1862 660 constituant
1913 615 2001 660 an
2051 591 2370 680 peccandi

325 687 721 769 potestatem
767 684 1227 768 licentiamque
1264 683 1699 767 permittant?
1773 682 2058 765 Etenim,
2103 703 2368 764 recupe·
2397 695 2440 736 ⁵

326 775 610 856 ratores,
653 795 790 837 non
832 773 1072 836 damno
1128 776 1622 838 commoventur
1663 771 2120 858 magistratus,
2175 773 2256 834 ut
2298 769 2370 832 in

326 860 487 926 haec
524 861 726 927 verba
770 859 1082 926 iudicium
1119 860 1293 924 dent.
1364 858 1538 924 Nam
1582 861 1642 926 si
1683 859 1750 924 id
1794 862 1990 942 esset,
2031 879 2154 924 nec
2189 878 2370 922 recu-

327 951 664 1034 peratores
711 949 931 1033 potius
978 948 1209 1013 darent
1254 970 1451 1032 quam
1505 948 1783 1013 iudicem
1827 969 1950 1014 nec
1991 947 2065 1011 in
2107 945 2370 1011 univer-

327 1059 471 1101 sam
514 1035 865 1118 familiam,
910 1036 1025 1102 sed
1068 1037 1139 1100 in
1184 1057 1360 1118 eum,
1404 1038 1662 1118 quicum
1705 1035 2100 1101 nominatim
2145 1055 2370 1118 agere-

328 1129 455 1206 tur,
491 1146 610 1190 nec
644 1125 714 1188 in
743 1124 1195 1209 quadruplum,
1232 1123 1446 1188 sedin
1471 1124 1759 1209 duplum,
1799 1127 1867 1188 et
1901 1125 1988 1189 ad
2013 1121 2367 1188 ‘DAMNUM'
2405 1138 2474 1177 10

328 1213 675 1278 adderetur
720 1210 1073 1278 ‘INIURIA'.
1144 1210 1376 1297 Neque
1413 1213 1588 1277 enim
1621 1213 1700 1290 is,
1745 1213 1858 1297 qui
1893 1211 2021 1277 hoc
2055 1210 2372 1276 iudicium

330 1299 538 1383 dedit,
599 1301 676 1364 de
722 1300 954 1365 ceteris
1001 1300 1253 1366 damnis
1311 1300 1395 1366 ab
1451 1301 1598 1386 lege
1644 1300 1914 1384 Aquilia
1967 1299 2242 1382 recedit,
2297 1299 2370 1362 in

226 1437 307 1500 18
330 1388 566 1491 quibus
610 1388 777 1453 nihil
824 1391 1045 1474 agitur
1088 1388 1217 1453 nisi
1264 1387 1572 1453 damnum
1581 1439 1600 1472 ,
1653 1410 1816 1490 qua·
1838 1389 1917 1490 de
1970 1408 2042 1489 re
2096 1390 2371 1490 praetor

218 1515 288 1562 42
331 1498 621 1542 ammum
664 1476 903 1543 debeat
946 1478 1304 1543 advertere.
1391 1476 1473 1541 In
1517 1477 1640 1542 hoc
1683 1475 1924 1542 lud1cio
1943 1474 2208 1541 ‚videt1s
2253 1497 2372 1560 aga

220 2550 288 2597 43

328 1565 407 1629 de
450 1566 537 1648 vi,
585 1564 822 1631 videtis
869 1566 981 1652 agi
1024 1566 1105 1630 de
1150 1565 1527 1630 hominibus
1573 1565 1866 1648 armatis,
1910 1563 2146 1629 videtis
2193 1564 2370 1628 aedi·
2407 1578 2468 1619 1⁵

325 1654 622 1718 ficiorum
686 1653 1237 1741 expugnationes,
1310 1654 1455 1740 agri
1513 1652 1954 1736 vastationes,
2022 1651 2372 1716 hominum

327 1741 820 1825 trucidationeS,
854 1742 1172 1825 incendia,
1207 1743 1491 1826 rapinas,
1529 1741 1913 1827 sanguinem
1947 1741 2018 1805 in
2052 1740 2375 1805 iudicium

326 1831 574 1913 venire,
630 1833 697 1894 et
742 1829 1073 1894 miramini
1118 1830 1282 1894 satis
1328 1827 1636 1895 habuisse
1681 1851 1821 1914 eOS,
1875 1828 1988 1913 qui
2033 1828 2160 1894 hoc
2203 1827 2374 1892 iudi-

328 1919 501 1984 cium
540 1918 872 2003 dederunt,
915 1918 983 1982 id
1022 1917 1266 2004 quaeri,
1303 1922 1525 1983 utrum
1561 1917 1723 1985 haec
1757 1921 1895 1983 tam
1933 1917 2188 2000 acerba,
2223 1919 2372 1983 tam

328 2007 625 2093 indigna,
682 2010 822 2071 tam
878 2008 1129 2071 atrocia
1182 2007 1358 2072 facta
1410 2009 1631 2072 essent
1681 2028 1910 2091 necne,
1963 2026 2098 2071 non
2141 2009 2374 2071 utrum
2407 2022 2464 2062 20

327 2096 470 2161 iure
526 2095 705 2159 facta
762 2116 850 2159 an
906 2094 1189 2160 iniuria?
1289 2094 1444 2161 Non
1502 2116 1660 2181 ergo
1712 2100 2053 2180 praetores
2113 2115 2156 2159 a
2219 2094 2375 2181 lege

328 2182 599 2268 Aquilia
642 2186 1071 2265 recesserunt,
1117 2205 1281 2267 quae
1328 2183 1406 2248 de
1451 2183 1689 2248 damno
1737 2188 1857 2267 est,
1901 2182 2014 2248 sed
2061 2181 2141 2247 de
2185 2184 2258 2248 vi
2306 2188 2376 2248 et

329 2273 528 2336 armis
576 2293 873 2337 severum
918 2271 1225 2336 iudicium
1273 2272 1778 2355 constituerunt,
1835 2292 1954 2336 nec
2007 2271 2111 2336 ius
2162 2274 2232 2335 et
2275 2272 2377 2335 in-

327 2360 566 2425 iuriam
622 2360 847 2443 quaeri
898 2380 1223 2444 nusquam
1287 2364 1607 2446 putarunt
1670 2365 1995 2443 oportere,
2059 2358 2175 2423 sed
2239 2381 2378 2443 eos,

330 2447 440 2532 qui
477 2448 679 2512 armis
728 2468 924 2531 quam
969 2448 1107 2512 iure
1154 2469 1351 2534 agere
1398 2448 1800 2531 maluissent,
1845 2447 1925 2511 de
1970 2449 2112 2512 iure
2159 2452 2230 2513 et
2275 2448 2374 2512 in·
2406 2463 2462 2503 25

327 2535 499 2599 iuria
545 2535 878 2617 disputare
922 2537 1290 2601 noluerunt.
1362 2536 1590 2621 Neque
1633 2536 1780 2601 ideo
1827 2534 1906 2600 de
1948 2536 2192 2601 iniuria
2237 2557 2379 2601 non

328 2622 739 2706 addiderunt,
786 2624 959 2708 quod
1002 2624 1073 2689 in
1119 2624 1267 2689 aliis
1313 2625 1509 2689 rebus
1555 2646 1685 2689 non
1735 2623 2072 2708 adderent,
2125 2624 2243 2689 sed
2287 2646 2376 2689 116

325 2710 457 2795 ipsi
500 2710 864 2775 iudicarent
907 2733 1101 2795 posse
1136 2712 1438 2778 homines
1477 2734 1700 2777 servos
1735 2712 1877 2777 iure
1911 2733 2099 2777 arma
2133 2734 2376 2795 capere

328 2802 395 2861 et
439 2819 707 2863 manum
752 2820 1011 2883 cogere,
1064 2822 1273 2885 neque
1331 2802 1505 2885 quod
1558 2804 1892 2886 putarent,
1957 2801 2015 2866 si
2069 2799 2374 2866 additum

328 2889 528 2970 esset,
580 2908 773 2970 posse
830 2888 954 2953 hoc
1006 2888 1253 2953 talibus
1311 2889 1469 2955 viris
1525 2888 1903 2973 persuaderi
1946 2910 2082 2954 non
2125 2888 2376 2955 iniuria
2403 2905 2458 2946 8⁰

326 2974 601 3056 factum,
660 2975 771 3039 sed
829 2997 911 3040 116
968 2976 1137 3060 quod
1194 2981 1419 3041 tamen
1479 2981 1736 3042 scutum
1791 2976 1946 3041 dare
2000 2978 2071 3041 in
2125 2976 2374 3043 iudicio

222 3111 305 3174 19
326 3062 702 3127 viderentur
754 3062 864 3147 iis,
928 3086 1093 3148 quos
1154 3070 1422 3148 propter
1475 3066 1638 3130 haec
1693 3087 1878 3129 arma
1931 3065 2003 3129 in
2054 3064 2374 3131 iudicium

222 3187 287 3235 44
327 3150 755 3217 vocavissent.
872 3152 1028 3217 Fuit
1107 3151 1277 3217 illud
1345 3153 1765 3218 interdictum
1837 3152 2012 3237 apud
2085 3154 2373 3219 maiores

322 3243 585 3304 nostros
634 3239 711 3303 de
757 3240 853 3323 vi,
900 3240 1073 3324 quod
1117 3240 1313 3306 hodie
1359 3262 1612 3325 quoque
1659 3245 1786 3306 est:
1829 3240 2040 3307 UNDE
2087 3259 2183 3307 TU
2229 3260 2372 3308 Am·

324 3343 619 3391 FAMILIA
658 3344 795 3393 Am·
830 3346 1302 3395 PROCURATOR
1337 3346 1516 3395 ‘runs
1564 3347 1784 3394 ILLUM
1828 3347 1966 3395 Am·
2011 3346 2370 3395 FAmLIAM
2399 3346 2448 3386 ³⁵

325 3431 467 3479 Am*
526 3432 1098 3484 PROCURATOREM
1154 3434 1385 3483 ILLIUS
1445 3434 1521 3481 IN
1581 3434 1726 3483 Hoc
1785 3434 1978 3483 ANNO
2034 3436 2110 3483 111
2165 3436 2372 3483 Dam-

324 3517 523 3567 clsTI.
614 3502 864 3571 Deinde
912 3505 1171 3572 additur
1216 3505 1400 3572 illius
1455 3504 1589 3571 iam
1644 3505 1770 3571 hoc
1823 3526 2048 3590 causa,
2101 3506 2370 3591 quicum
