2534 3875
801 160 955 215 CAP.
999 166 1208 215 10—12
1249 166 1279 226 ἓ
1321 167 1550 216 28-33,
2104 162 2191 225 85

141 303 472 389 plurimos
529 304 761 368 hostes
809 303 890 368 ab
936 303 1063 369 hoc
1110 308 1457 389 superatos
1504 308 2002 389 prostratosque
2047 326 2193 370 con-

141 393 383 477 spexit3
439 391 644 457 testis
701 395 803 455 est
847 392 1085 457 iterum
1133 397 1200 458 et
1248 393 1507 476 saepius
1552 393 1777 475 Italia,
1835 414 1999 477 quae
2047 416 2193 459 cum

143 480 369 545 servili
415 480 603 545 bello
650 482 866 544 taetro
912 481 1407 564 periculosoque
1453 484 1883 565 premeretur,
1939 482 2021 546 ab
2068 482 2193 547 hoc

145 569 469 634 auxilium
518 569 790 633 absente
828 569 1161 652 expetivit,
1209 568 1383 653 quod
1418 570 1668 636 bellum
1707 570 2194 653 exspectatione

91 674 116 715 ⁵
144 658 284 722 eius
331 659 754 722 attenuatum
803 659 997 739 atque
1035 657 1455 721 imminutum
1494 662 1611 741 est,
1658 658 1942 723 adventu
1978 658 2193 723 subla-

143 751 291 811 tum
348 766 428 809 ac
490 744 850 830 sepultum3
906 747 1108 809 testes
1164 766 1336 810 nunc
1381 767 1536 811 vero
1582 748 1717 810 iam
1764 767 1989 810 omnes
2042 750 2194 809 sunt
2226 763 2294 813 31

145 855 301 898 orae
349 836 552 918 atque
600 853 824 897 omnes
871 836 1128 897 exterae
1176 838 1404 935 gentes
1442 857 1517 899 ac
1551 834 1872 917 nationeS,
1920 833 2192 917 denique

145 921 360 987 maria
399 921 622 986 omnia
657 942 806 985 cum
841 921 1160 1005 universa,
1195 923 1396 985 tum
1376 945 1449 986 m
1486 922 1765 1008 singulis
1805 922 1936 987 oris
1968 944 2193 986 omnes

146 1012 330 1075 sinus
388 1014 588 1096 atque
641 1011 888 1092 portus
981 1007 1139 1084 Quis
1196 1010 1369 1073 enim
1424 1013 1570 1075 toto
1625 1013 1793 1075 mari
1840 1010 2024 1076 100113
2080 1032 2196 1094 per

73 1116 120 1155 ιο
147 1099 269 1163 1103
309 1119 521 1163 annos
561 1101 676 1163 aut
711 1100 851 1161 tam
887 1096 1150 1162 firmum
1186 1096 1422 1164 habuit
1456 1098 1871 1182 praesidium,
1907 1102 1983 1162 ut
2010 1101 2195 1163 tutus

150 1190 352 1269 esset,
410 1190 527 1250 aut
578 1189 718 1250 tam
770 1184 901 1250 fuit
961 1186 1222 1251 abditus
1232 1236 1250 1269 ,
1307 1190 1381 1250 ut
1436 1187 1717 1251 lateret?
1811 1186 1971 1263 Quis
2016 1187 2194 1251 navi-

150 1276 366 1361 gavit,
422 1274 536 1358 qui
589 1295 726 1338 non
779 1294 851 1337 se
905 1277 1020 1337 aut
1075 1276 1326 1352 mortis¹
1357 1278 1473 1339 aut
1520 1276 1859 1340 servitutis
1905 1275 2194 1359 periculo

149 1364 623 1443 committeret,
677 1383 824 1427 cum
881 1366 996 1426 aut
1048 1362 1259 1426 hieme
1317 1366 1431 1426 aut
1483 1362 1729 1428 referto
1792 1362 2192 1447 praedonum

149 1452 321 1515 mari
365 1450 757 1535 navigaret?
821 1448 966 1514 Hoc
1013 1454 1269 1514 tantum
1308 1451 1577 1534 bellum,
1621 1455 1761 1516 tam
1799 1455 2009 1535 turpe,
2056 1457 2195 1516 tam

75 1556 124 1597 15
155 1544 365 1622 vetuS,
402 1542 544 1603 tam
579 1539 714 1602 late
752 1537 1030 1602 divisum
1070 1542 1266 1621 atque
1305 1538 1671 1623 dispersum
1710 1539 1854 1623 quis
1882 1561 2195 1623 umquam

151 1628 591 1692 arbitraretur
640 1629 757 1690 aut
801 1626 884 1690 ab
933 1626 1236 1691 omnibus
1283 1627 1793 1711 imperatoribus
1841 1648 1973 1691 uno
2023 1649 2193 1692 anno

154 1720 269 1780 aut
324 1714 630 1780 omnibus
687 1713 876 1779 annis
936 1714 1020 1779 ab
1065 1737 1195 1779 uno
1242 1715 1635 1799 imperatore
1684 1714 1915 1780 confici
1958 1716 2194 1797 posse?

153 1802 366 1880 Quam
411 1803 816 1888 provinciam
863 1803 1166 1868 tenuistis
1213 1825 1254 1867 a
1288 1803 1727 1888 praedonibus
1765 1803 2039 1867 liberam
2076 1824 2196 1887 per
2226 1822 2295 1871 32

152 1893 352 1959 hosce
412 1891 666 1957 annos‘?
725 1890 895 1976 quod
943 1892 1227 1978 vectigal
1274 1892 1463 1957 vobis
1511 1894 1729 1957 tutum
1775 1890 1947 1956 fuit?
2002 1912 2196 1974 quem

77 1999 128 2038 ²0
153 1982 406 2049 socium
480 1979 907 2045 defendistis?
982 1981 1086 2045 cui
1157 1980 1486 2064 praesidio
1560 1980 1882 2046 classibus
1956 1979 2195 2044 vestris

153 2070 420 2136 fuistis?
461 2091 657 2152 quam
703 2068 948 2133 multas
985 2069 1375 2134 existimatis
1415 2069 1665 2134 insulas
1704 2089 1847 2134 esse
1887 2068 2195 2151 desertaS,

155 2181 352 2244 quam
416 2158 658 2222 multas
723 2160 840 2221 aut
904 2161 1084 2221 metu
1145 2157 1413 2222 relictas
1478 2161 1591 2222 aut
1662 2179 1701 2221 a
1756 2155 2193 2241 praedonibus

153 2251 384 2331 captas
441 2246 636 2310 urbes
685 2266 826 2310 esse
871 2244 1245 2310 sociorum?
1320 2244 1445 2310 Sed
1484 2246 1637 2329 quid
1676 2265 1799 2330 ego
1837 2244 2197 2330 longinqua
2216 2243 2299 2306 12

155 2334 643 2400 commemoro?
689 2333 844 2398 Fuit
878 2332 1004 2398 1100
1043 2333 1389 2417 quondam,
1426 2333 1554 2399 fuit
1588 2332 1929 2418 proprium
1967 2332 2196 2417 populi

80 2439 128 2480 ²⁵
153 2423 464 2506 Romani,
517 2422 713 2505 longe
770 2443 810 2485 a
865 2421 1058 2486 domo
1111 2422 1360 2486 bellare
1407 2425 1475 2486 et
1520 2421 2029 2507 propugnaculis
2078 2421 2195 2485 im-

201 2511 322 2576 erii
395 2510 720 2576 sociorum
790 2509 1114 2593 fortunas,
1185 2531 1321 2575 non
1394 2533 1513 2574 sua
1582 2513 1761 2575 tecta
1836 2507 2195 2575 defendere.

154 2535 366 2665 {ociis
405 2618 531 2683 ego
576 2597 820 2662 nostris
868 2620 1047 2662 mare
1093 2620 1210 2683 per
1253 2599 1377 2663 1103
1418 2619 1623 2664 annos
1663 2601 1955 2664 clausum
1990 2596 2194 2662 fuisse

157 2688 399 2788 dicam,
463 2707 609 2750 011111
675 2686 994 2751 exercitus
1059 2687 1264 2751 vestri
1330 2708 1690 2770 numquam
1746 2709 1787 2751 a
1840 2684 2194 2750 Brundisio

155 2774 286 2839 nisi
350 2773 566 2839 hieme
631 2795 888 2839 summa
949 2774 1479 2840 transmiserint?
1591 2773 1715 2850 Qui
1781 2774 1864 2839 ad
1926 2796 2048 2839 vos
2112 2775 2194 2840 ab

80 2881 130 2921 ³0
157 2861 396 2929 exteris
442 2862 822 2928 nationibus
860 2862 1178 2947 venirent,
1224 2867 1455 2947 captos
1504 2885 1758 2948 querar,
1805 2884 1953 2929 cum
1990 2863 2196 2946 legati

159 2950 385 3036 populi
439 2950 722 3015 Romani
786 2950 1109 3035 redempti
1163 2951 1347 3016 sint?
1447 2950 1923 3016 Mercatoribus
1975 2952 2197 3014 tutum

160 3059 338 3104 mare
403 3060 534 3103 non
601 3038 805 3104 fuisse
871 3038 1106 3117 dicam,
1184 3061 1335 3104 cum
1406 3038 1742 3104 duodecim
1806 3060 2062 3104 secures
2127 3039 2198 3102 in

158 3127 558 3212 praedonum
595 3130 992 3211 potestatem
1029 3127 1489 3210 pervenerint?
1548 3126 1825 3196 Cnidum
1865 3130 1980 3191 aut
2008 3122 2196 3189 Colo·
2233 3139 2303 3188 33

161 3216 446 3300 phonem
506 3220 622 3279 aut
681 3214 974 3298 Samum,
1032 3215 1481 3280 nobilissimas
1542 3216 1762 3298 urbeS,
1832 3214 2195 3278 innumera-

83 3319 132 3360 85
161 3304 456 3387 bilesque
502 3303 668 3368 alias
717 3307 944 3386 captas
989 3325 1132 3368 esse
1170 3324 1701 3385 commemorem,
1748 3323 1895 3366 cum
1944 3302 2195 3365 vestros

159 3396 390 3476 portus
457 3395 653 3476 atque
718 3412 829 3457 003
878 3396 1106 3475 portus
1117 3441 1135 3474 ,
1202 3391 1439 3474 quibus
1496 3393 1705 3456 vitam
1761 3411 1837 3454 ac
1892 3387 2197 3472 spiritum

161 3479 422 3564 ducitis,
482 3479 553 3544 in
616 3480 1018 3565 praedonum
1074 3479 1276 3544 fuisse
1330 3481 1662 3563 potestate
1720 3475 1986 3541 sciatis}>
2088 3475 2195 3538 An
