2534 3875
360 186 493 253 366
961 184 1102 241 PRO
1141 184 1200 241 P.
1241 185 1481 241 SULLA
1520 185 1809 241 ORAT10.

251 333 336 397 27
361 331 687 397 multavit.
774 331 856 395 In
899 330 1023 395 hoc
1070 351 1188 397 vos
1234 330 1513 414 pudore,
1556 329 1818 415 iudices,
1864 336 1932 395 et
1974 331 2045 394 in
2089 330 2210 395 hac
2257 331 2407 395 vita

253 701 320 750 75

253 1757 321 1806 76

257 3557 323 3604 ’Π

357 424 545 485 tanto
601 420 832 486 sceleri
890 420 1104 484 locum
1159 418 1362 483 fuisse
1417 418 1727 483 creditis?
1819 417 2114 503 Aspicite
2161 418 2405 503 ipsum,

356 508 755 575 contuemini
809 530 882 573 os
891 559 909 592 ,
964 506 1253 587 conferte
1311 506 1555 572 crimen
1610 528 1758 571 cum
1818 506 1983 591 vita,
2047 507 2256 571 vitam
2317 508 2404 571 ab

355 597 544 661 initio
590 618 793 681 usque
850 597 931 661 ad
985 596 1112 661 hoc
1165 598 1427 680 tempus
1488 596 1879 679 explicatam
1926 616 2075 661 cum
2123 595 2403 661 crimine

357 685 826 771 recognoscite.
918 684 1116 748 Mitto
1161 705 1301 747 rem
1346 682 1701 767 publicam,
1754 705 1920 767 quae
1962 682 2093 748 fuit
2139 704 2406 769 semper
2433 700 2459 740 5

359 772 578 838 Sullae
625 774 993 855 carissima3
1039 772 1244 836 hosne
1283 771 1547 854 amicos,
1593 772 1763 835 tales
1799 773 1997 855 viros,
2042 774 2182 836 tam
2220 772 2405 857 cupi-

358 862 474 927 dos
531 862 658 945 sui,
712 882 830 945 per
886 882 1047 943 quos
1106 881 1211 923 res
1269 860 1409 923 eius
1465 859 1785 924 secundae
1830 858 2160 943 quondam
2205 864 2407 925 erant

357 954 643 1032 ornatae,
680 969 852 1013 nunc
881 948 1307 1013 sublevantur
1335 947 1666 1031 adversae,
1703 948 2152 1024 crudelissime
2180 950 2405 1033 perire

357 1038 595 1120 voluit,
649 1041 724 1101 ut
778 1058 926 1100 cum
982 1035 1259 1100 Lentulo
1319 1039 1385 1100 et
1442 1033 1729 1100 Catilina
1788 1040 1856 1101 et
1910 1034 2205 1122 Cethego
2267 1036 2405 1102 foe·

358 1126 699 1190 dissimam
743 1126 951 1189 vitam
998 1146 1074 1189 ac
1111 1125 1543 1188 miserrimam
1579 1124 1963 1209 turpissima
2002 1129 2211 1189 morte
2250 1146 2407 1209 pro·
2438 1142 2485 1182 ιο

357 1212 574 1298 posita
629 1212 939 1299 degeret?
1037 1210 1216 1293 Non,
1281 1212 1573 1296 inquam,
1628 1212 1803 1276 cadit
1855 1212 1925 1276 in
1977 1212 2099 1277 hos
2160 1234 2408 1295 mores,

357 1323 492 1366 non
544 1301 615 1366 in
667 1301 839 1365 hunc
893 1300 1236 1385 pudorem,
1301 1322 1435 1365 non
1490 1300 1559 1363 in
1613 1300 1783 1365 hanc
1837 1301 2072 1383 vitam,
2136 1322 2277 1366 non
2336 1302 2407 1365 in

356 1390 530 1454 hunc
587 1390 918 1453 hominem
973 1389 1101 1453 ista
1149 1389 1451 1472 suspicio.
1533 1386 1725 1453 Nova
1772 1389 2087 1471 quaedam
2134 1389 2261 1453 illa
2309 1390 2405 1453 in-

358 1477 643 1542 manitas
717 1482 944 1542 exorta
1016 1480 1142 1561 est,
1213 1476 1615 1540 incredibilis
1686 1476 1816 1540 fuit
1888 1498 1963 1542 ac
2036 1478 2403 1562 singularis

357 1565 565 1646 furor,
621 1587 698 1630 ex
754 1566 980 1630 multis
1028 1566 1112 1630 ab
1159 1564 1603 1629 adulescentia
1650 1564 1943 1629 collectis
1988 1565 2403 1649 perditorum
2436 1583 2483 1623 ιδ

358 1655 697 1719 hominum
745 1653 924 1718 vitiis
980 1657 1243 1737 repente
1300 1654 1429 1717 ista
1482 1656 1669 1717 tanta
1713 1654 2158 1737 inportunitas
2206 1654 2401 1719 inau-

359 1742 481 1807 diti
517 1742 780 1807 sceleris
809 1741 1072 1806 exarsit.
1135 1740 1381 1823 Nolite,
1416 1741 1677 1823 iudices,
1717 1741 2027 1805 arbitrari
2054 1742 2404 1807 hominum

357 1830 548 1895 illum
615 1831 934 1915 impetum
991 1832 1058 1895 et
1113 1833 1419 1894 conatum
1472 1828 1675 1895 fuisse
1733 1826 1970 1915 (neque
2026 1830 2200 1894 enim
2259 1832 2406 1895 ulla

361 1940 521 2005 gens
567 1921 708 1984 tam
753 1918 1039 1984 barbara
1085 1921 1198 1983 aut
1241 1921 1380 1983 tam
1427 1918 1731 1982 immanis
1778 1941 2089 2003 umquam
2132 1918 2282 2003 fuit,
2334 1920 2403 1984 in

361 2029 488 2091 qua
562 2028 696 2072 non
762 2007 954 2071 modo
1018 2010 1152 2090 tot,
1225 2007 1337 2071 sed
1402 2029 1567 2072 unus
1632 2011 1770 2070 tam
1834 2006 2117 2072 crudelis
2181 2007 2400 2073 hostis
2430 2027 2479 2065 20

359 2097 611 2180 patriae
668 2096 758 2159 sit
808 2092 1174 2180 inventus),
1239 2096 1470 2159 beluae
1526 2097 1846 2178 quaedam
1900 2096 2055 2160 illae
2109 2117 2188 2160 ex
2242 2119 2401 2181 por-

359 2184 560 2248 tentis
639 2183 957 2248 immanes
1041 2204 1116 2248 ac
1187 2182 1365 2248 ferae
1435 2182 1651 2247 forma
1720 2183 2059 2248 hominum
2129 2183 2401 2250 indutae

362 2273 733 2337 extiterunt.
855 2271 1214 2356 Perspicite
1290 2270 1491 2336 etiam
1563 2275 1759 2355 atque
1832 2272 2057 2355 etiam,
2130 2272 2401 2355 iudiceS,

360 2358 556 2444 (nihil
611 2361 784 2424 enim
841 2361 968 2444 est,
1025 2359 1197 2444 quod
1243 2360 1316 2423 in
1359 2359 1485 2424 hac
1530 2381 1727 2424 causa
1772 2359 1897 2424 dici
1942 2360 2157 2444 possit
2202 2362 2400 2426 vehe-

360 2447 672 2534 mentius)
693 2447 952 2532 penitus
972 2447 1384 2531 introspicite
1404 2446 1744 2532 Catilinae,
1765 2446 2075 2527 Autroni,
2096 2447 2399 2536 Cethegi,
2424 2465 2471 2506 2⁵

359 2534 620 2600 Lentuli
676 2539 1164 2620 ceterorumque
1221 2539 1498 2619 mentes;
1565 2557 1725 2620 quas
1782 2557 1899 2602 vos
1954 2535 2026 2600 in
2078 2536 2184 2603 his
2249 2537 2400 2603 libi-

361 2623 562 2701 dines,
601 2645 763 2708 quae
793 2624 1062 2705 flagitia,
1092 2644 1254 2707 quas
1282 2623 1735 2707 turpitudines,
1765 2629 2046 2708 quantas
2076 2625 2401 2710 audacias,

363 2733 558 2794 quam
595 2711 1006 2776 incredibiles
1042 2711 1316 2795 furoreS,
1364 2733 1527 2796 quas
1563 2715 1756 2776 notas
1793 2711 2180 2796 facinorum,
2230 2736 2399 2799 quae

359 2799 599 2864 indicia
643 2800 1158 2883 parricidiorum,
1205 2805 1486 2884 quantos
1534 2821 1799 2865 acervos
1849 2801 2167 2866 scelerum
2214 2825 2397 2888 repe-

359 2887 569 2952 rietis!
660 2887 762 2952 Ex
809 2888 1065 2974 magnis
1112 2891 1180 2951 et
1226 2887 1549 2952 diuturnis
1597 2893 1664 2953 et
1708 2890 1840 2953 iam
1888 2889 2253 2972 desperatis
2301 2894 2474 2955 reiso

359 2975 660 3059 publicae
715 2977 963 3041 morbis
1019 2977 1150 3040 ista
1204 2980 1471 3059 repente
1527 2980 1625 3041 vis
1680 2977 1922 3061 erupit,
1986 2982 2062 3042 ut
2117 2999 2197 3042 ea
2249 3001 2398 3044 con-

359 3063 533 3128 fecta
579 3068 647 3128 et
683 3064 890 3129 eiecta
927 3065 1374 3129 convalescere
1413 3065 1761 3150 aliquando
1802 3068 1867 3129 et
1904 3066 2125 3130 sanari
2160 3066 2397 3133 civitas

362 3156 612 3235 posset3
657 3173 866 3236 neque
914 3153 1088 3217 enim
1136 3158 1237 3216 est
1284 3153 1654 3237 quisquam,
1702 3155 1813 3238 qui
1860 3154 2215 3219 arbitretur
2259 3155 2397 3220 illis

359 3240 630 3305 inclusis
704 3240 773 3303 in
846 3261 916 3304 re
990 3240 1254 3324 publica
1326 3242 1621 3326 pestibus
1687 3242 1933 3306 diutius
1995 3242 2157 3306 haec
2222 3247 2397 3308 stare

359 3329 672 3412 potuisse.
763 3329 995 3412 Itaque
1043 3349 1154 3393 eos
1200 3351 1333 3394 non
1380 3329 1462 3393 ad
1508 3329 1969 3412 perficiendum
2018 3331 2244 3409 scelus,
2284 3334 2395 3396 sed
2422 3347 2470 3389 ³⁵

364 3415 446 3478 ad
500 3416 770 3480 luendas
828 3417 924 3480 rei
979 3416 1281 3499 publicae
1333 3438 1577 3501 poenas
1630 3415 1867 3483 Furiae
1926 3418 2246 3503 quaedam
2299 3420 2397 3485 in-

363 3503 741 3568 citaverunt.
798 3501 878 3567 In
913 3502 1086 3568 hunc
1122 3504 1329 3588 igitur
1365 3525 1625 3590 gregem
1667 3527 1784 3570 vos
1820 3527 1991 3571 nunc
2026 3505 2097 3572 P.
2125 3505 2399 3594 Sullam,
