<?xml version="1.0" encoding="UTF-8"?>
<!DOCTYPE html PUBLIC "-//W3C//DTD XHTML 1.0 Transitional//EN"
    "http://www.w3.org/TR/xhtml1/DTD/xhtml1-transitional.dtd">
<html xmlns="http://www.w3.org/1999/xhtml" xml:lang="en" lang="en">
 <head>
  <title>
</title>
<meta http-equiv="Content-Type" content="text/html;charset=utf-8" />
  <meta name='ocr-system' content='tesseract 3.04.00' />
  <meta name='ocr-capabilities' content='ocr_page ocr_carea ocr_par ocr_line ocrx_word'/>
</head>
<body>
  <div class='ocr_page' id='page_1' title='image "./scriptaquaemans03mlgoog_0438.png"; bbox 0 0 2534 3875; ppageno 0'>
   <div class='ocr_carea' id='block_1_1' title="bbox 263 817 297 867">
    <p class='ocr_par' dir='ltr' id='par_1_1' title="bbox 263 817 297 867">
     <span class='ocr_line' id='line_1_1' title="bbox 263 817 297 867; baseline 0 0"><span class='ocrx_word' id='word_1_1' title='bbox 263 817 297 867; x_wconf 80' lang='lat'>2</span> 
     </span>
    </p>
   </div>
   <div class='ocr_carea' id='block_1_2' title="bbox 261 2280 305 2406">
    <p class='ocr_par' dir='ltr' id='par_1_2' title="bbox 261 2280 305 2406">
     <span class='ocr_line' id='line_1_2' title="bbox 261 2280 305 2406; textangle 90"><span class='ocrx_word' id='word_1_2' title='bbox 261 2280 305 2406; x_wconf 63' lang='lat' dir='ltr'>ww</span> 
     </span>
    </p>
   </div>
   <div class='ocr_carea' id='block_1_3' title="bbox 330 215 1792 305">
    <p class='ocr_par' dir='ltr' id='par_1_3' title="bbox 330 215 1792 305">
     <span class='ocr_line' id='line_1_3' title="bbox 330 215 1792 305; baseline -0.003 -29"><span class='ocrx_word' id='word_1_3' title='bbox 330 217 466 282; x_wconf 80' lang='lat'>300</span> <span class='ocrx_word' id='word_1_4' title='bbox 776 301 781 305; x_wconf 11' lang='grc' dir='ltr'><strong>ἡ</strong></span> <span class='ocrx_word' id='word_1_5' title='bbox 893 217 1034 273; x_wconf 82' lang='lat' dir='ltr'>PRO</span> <span class='ocrx_word' id='word_1_6' title='bbox 1071 219 1134 274; x_wconf 88' lang='lat' dir='ltr'>L.</span> <span class='ocrx_word' id='word_1_7' title='bbox 1172 215 1483 272; x_wconf 87' lang='lat' dir='ltr'><strong>MURENA</strong></span> <span class='ocrx_word' id='word_1_8' title='bbox 1521 215 1792 272; x_wconf 87' lang='lat' dir='ltr'><strong>ORATIO</strong></span> 
     </span>
    </p>
   </div>
   <div class='ocr_carea' id='block_1_4' title="bbox 332 355 2463 3619">
    <p class='ocr_par' dir='ltr' id='par_1_4' title="bbox 332 355 2460 1485">
     <span class='ocr_line' id='line_1_4' title="bbox 332 355 2442 447; baseline 0 -19"><span class='ocrx_word' id='word_1_9' title='bbox 332 362 745 447; x_wconf 89' lang='lat' dir='ltr'>cordiamque</span> <span class='ocrx_word' id='word_1_10' title='bbox 792 361 1062 427; x_wconf 83' lang='lat' dir='ltr'>adferat.</span> <span class='ocrx_word' id='word_1_11' title='bbox 1136 361 1382 438; x_wconf 85' lang='lat' dir='ltr'><strong>Quodsi</strong></span> <span class='ocrx_word' id='word_1_12' title='bbox 1417 361 1535 425; x_wconf 92' lang='lat' dir='ltr'>illa</span> <span class='ocrx_word' id='word_1_13' title='bbox 1573 360 1907 424; x_wconf 89' lang='lat' dir='ltr'>sollemnis</span> <span class='ocrx_word' id='word_1_14' title='bbox 1946 358 2370 428; x_wconf 86' lang='lat' dir='ltr'>comitiorum</span> <span class='ocrx_word' id='word_1_15' title='bbox 2431 355 2442 362; x_wconf 67' lang='grc'><strong>’</strong></span> 
     </span>
     <span class='ocr_line' id='line_1_5' title="bbox 332 447 2372 535; baseline -0.001 -21"><span class='ocrx_word' id='word_1_16' title='bbox 332 448 621 535; x_wconf 88' lang='lat' dir='ltr'>precatio</span> <span class='ocrx_word' id='word_1_17' title='bbox 660 449 1107 515; x_wconf 87' lang='lat' dir='ltr'>consularibus</span> <span class='ocrx_word' id='word_1_18' title='bbox 1138 449 1443 534; x_wconf 81' lang='lat' dir='ltr'>auspiciis</span> <span class='ocrx_word' id='word_1_19' title='bbox 1474 452 1852 514; x_wconf 87' lang='lat' dir='ltr'>consecrata</span> <span class='ocrx_word' id='word_1_20' title='bbox 1878 451 2132 513; x_wconf 83' lang='lat' dir='ltr'>tantam</span> <span class='ocrx_word' id='word_1_21' title='bbox 2161 447 2372 512; x_wconf 87' lang='lat' dir='ltr'>habet</span> 
     </span>
     <span class='ocr_line' id='line_1_6' title="bbox 333 535 2370 622; baseline -0.001 -19"><span class='ocrx_word' id='word_1_22' title='bbox 333 539 401 603; x_wconf 90' lang='lat' dir='ltr'>in</span> <span class='ocrx_word' id='word_1_23' title='bbox 438 560 508 603; x_wconf 90' lang='lat' dir='ltr'>se</span> <span class='ocrx_word' id='word_1_24' title='bbox 543 539 679 603; x_wconf 82' lang='lat' dir='ltr'>vim</span> <span class='ocrx_word' id='word_1_25' title='bbox 717 542 783 603; x_wconf 90' lang='lat' dir='ltr'>et</span> <span class='ocrx_word' id='word_1_26' title='bbox 819 538 1219 622; x_wconf 83' lang='lat' dir='ltr'>religionem,</span> <span class='ocrx_word' id='word_1_27' title='bbox 1255 541 1569 622; x_wconf 86' lang='lat' dir='ltr'>quantam</span> <span class='ocrx_word' id='word_1_28' title='bbox 1607 538 1702 601; x_wconf 88' lang='lat' dir='ltr'>rei</span> <span class='ocrx_word' id='word_1_29' title='bbox 1740 537 2037 621; x_wconf 89' lang='lat' dir='ltr'>publicae</span> <span class='ocrx_word' id='word_1_30' title='bbox 2073 535 2370 618; x_wconf 76' lang='lat' dir='ltr'>dignitas</span> 
     </span>
     <span class='ocr_line' id='line_1_7' title="bbox 333 624 2374 712; baseline -0.002 -20"><span class='ocrx_word' id='word_1_31' title='bbox 333 628 643 712; x_wconf 84' lang='lat' dir='ltr'>postulat,</span> <span class='ocrx_word' id='word_1_32' title='bbox 687 627 860 692; x_wconf 91' lang='lat' dir='ltr'>idem</span> <span class='ocrx_word' id='word_1_33' title='bbox 908 647 1031 712; x_wconf 86' lang='lat' dir='ltr'>ego</span> <span class='ocrx_word' id='word_1_34' title='bbox 1080 648 1222 690; x_wconf 90' lang='lat' dir='ltr'>sum</span> <span class='ocrx_word' id='word_1_35' title='bbox 1259 629 1582 709; x_wconf 76' lang='lat' dir='ltr'><strong>precatus,</strong></span> <span class='ocrx_word' id='word_1_36' title='bbox 1626 629 1700 690; x_wconf 90' lang='lat' dir='ltr'>ut</span> <span class='ocrx_word' id='word_1_37' title='bbox 1735 626 1826 689; x_wconf 89' lang='lat' dir='ltr'>eis</span> <span class='ocrx_word' id='word_1_38' title='bbox 1867 645 2120 710; x_wconf 88' lang='lat' dir='ltr'>quoque</span> <span class='ocrx_word' id='word_1_39' title='bbox 2157 624 2374 689; x_wconf 91' lang='lat' dir='ltr'>homi-</span> 
     </span>
     <span class='ocr_line' id='line_1_8' title="bbox 332 713 2434 798; baseline -0.001 -20"><span class='ocrx_word' id='word_1_40' title='bbox 332 715 557 798; x_wconf 89' lang='lat' dir='ltr'>nibus,</span> <span class='ocrx_word' id='word_1_41' title='bbox 612 715 848 798; x_wconf 89' lang='lat' dir='ltr'>quibus</span> <span class='ocrx_word' id='word_1_42' title='bbox 892 713 1000 779; x_wconf 89' lang='lat' dir='ltr'>hie</span> <span class='ocrx_word' id='word_1_43' title='bbox 1046 713 1422 779; x_wconf 85' lang='lat' dir='ltr'>consulatus</span> <span class='ocrx_word' id='word_1_44' title='bbox 1467 735 1570 777; x_wconf 89' lang='lat' dir='ltr'>me</span> <span class='ocrx_word' id='word_1_45' title='bbox 1616 717 1890 798; x_wconf 77' lang='lat' dir='ltr'><strong>rogante</strong></span> <span class='ocrx_word' id='word_1_46' title='bbox 1936 713 2124 777; x_wconf 89' lang='lat' dir='ltr'>datus</span> <span class='ocrx_word' id='word_1_47' title='bbox 2171 716 2372 792; x_wconf 86' lang='lat' dir='ltr'>esset,</span> <span class='ocrx_word' id='word_1_48' title='bbox 2401 728 2434 769; x_wconf 84' lang='lat'>5</span> 
     </span>
     <span class='ocr_line' id='line_1_9' title="bbox 337 798 2372 887; baseline -0.001 -19"><span class='ocrx_word' id='word_1_49' title='bbox 337 825 414 868; x_wconf 91' lang='lat' dir='ltr'>ea</span> <span class='ocrx_word' id='word_1_50' title='bbox 476 824 580 868; x_wconf 90' lang='lat' dir='ltr'>res</span> <span class='ocrx_word' id='word_1_51' title='bbox 644 803 883 886; x_wconf 85' lang='lat' dir='ltr'>fauste,</span> <span class='ocrx_word' id='word_1_52' title='bbox 947 800 1227 867; x_wconf 78' lang='lat' dir='ltr'>feliciter</span> <span class='ocrx_word' id='word_1_53' title='bbox 1291 821 1725 887; x_wconf 85' lang='lat' dir='ltr'>prospereque</span> <span class='ocrx_word' id='word_1_54' title='bbox 1779 802 2080 866; x_wconf 84' lang='lat' dir='ltr'>eveniret.</span> <span class='ocrx_word' id='word_1_55' title='bbox 2181 798 2372 876; x_wconf 81' lang='lat' dir='ltr'>Quae</span> 
     </span>
     <span class='ocr_line' id='line_1_10' title="bbox 340 887 2372 972; baseline -0.001 -16"><span class='ocrx_word' id='word_1_56' title='bbox 340 913 487 956; x_wconf 91' lang='lat' dir='ltr'>cum</span> <span class='ocrx_word' id='word_1_57' title='bbox 542 891 639 956; x_wconf 82' lang='lat' dir='ltr'>ita</span> <span class='ocrx_word' id='word_1_58' title='bbox 685 890 844 972; x_wconf 90' lang='lat' dir='ltr'>sint,</span> <span class='ocrx_word' id='word_1_59' title='bbox 897 889 1165 972; x_wconf 76' lang='lat' dir='ltr'>iudiceS,</span> <span class='ocrx_word' id='word_1_60' title='bbox 1220 893 1288 954; x_wconf 92' lang='lat' dir='ltr'>et</span> <span class='ocrx_word' id='word_1_61' title='bbox 1333 912 1480 955; x_wconf 89' lang='lat' dir='ltr'>cum</span> <span class='ocrx_word' id='word_1_62' title='bbox 1527 889 1738 954; x_wconf 88' lang='lat' dir='ltr'>omnis</span> <span class='ocrx_word' id='word_1_63' title='bbox 1784 888 2052 954; x_wconf 88' lang='lat' dir='ltr'>deorum</span> <span class='ocrx_word' id='word_1_64' title='bbox 2094 887 2372 954; x_wconf 90' lang='lat' dir='ltr'>immor-</span> 
     </span>
     <span class='ocr_line' id='line_1_11' title="bbox 338 977 2372 1062; baseline -0.001 -19"><span class='ocrx_word' id='word_1_65' title='bbox 338 980 575 1044; x_wconf 88' lang='lat' dir='ltr'>talium</span> <span class='ocrx_word' id='word_1_66' title='bbox 637 982 932 1062; x_wconf 84' lang='lat' dir='ltr'>potestas</span> <span class='ocrx_word' id='word_1_67' title='bbox 998 980 1114 1042; x_wconf 84' lang='lat' dir='ltr'>aut</span> <span class='ocrx_word' id='word_1_68' title='bbox 1169 979 1495 1042; x_wconf 85' lang='lat' dir='ltr'>translata</span> <span class='ocrx_word' id='word_1_69' title='bbox 1559 977 1648 1042; x_wconf 91' lang='lat' dir='ltr'>sit</span> <span class='ocrx_word' id='word_1_70' title='bbox 1711 977 1792 1042; x_wconf 90' lang='lat' dir='ltr'>ad</span> <span class='ocrx_word' id='word_1_71' title='bbox 1847 999 1963 1042; x_wconf 84' lang='lat' dir='ltr'>vos</span> <span class='ocrx_word' id='word_1_72' title='bbox 2018 982 2134 1041; x_wconf 85' lang='lat' dir='ltr'>aut</span> <span class='ocrx_word' id='word_1_73' title='bbox 2187 981 2372 1042; x_wconf 86' lang='lat' dir='ltr'>certe</span> 
     </span>
     <span class='ocr_line' id='line_1_12' title="bbox 339 1065 2373 1148; baseline -0.002 -16"><span class='ocrx_word' id='word_1_74' title='bbox 339 1066 814 1132; x_wconf 87' lang='lat' dir='ltr'>communicata</span> <span class='ocrx_word' id='word_1_75' title='bbox 868 1065 1232 1148; x_wconf 84' lang='lat' dir='ltr'>vobiscum,</span> <span class='ocrx_word' id='word_1_76' title='bbox 1295 1065 1467 1130; x_wconf 89' lang='lat' dir='ltr'>idem</span> <span class='ocrx_word' id='word_1_77' title='bbox 1521 1065 1851 1131; x_wconf 89' lang='lat' dir='ltr'>consulem</span> <span class='ocrx_word' id='word_1_78' title='bbox 1905 1069 2158 1130; x_wconf 86' lang='lat' dir='ltr'>vestrae</span> <span class='ocrx_word' id='word_1_79' title='bbox 2213 1065 2373 1130; x_wconf 91' lang='lat' dir='ltr'>fidei</span> 
     </span>
     <span class='ocr_line' id='line_1_13' title="bbox 340 1153 2460 1238; baseline -0.001 -19"><span class='ocrx_word' id='word_1_80' title='bbox 340 1154 766 1238; x_wconf 82' lang='lat' dir='ltr'>commendat,</span> <span class='ocrx_word' id='word_1_81' title='bbox 812 1155 924 1238; x_wconf 89' lang='lat' dir='ltr'>qui</span> <span class='ocrx_word' id='word_1_82' title='bbox 970 1157 1164 1219; x_wconf 83' lang='lat' dir='ltr'>antea</span> <span class='ocrx_word' id='word_1_83' title='bbox 1207 1154 1307 1219; x_wconf 93' lang='lat' dir='ltr'>dis</span> <span class='ocrx_word' id='word_1_84' title='bbox 1353 1154 1832 1219; x_wconf 81' lang='lat' dir='ltr'>immortalibus</span> <span class='ocrx_word' id='word_1_85' title='bbox 1869 1153 2372 1237; x_wconf 86' lang='lat' dir='ltr'>commendavit,</span> <span class='ocrx_word' id='word_1_86' title='bbox 2404 1172 2460 1211; x_wconf 84' lang='grc' dir='ltr'>ιο</span> 
     </span>
     <span class='ocr_line' id='line_1_14' title="bbox 338 1241 2370 1308; baseline -0 -1"><span class='ocrx_word' id='word_1_87' title='bbox 338 1247 416 1307; x_wconf 89' lang='lat' dir='ltr'>ut</span> <span class='ocrx_word' id='word_1_88' title='bbox 470 1242 755 1308; x_wconf 89' lang='lat' dir='ltr'>eiusdem</span> <span class='ocrx_word' id='word_1_89' title='bbox 808 1243 1093 1308; x_wconf 91' lang='lat' dir='ltr'>hominis</span> <span class='ocrx_word' id='word_1_90' title='bbox 1147 1264 1302 1307; x_wconf 84' lang='lat' dir='ltr'>voce</span> <span class='ocrx_word' id='word_1_91' title='bbox 1350 1246 1416 1307; x_wconf 93' lang='lat' dir='ltr'>et</span> <span class='ocrx_word' id='word_1_92' title='bbox 1461 1242 1825 1306; x_wconf 86' lang='lat' dir='ltr'>declaratus</span> <span class='ocrx_word' id='word_1_93' title='bbox 1872 1241 2097 1306; x_wconf 89' lang='lat' dir='ltr'>consul</span> <span class='ocrx_word' id='word_1_94' title='bbox 2143 1245 2212 1306; x_wconf 89' lang='lat' dir='ltr'>et</span> <span class='ocrx_word' id='word_1_95' title='bbox 2255 1241 2370 1306; x_wconf 89' lang='lat' dir='ltr'>de-</span> 
     </span>
     <span class='ocr_line' id='line_1_15' title="bbox 338 1330 2372 1415; baseline -0 -21"><span class='ocrx_word' id='word_1_96' title='bbox 338 1331 558 1395; x_wconf 87' lang='lat' dir='ltr'>fensus</span> <span class='ocrx_word' id='word_1_97' title='bbox 624 1331 1004 1396; x_wconf 87' lang='lat' dir='ltr'>beneficium</span> <span class='ocrx_word' id='word_1_98' title='bbox 1066 1330 1295 1415; x_wconf 91' lang='lat' dir='ltr'>populi</span> <span class='ocrx_word' id='word_1_99' title='bbox 1348 1330 1627 1395; x_wconf 87' lang='lat' dir='ltr'>Romani</span> <span class='ocrx_word' id='word_1_100' title='bbox 1691 1351 1836 1395; x_wconf 88' lang='lat' dir='ltr'>cum</span> <span class='ocrx_word' id='word_1_101' title='bbox 1892 1333 2112 1395; x_wconf 84' lang='lat' dir='ltr'>vestra</span> <span class='ocrx_word' id='word_1_102' title='bbox 2165 1332 2372 1414; x_wconf 83' lang='lat' dir='ltr'>atque</span> 
     </span>
     <span class='ocr_line' id='line_1_16' title="bbox 338 1419 1492 1485; baseline -0.002 0"><span class='ocrx_word' id='word_1_103' title='bbox 338 1419 629 1485; x_wconf 87' lang='lat' dir='ltr'>omnium</span> <span class='ocrx_word' id='word_1_104' title='bbox 674 1419 911 1484; x_wconf 84' lang='lat' dir='ltr'>civium</span> <span class='ocrx_word' id='word_1_105' title='bbox 957 1420 1168 1484; x_wconf 88' lang='lat' dir='ltr'>salute</span> <span class='ocrx_word' id='word_1_106' title='bbox 1214 1422 1492 1483; x_wconf 91' lang='lat' dir='ltr'>tueatur.</span> 
     </span>
    </p>

    <p class='ocr_par' dir='ltr' id='par_1_5' title="bbox 336 1505 2463 2299">
     <span class='ocr_line' id='line_1_17' title="bbox 470 1505 2370 1592; baseline -0.001 -20"><span class='ocrx_word' id='word_1_107' title='bbox 470 1505 563 1572; x_wconf 88' lang='lat' dir='ltr'>Et</span> <span class='ocrx_word' id='word_1_108' title='bbox 625 1507 932 1592; x_wconf 87' lang='lat' dir='ltr'>quoniam</span> <span class='ocrx_word' id='word_1_109' title='bbox 996 1507 1063 1571; x_wconf 91' lang='lat' dir='ltr'>in</span> <span class='ocrx_word' id='word_1_110' title='bbox 1116 1507 1241 1571; x_wconf 90' lang='lat' dir='ltr'>hoc</span> <span class='ocrx_word' id='word_1_111' title='bbox 1297 1506 1511 1571; x_wconf 89' lang='lat' dir='ltr'>officio</span> <span class='ocrx_word' id='word_1_112' title='bbox 1568 1505 1855 1571; x_wconf 89' lang='lat' dir='ltr'>studium</span> <span class='ocrx_word' id='word_1_113' title='bbox 1910 1527 2092 1571; x_wconf 88' lang='lat' dir='ltr'>meae</span> <span class='ocrx_word' id='word_1_114' title='bbox 2150 1505 2370 1570; x_wconf 84' lang='lat' dir='ltr'>defen·</span> 
     </span>
     <span class='ocr_line' id='line_1_18' title="bbox 341 1594 2463 1678; baseline -0 -18"><span class='ocrx_word' id='word_1_115' title='bbox 341 1596 546 1661; x_wconf 88' lang='lat' dir='ltr'>sionis</span> <span class='ocrx_word' id='word_1_116' title='bbox 612 1595 696 1660; x_wconf 88' lang='lat' dir='ltr'>ab</span> <span class='ocrx_word' id='word_1_117' title='bbox 761 1594 1246 1660; x_wconf 85' lang='lat' dir='ltr'>accusatoribus</span> <span class='ocrx_word' id='word_1_118' title='bbox 1311 1598 1506 1678; x_wconf 88' lang='lat' dir='ltr'>atque</span> <span class='ocrx_word' id='word_1_119' title='bbox 1570 1594 1766 1659; x_wconf 87' lang='lat' dir='ltr'>etiam</span> <span class='ocrx_word' id='word_1_120' title='bbox 1827 1595 1974 1678; x_wconf 87' lang='lat' dir='ltr'>ipsa</span> <span class='ocrx_word' id='word_1_121' title='bbox 2036 1596 2368 1678; x_wconf 89' lang='lat' dir='ltr'>susceptio</span> <span class='ocrx_word' id='word_1_122' title='bbox 2403 1611 2463 1653; x_wconf 85' lang='lat'>15</span> 
     </span>
     <span class='ocr_line' id='line_1_19' title="bbox 340 1682 2372 1768; baseline -0.001 -19"><span class='ocrx_word' id='word_1_123' title='bbox 340 1705 574 1750; x_wconf 87' lang='lat' dir='ltr'>causae</span> <span class='ocrx_word' id='word_1_124' title='bbox 618 1684 1006 1767; x_wconf 88' lang='lat' dir='ltr'>reprehensa</span> <span class='ocrx_word' id='word_1_125' title='bbox 1043 1687 1159 1764; x_wconf 90' lang='lat' dir='ltr'>est,</span> <span class='ocrx_word' id='word_1_126' title='bbox 1206 1687 1556 1768; x_wconf 82' lang='lat' dir='ltr'>antequam</span> <span class='ocrx_word' id='word_1_127' title='bbox 1590 1704 1709 1768; x_wconf 91' lang='lat' dir='ltr'>pro</span> <span class='ocrx_word' id='word_1_128' title='bbox 1749 1682 1820 1746; x_wconf 93' lang='lat' dir='ltr'>L.</span> <span class='ocrx_word' id='word_1_129' title='bbox 1847 1682 2119 1747; x_wconf 89' lang='lat' dir='ltr'>Murena</span> <span class='ocrx_word' id='word_1_130' title='bbox 2155 1682 2372 1747; x_wconf 87' lang='lat' dir='ltr'>dicere</span> 
     </span>
     <span class='ocr_line' id='line_1_20' title="bbox 336 1770 2372 1855; baseline -0 -19"><span class='ocrx_word' id='word_1_131' title='bbox 336 1772 636 1854; x_wconf 85' lang='lat' dir='ltr'>institu0,</span> <span class='ocrx_word' id='word_1_132' title='bbox 700 1793 820 1854; x_wconf 90' lang='lat' dir='ltr'>pro</span> <span class='ocrx_word' id='word_1_133' title='bbox 886 1793 989 1835; x_wconf 92' lang='lat' dir='ltr'>me</span> <span class='ocrx_word' id='word_1_134' title='bbox 1054 1771 1197 1855; x_wconf 90' lang='lat' dir='ltr'>ipso</span> <span class='ocrx_word' id='word_1_135' title='bbox 1264 1793 1470 1855; x_wconf 85' lang='lat' dir='ltr'>pauca</span> <span class='ocrx_word' id='word_1_136' title='bbox 1535 1770 1772 1848; x_wconf 89' lang='lat' dir='ltr'>dicam,</span> <span class='ocrx_word' id='word_1_137' title='bbox 1834 1793 1966 1836; x_wconf 90' lang='lat' dir='ltr'>non</span> <span class='ocrx_word' id='word_1_138' title='bbox 2021 1792 2147 1855; x_wconf 90' lang='lat' dir='ltr'>quo</span> <span class='ocrx_word' id='word_1_139' title='bbox 2204 1771 2372 1835; x_wconf 90' lang='lat' dir='ltr'>mihi</span> 
     </span>
     <span class='ocr_line' id='line_1_21' title="bbox 338 1857 2370 1947; baseline -0.001 -21"><span class='ocrx_word' id='word_1_140' title='bbox 338 1862 558 1947; x_wconf 88' lang='lat' dir='ltr'>potior</span> <span class='ocrx_word' id='word_1_141' title='bbox 622 1858 747 1925; x_wconf 92' lang='lat' dir='ltr'>hoc</span> <span class='ocrx_word' id='word_1_142' title='bbox 803 1859 1060 1944; x_wconf 89' lang='lat' dir='ltr'>quidem</span> <span class='ocrx_word' id='word_1_143' title='bbox 1114 1859 1184 1922; x_wconf 90' lang='lat' dir='ltr'>in</span> <span class='ocrx_word' id='word_1_144' title='bbox 1237 1863 1532 1943; x_wconf 90' lang='lat' dir='ltr'>tempore</span> <span class='ocrx_word' id='word_1_145' title='bbox 1587 1859 1676 1923; x_wconf 89' lang='lat' dir='ltr'>sit</span> <span class='ocrx_word' id='word_1_146' title='bbox 1729 1857 1929 1924; x_wconf 89' lang='lat' dir='ltr'>officii</span> <span class='ocrx_word' id='word_1_147' title='bbox 1984 1858 2112 1924; x_wconf 92' lang='lat' dir='ltr'>mei</span> <span class='ocrx_word' id='word_1_148' title='bbox 2167 1881 2370 1945; x_wconf 90' lang='lat' dir='ltr'>quam</span> 
     </span>
     <span class='ocr_line' id='line_1_22' title="bbox 339 1947 2370 2031; baseline -0 -18"><span class='ocrx_word' id='word_1_149' title='bbox 339 1951 605 2015; x_wconf 86' lang='lat' dir='ltr'>huiusce</span> <span class='ocrx_word' id='word_1_150' title='bbox 650 1948 882 2013; x_wconf 86' lang='lat' dir='ltr'>salutis</span> <span class='ocrx_word' id='word_1_151' title='bbox 928 1947 1245 2031; x_wconf 88' lang='lat' dir='ltr'>defensio,</span> <span class='ocrx_word' id='word_1_152' title='bbox 1301 1948 1411 2013; x_wconf 90' lang='lat' dir='ltr'>sed</span> <span class='ocrx_word' id='word_1_153' title='bbox 1458 1952 1532 2012; x_wconf 89' lang='lat' dir='ltr'>ut</span> <span class='ocrx_word' id='word_1_154' title='bbox 1577 1969 1720 2013; x_wconf 90' lang='lat' dir='ltr'>meo</span> <span class='ocrx_word' id='word_1_155' title='bbox 1766 1947 1940 2013; x_wconf 88' lang='lat' dir='ltr'>facto</span> <span class='ocrx_word' id='word_1_156' title='bbox 1988 1948 2174 2014; x_wconf 84' lang='lat' dir='ltr'>vobis</span> <span class='ocrx_word' id='word_1_157' title='bbox 2219 1970 2370 2031; x_wconf 89' lang='lat' dir='ltr'>pro·</span> 
     </span>
     <span class='ocr_line' id='line_1_23' title="bbox 339 2035 2460 2120; baseline -0.004 -18"><span class='ocrx_word' id='word_1_158' title='bbox 339 2038 497 2103; x_wconf 90' lang='lat' dir='ltr'>bato</span> <span class='ocrx_word' id='word_1_159' title='bbox 589 2037 833 2101; x_wconf 89' lang='lat' dir='ltr'>maiore</span> <span class='ocrx_word' id='word_1_160' title='bbox 916 2038 1304 2101; x_wconf 88' lang='lat' dir='ltr'>auctoritate</span> <span class='ocrx_word' id='word_1_161' title='bbox 1386 2036 1468 2101; x_wconf 86' lang='lat' dir='ltr'>ab</span> <span class='ocrx_word' id='word_1_162' title='bbox 1550 2036 1742 2101; x_wconf 89' lang='lat' dir='ltr'>huius</span> <span class='ocrx_word' id='word_1_163' title='bbox 1823 2037 2096 2120; x_wconf 90' lang='lat' dir='ltr'>honore,</span> <span class='ocrx_word' id='word_1_164' title='bbox 2187 2035 2370 2101; x_wconf 88' lang='lat' dir='ltr'>fama</span> <span class='ocrx_word' id='word_1_165' title='bbox 2399 2054 2460 2094; x_wconf 68' lang='lat' dir='ltr'>eo</span> 
     </span>
     <span class='ocr_line' id='line_1_24' title="bbox 339 2123 2369 2210; baseline -0 -20"><span class='ocrx_word' id='word_1_166' title='bbox 339 2124 750 2209; x_wconf 83' lang='lat' dir='ltr'>fortunisque</span> <span class='ocrx_word' id='word_1_167' title='bbox 814 2124 1115 2189; x_wconf 88' lang='lat' dir='ltr'>omnibus</span> <span class='ocrx_word' id='word_1_168' title='bbox 1182 2124 1589 2190; x_wconf 89' lang='lat' dir='ltr'>inimicorum</span> <span class='ocrx_word' id='word_1_169' title='bbox 1644 2124 1928 2209; x_wconf 87' lang='lat' dir='ltr'>impetus</span> <span class='ocrx_word' id='word_1_170' title='bbox 1980 2123 2369 2210; x_wconf 88' lang='lat' dir='ltr'>propulsare</span> 
     </span>
     <span class='ocr_line' id='line_1_25' title="bbox 340 2214 604 2299; baseline -0.016 -18"><span class='ocrx_word' id='word_1_171' title='bbox 340 2214 604 2299; x_wconf 90' lang='lat' dir='ltr'>possim.</span> 
     </span>
    </p>

    <p class='ocr_par' dir='ltr' id='par_1_6' title="bbox 341 2298 2457 3619">
     <span class='ocr_line' id='line_1_26' title="bbox 474 2298 2366 2384; baseline -0.001 -17"><span class='ocrx_word' id='word_1_172' title='bbox 474 2299 567 2367; x_wconf 88' lang='lat' dir='ltr'>Et</span> <span class='ocrx_word' id='word_1_173' title='bbox 623 2300 904 2384; x_wconf 88' lang='lat' dir='ltr'>primum</span> <span class='ocrx_word' id='word_1_174' title='bbox 961 2300 1046 2364; x_wconf 94' lang='grc' dir='ltr'>Μ.</span> <span class='ocrx_word' id='word_1_175' title='bbox 1095 2298 1329 2365; x_wconf 84' lang='lat' dir='ltr'>Catoni</span> <span class='ocrx_word' id='word_1_176' title='bbox 1381 2302 1586 2365; x_wconf 85' lang='lat' dir='ltr'>vitam</span> <span class='ocrx_word' id='word_1_177' title='bbox 1647 2300 1727 2366; x_wconf 86' lang='lat' dir='ltr'>ad</span> <span class='ocrx_word' id='word_1_178' title='bbox 1787 2304 2032 2365; x_wconf 88' lang='lat' dir='ltr'>certam</span> <span class='ocrx_word' id='word_1_179' title='bbox 2087 2300 2366 2365; x_wconf 88' lang='lat' dir='ltr'>rationis</span> 
     </span>
     <span class='ocr_line' id='line_1_27' title="bbox 343 2387 2366 2474; baseline -0.001 -20"><span class='ocrx_word' id='word_1_180' title='bbox 343 2410 640 2455; x_wconf 86' lang='lat' dir='ltr'>normam</span> <span class='ocrx_word' id='word_1_181' title='bbox 696 2387 1017 2474; x_wconf 85' lang='lat' dir='ltr'>derigenti</span> <span class='ocrx_word' id='word_1_182' title='bbox 1076 2393 1144 2452; x_wconf 92' lang='lat' dir='ltr'>et</span> <span class='ocrx_word' id='word_1_183' title='bbox 1199 2387 1700 2474; x_wconf 85' lang='lat' dir='ltr'>diligentissime</span> <span class='ocrx_word' id='word_1_184' title='bbox 1753 2388 2175 2474; x_wconf 86' lang='lat' dir='ltr'>perpendenti</span> <span class='ocrx_word' id='word_1_185' title='bbox 2230 2410 2366 2453; x_wconf 91' lang='lat' dir='ltr'>mo·</span> 
     </span>
     <span class='ocr_line' id='line_1_28' title="bbox 342 2475 2456 2561; baseline 0 -19"><span class='ocrx_word' id='word_1_186' title='bbox 342 2481 567 2542; x_wconf 90' lang='lat' dir='ltr'>menta</span> <span class='ocrx_word' id='word_1_187' title='bbox 622 2475 983 2541; x_wconf 88' lang='lat' dir='ltr'>officiorum</span> <span class='ocrx_word' id='word_1_188' title='bbox 1031 2478 1319 2540; x_wconf 88' lang='lat' dir='ltr'>omnium</span> <span class='ocrx_word' id='word_1_189' title='bbox 1367 2476 1444 2541; x_wconf 88' lang='lat' dir='ltr'>de</span> <span class='ocrx_word' id='word_1_190' title='bbox 1490 2476 1704 2542; x_wconf 89' lang='lat' dir='ltr'>officio</span> <span class='ocrx_word' id='word_1_191' title='bbox 1753 2499 1897 2542; x_wconf 91' lang='lat' dir='ltr'>meo</span> <span class='ocrx_word' id='word_1_192' title='bbox 1943 2476 2369 2561; x_wconf 81' lang='lat' dir='ltr'>respondebO.</span> <span class='ocrx_word' id='word_1_193' title='bbox 2397 2496 2456 2537; x_wconf 80' lang='lat'>2⁵</span> 
     </span>
     <span class='ocr_line' id='line_1_29' title="bbox 342 2562 2369 2650; baseline 0 -21"><span class='ocrx_word' id='word_1_194' title='bbox 342 2563 564 2647; x_wconf 84' lang='lat' dir='ltr'>Negat</span> <span class='ocrx_word' id='word_1_195' title='bbox 624 2563 828 2628; x_wconf 86' lang='lat' dir='ltr'>fuisse</span> <span class='ocrx_word' id='word_1_196' title='bbox 881 2567 1131 2628; x_wconf 89' lang='lat' dir='ltr'>rectum</span> <span class='ocrx_word' id='word_1_197' title='bbox 1191 2562 1356 2629; x_wconf 86' lang='lat' dir='ltr'>Cato</span> <span class='ocrx_word' id='word_1_198' title='bbox 1412 2586 1513 2629; x_wconf 92' lang='lat' dir='ltr'>me</span> <span class='ocrx_word' id='word_1_199' title='bbox 1569 2568 1637 2629; x_wconf 91' lang='lat' dir='ltr'>et</span> <span class='ocrx_word' id='word_1_200' title='bbox 1694 2564 2022 2631; x_wconf 90' lang='lat' dir='ltr'>consulem</span> <span class='ocrx_word' id='word_1_201' title='bbox 2077 2568 2145 2629; x_wconf 88' lang='lat' dir='ltr'>et</span> <span class='ocrx_word' id='word_1_202' title='bbox 2197 2564 2369 2650; x_wconf 86' lang='lat' dir='ltr'>legis</span> 
     </span>
     <span class='ocr_line' id='line_1_30' title="bbox 344 2652 2369 2739; baseline 0.002 -24"><span class='ocrx_word' id='word_1_203' title='bbox 344 2652 629 2716; x_wconf 88' lang='lat' dir='ltr'>ambitus</span> <span class='ocrx_word' id='word_1_204' title='bbox 666 2652 940 2716; x_wconf 85' lang='lat' dir='ltr'>latorem</span> <span class='ocrx_word' id='word_1_205' title='bbox 982 2654 1049 2715; x_wconf 90' lang='lat' dir='ltr'>et</span> <span class='ocrx_word' id='word_1_206' title='bbox 1083 2654 1221 2716; x_wconf 89' lang='lat' dir='ltr'>tam</span> <span class='ocrx_word' id='word_1_207' title='bbox 1259 2673 1481 2717; x_wconf 82' lang='lat' dir='ltr'>severe</span> <span class='ocrx_word' id='word_1_208' title='bbox 1519 2657 1706 2739; x_wconf 85' lang='lat' dir='ltr'>gesto</span> <span class='ocrx_word' id='word_1_209' title='bbox 1734 2653 2071 2719; x_wconf 86' lang='lat' dir='ltr'>consulatu</span> <span class='ocrx_word' id='word_1_210' title='bbox 2101 2674 2369 2719; x_wconf 89' lang='lat' dir='ltr'>causam</span> 
     </span>
     <span class='ocr_line' id='line_1_31' title="bbox 341 2738 2368 2826; baseline 0.002 -23"><span class='ocrx_word' id='word_1_211' title='bbox 341 2738 414 2804; x_wconf 91' lang='lat' dir='ltr'>L.</span> <span class='ocrx_word' id='word_1_212' title='bbox 459 2738 767 2804; x_wconf 86' lang='lat' dir='ltr'>Murenae</span> <span class='ocrx_word' id='word_1_213' title='bbox 831 2738 1173 2823; x_wconf 87' lang='lat' dir='ltr'>attingere.</span> <span class='ocrx_word' id='word_1_214' title='bbox 1275 2738 1472 2806; x_wconf 82' lang='lat' dir='ltr'>Cuius</span> <span class='ocrx_word' id='word_1_215' title='bbox 1537 2740 1954 2826; x_wconf 90' lang='lat' dir='ltr'>reprehensio</span> <span class='ocrx_word' id='word_1_216' title='bbox 2017 2762 2121 2805; x_wconf 88' lang='lat' dir='ltr'>me</span> <span class='ocrx_word' id='word_1_217' title='bbox 2175 2741 2368 2808; x_wconf 86' lang='lat' dir='ltr'>vehe-</span> 
     </span>
     <span class='ocr_line' id='line_1_32' title="bbox 344 2828 2368 2915; baseline 0.002 -24"><span class='ocrx_word' id='word_1_218' title='bbox 344 2830 596 2892; x_wconf 89' lang='lat' dir='ltr'>menter</span> <span class='ocrx_word' id='word_1_219' title='bbox 650 2830 897 2911; x_wconf 85' lang='lat' dir='ltr'>movet,</span> <span class='ocrx_word' id='word_1_220' title='bbox 951 2848 1085 2892; x_wconf 90' lang='lat' dir='ltr'>non</span> <span class='ocrx_word' id='word_1_221' title='bbox 1136 2828 1350 2894; x_wconf 90' lang='lat' dir='ltr'>solum</span> <span class='ocrx_word' id='word_1_222' title='bbox 1408 2833 1480 2894; x_wconf 89' lang='lat' dir='ltr'>ut</span> <span class='ocrx_word' id='word_1_223' title='bbox 1533 2829 1748 2913; x_wconf 84' lang='lat' dir='ltr'>vobis,</span> <span class='ocrx_word' id='word_1_224' title='bbox 1803 2829 2074 2913; x_wconf 80' lang='lat' dir='ltr'>iudices„</span> <span class='ocrx_word' id='word_1_225' title='bbox 2131 2831 2368 2915; x_wconf 84' lang='lat' dir='ltr'>quibus</span> 
     </span>
     <span class='ocr_line' id='line_1_33' title="bbox 344 2914 2457 3004; baseline -0 -24"><span class='ocrx_word' id='word_1_226' title='bbox 344 2914 623 2980; x_wconf 83' lang='lat' dir='ltr'>maxime</span> <span class='ocrx_word' id='word_1_227' title='bbox 678 2915 908 2997; x_wconf 91' lang='lat' dir='ltr'>debeo,</span> <span class='ocrx_word' id='word_1_228' title='bbox 962 2937 1185 2981; x_wconf 86' lang='lat' dir='ltr'>verum</span> <span class='ocrx_word' id='word_1_229' title='bbox 1239 2917 1440 2982; x_wconf 89' lang='lat' dir='ltr'>etiam</span> <span class='ocrx_word' id='word_1_230' title='bbox 1495 2921 1569 2981; x_wconf 91' lang='lat' dir='ltr'>ut</span> <span class='ocrx_word' id='word_1_231' title='bbox 1625 2918 1751 3003; x_wconf 91' lang='lat' dir='ltr'>ipsi</span> <span class='ocrx_word' id='word_1_232' title='bbox 1800 2915 2060 3002; x_wconf 82' lang='lat' dir='ltr'>Catoni,</span> <span class='ocrx_word' id='word_1_233' title='bbox 2122 2918 2369 3004; x_wconf 86' lang='lat' dir='ltr'>gravis·</span> <span class='ocrx_word' id='word_1_234' title='bbox 2398 2937 2457 2979; x_wconf 77' lang='lat' dir='ltr'>so</span> 
     </span>
     <span class='ocr_line' id='line_1_34' title="bbox 346 3004 2369 3091; baseline 0.002 -22"><span class='ocrx_word' id='word_1_235' title='bbox 346 3005 512 3069; x_wconf 91' lang='lat' dir='ltr'>simo</span> <span class='ocrx_word' id='word_1_236' title='bbox 560 3006 755 3087; x_wconf 88' lang='lat' dir='ltr'>atque</span> <span class='ocrx_word' id='word_1_237' title='bbox 800 3004 1231 3089; x_wconf 84' lang='lat' dir='ltr'>integerrimo</span> <span class='ocrx_word' id='word_1_238' title='bbox 1267 3005 1428 3089; x_wconf 84' lang='lat' dir='ltr'>vir0,</span> <span class='ocrx_word' id='word_1_239' title='bbox 1474 3004 1793 3070; x_wconf 89' lang='lat' dir='ltr'>rationem</span> <span class='ocrx_word' id='word_1_240' title='bbox 1837 3005 1999 3071; x_wconf 87' lang='lat' dir='ltr'>facti</span> <span class='ocrx_word' id='word_1_241' title='bbox 2045 3008 2173 3071; x_wconf 90' lang='lat' dir='ltr'>mei</span> <span class='ocrx_word' id='word_1_242' title='bbox 2217 3028 2369 3091; x_wconf 92' lang='lat' dir='ltr'>pro-</span> 
     </span>
     <span class='ocr_line' id='line_1_35' title="bbox 342 3091 2370 3179; baseline 0.001 -22"><span class='ocrx_word' id='word_1_243' title='bbox 342 3093 514 3157; x_wconf 89' lang='lat' dir='ltr'>bem.</span> <span class='ocrx_word' id='word_1_244' title='bbox 604 3092 666 3155; x_wconf 84' lang='grc' dir='ltr'><strong>Α</strong></span> <span class='ocrx_word' id='word_1_245' title='bbox 712 3113 842 3176; x_wconf 90' lang='lat' dir='ltr'>quo</span> <span class='ocrx_word' id='word_1_246' title='bbox 889 3092 1183 3176; x_wconf 86' lang='lat' dir='ltr'>tandem,</span> <span class='ocrx_word' id='word_1_247' title='bbox 1228 3092 1314 3156; x_wconf 94' lang='grc' dir='ltr'>Μ.</span> <span class='ocrx_word' id='word_1_248' title='bbox 1346 3091 1528 3174; x_wconf 77' lang='lat' dir='ltr'>cato,</span> <span class='ocrx_word' id='word_1_249' title='bbox 1576 3096 1676 3158; x_wconf 85' lang='lat' dir='ltr'>est</span> <span class='ocrx_word' id='word_1_250' title='bbox 1721 3094 1988 3179; x_wconf 88' lang='lat' dir='ltr'>aequius</span> <span class='ocrx_word' id='word_1_251' title='bbox 2035 3097 2370 3161; x_wconf 85' lang='lat' dir='ltr'>consulem</span> 
     </span>
     <span class='ocr_line' id='line_1_36' title="bbox 345 3179 2373 3267; baseline 0.002 -22"><span class='ocrx_word' id='word_1_252' title='bbox 345 3180 601 3246; x_wconf 81' lang='lat' dir='ltr'>defendi</span> <span class='ocrx_word' id='word_1_253' title='bbox 666 3202 857 3264; x_wconf 88' lang='lat' dir='ltr'>quam</span> <span class='ocrx_word' id='word_1_254' title='bbox 924 3202 963 3244; x_wconf 90' lang='lat' dir='ltr'>a</span> <span class='ocrx_word' id='word_1_255' title='bbox 1026 3180 1339 3245; x_wconf 76' lang='lat' dir='ltr'>consule?</span> <span class='ocrx_word' id='word_1_256' title='bbox 1430 3179 1587 3256; x_wconf 86' lang='lat' dir='ltr'>Quis</span> <span class='ocrx_word' id='word_1_257' title='bbox 1643 3181 1804 3247; x_wconf 86' lang='lat' dir='ltr'>mihi</span> <span class='ocrx_word' id='word_1_258' title='bbox 1858 3182 1928 3247; x_wconf 91' lang='lat' dir='ltr'>in</span> <span class='ocrx_word' id='word_1_259' title='bbox 1981 3204 2051 3247; x_wconf 89' lang='lat' dir='ltr'>re</span> <span class='ocrx_word' id='word_1_260' title='bbox 2104 3183 2373 3267; x_wconf 87' lang='lat' dir='ltr'>publiea</span> 
     </span>
     <span class='ocr_line' id='line_1_37' title="bbox 344 3268 2371 3354; baseline 0.002 -21"><span class='ocrx_word' id='word_1_261' title='bbox 344 3271 571 3354; x_wconf 89' lang='lat' dir='ltr'>potest</span> <span class='ocrx_word' id='word_1_262' title='bbox 633 3272 747 3332; x_wconf 87' lang='lat' dir='ltr'>aut</span> <span class='ocrx_word' id='word_1_263' title='bbox 812 3268 1005 3333; x_wconf 90' lang='lat' dir='ltr'>debet</span> <span class='ocrx_word' id='word_1_264' title='bbox 1059 3288 1199 3333; x_wconf 88' lang='lat' dir='ltr'>esse</span> <span class='ocrx_word' id='word_1_265' title='bbox 1255 3268 1660 3334; x_wconf 87' lang='lat' dir='ltr'>coniunctior</span> <span class='ocrx_word' id='word_1_266' title='bbox 1711 3292 1905 3353; x_wconf 86' lang='lat' dir='ltr'>quam</span> <span class='ocrx_word' id='word_1_267' title='bbox 1959 3271 2043 3353; x_wconf 90' lang='lat' dir='ltr'>is,</span> <span class='ocrx_word' id='word_1_268' title='bbox 2106 3270 2210 3336; x_wconf 89' lang='lat' dir='ltr'>cui</span> <span class='ocrx_word' id='word_1_269' title='bbox 2261 3294 2371 3337; x_wconf 91' lang='lat' dir='ltr'>res</span> 
     </span>
     <span class='ocr_line' id='line_1_38' title="bbox 344 3356 2450 3461; baseline -0.001 -40"><span class='ocrx_word' id='word_1_270' title='bbox 344 3356 609 3442; x_wconf 88' lang='lat' dir='ltr'>publica</span> <span class='ocrx_word' id='word_1_271' title='bbox 638 3378 677 3419; x_wconf 87' lang='lat' dir='ltr'>a</span> <span class='ocrx_word' id='word_1_272' title='bbox 703 3378 807 3421; x_wconf 89' lang='lat' dir='ltr'>me</span> <span class='ocrx_word' id='word_1_273' title='bbox 836 3356 905 3421; x_wconf 94' lang='lat' dir='ltr'>in</span> <span class='ocrx_word' id='word_1_274' title='bbox 935 3377 1197 3420; x_wconf 87' lang='lat' dir='ltr'>manum</span> <span class='ocrx_word' id='word_1_275' title='bbox 1226 3356 1510 3421; x_wconf 87' lang='lat' dir='ltr'>traditur</span> <span class='ocrx_word' id='word_1_276' title='bbox 1531 3357 1909 3423; x_wconf 87' lang='lat' dir='ltr'>sustinenda</span> <span class='ocrx_word' id='word_1_277' title='bbox 1925 3358 2182 3461; x_wconf 79' lang='lat' dir='ltr'>magnis</span> <span class='ocrx_word' id='word_1_278' title='bbox 2202 3362 2371 3425; x_wconf 90' lang='lat' dir='ltr'>meis</span> <span class='ocrx_word' id='word_1_279' title='bbox 2398 3376 2450 3419; x_wconf 78' lang='lat'>85</span> 
     </span>
     <span class='ocr_line' id='line_1_39' title="bbox 346 3444 2373 3530; baseline 0.003 -23"><span class='ocrx_word' id='word_1_280' title='bbox 346 3444 682 3510; x_wconf 88' lang='lat' dir='ltr'>laboribus</span> <span class='ocrx_word' id='word_1_281' title='bbox 730 3449 797 3510; x_wconf 90' lang='lat' dir='ltr'>et</span> <span class='ocrx_word' id='word_1_282' title='bbox 840 3444 1144 3530; x_wconf 87' lang='lat' dir='ltr'>periculis</span> <span class='ocrx_word' id='word_1_283' title='bbox 1192 3446 1601 3511; x_wconf 79' lang='lat' dir='ltr'>sustentata?</span> <span class='ocrx_word' id='word_1_284' title='bbox 1665 3444 1968 3522; x_wconf 84' lang='lat' dir='ltr'>Quodsi</span> <span class='ocrx_word' id='word_1_285' title='bbox 1947 3468 2020 3511; x_wconf 83' lang='lat' dir='ltr'>in</span> <span class='ocrx_word' id='word_1_286' title='bbox 2053 3446 2136 3511; x_wconf 88' lang='lat' dir='ltr'>iis</span> <span class='ocrx_word' id='word_1_287' title='bbox 2171 3448 2373 3514; x_wconf 88' lang='lat' dir='ltr'>rebus</span> 
     </span>
     <span class='ocr_line' id='line_1_40' title="bbox 345 3531 2376 3619; baseline 0.003 -23"><span class='ocrx_word' id='word_1_288' title='bbox 345 3531 712 3615; x_wconf 82' lang='lat' dir='ltr'>repetendis</span> <span class='ocrx_word' id='word_1_289' title='bbox 723 3582 741 3616; x_wconf 94' lang='lat'>,</span> <span class='ocrx_word' id='word_1_290' title='bbox 804 3553 969 3616; x_wconf 87' lang='lat' dir='ltr'>quae</span> <span class='ocrx_word' id='word_1_291' title='bbox 1032 3531 1320 3616; x_wconf 87' lang='lat' dir='ltr'>mancipi</span> <span class='ocrx_word' id='word_1_292' title='bbox 1381 3537 1558 3618; x_wconf 87' lang='lat' dir='ltr'>sunt,</span> <span class='ocrx_word' id='word_1_293' title='bbox 1620 3534 1677 3598; x_wconf 89' lang='lat' dir='ltr'>is</span> <span class='ocrx_word' id='word_1_294' title='bbox 1740 3534 2094 3619; x_wconf 87' lang='lat' dir='ltr'>periculum</span> <span class='ocrx_word' id='word_1_295' title='bbox 2149 3534 2376 3602; x_wconf 90' lang='lat' dir='ltr'>iudicii</span> 
     </span>
    </p>
   </div>
  </div>
 </body>
</html>
