2534 3875
213 754 277 803 21

209 2162 276 2211 22

321 153 448 217 196
781 152 879 207 DE
916 150 1107 207 LEGE
1145 150 1472 206 AGRARIA
1509 150 1782 206 ORATIO
1822 151 1890 206 11.

319 298 473 362 dum
517 297 946 382 reprehend03
992 296 1178 361 video
1216 296 1447 360 fecisse
1487 295 1680 379 alios3
1724 296 1905 379 illud,
1950 295 2121 379 quod
2157 318 2347 362 nemo

315 385 497 471 fecit,
552 386 631 449 de
685 385 935 449 minore
992 388 1177 469 parte
1224 384 1477 469 populi,
1533 406 1659 467 quo
1707 383 2059 467 pertineat,
2115 385 2348 450 videte.

317 473 608 538 Habebit
661 473 952 554 comitia,
1016 474 1194 537 volet
1247 494 1357 537 eos
1413 471 1815 556 renuntiare,
1876 472 2111 557 quibus
2166 474 2351 558 regia

318 566 612 644 potestas
679 561 804 626 hac
858 561 1004 646 lege
1059 562 1418 644 quaeritur3
1482 562 1783 625 universo
1840 560 2083 645 populo
2139 582 2348 644 neque

318 651 459 734 ipse
505 649 858 714 committit
902 670 1110 731 neque
1154 648 1257 712 illi
1301 648 1537 713 horum
1586 648 2001 713 consiliorum
2048 653 2348 715 auctores
2376 666 2406 707 ⁵

318 738 642 803 committi
695 740 868 801 recte
924 740 1160 819 putant
1213 758 1424 821 posse.
1528 734 1852 801 Sortietur
1905 737 2119 805 tribus
2174 737 2348 801 idem

317 826 569 891 Rullus,
659 824 876 890 Homo
922 824 1081 888 felix
1126 824 1369 908 educet,
1416 846 1578 907 quas
1625 824 1819 909 volet,
1864 824 2095 890 tribus,
2170 823 2349 900 Quos

317 936 553 979 novem
624 913 837 978 tribus
905 912 1303 977 decemviros
1366 912 1641 977 fecerint
1706 913 1789 977 ab
1856 914 2081 978 eodem
2146 913 2349 979 Rullo

200 1042 207 1048 -
319 1002 614 1083 eductae,
657 1001 780 1065 hos
829 1002 1118 1066 omnium
1155 1022 1399 1083 rerum,
1444 1004 1518 1065 ut
1562 1001 1697 1065 iam
1742 1001 2097 1085 ostendam,
2144 1002 2349 1066 domi·

315 1112 436 1153 nos
483 1089 886 1154 habebimus.
950 1088 1168 1173 Atque
1214 1089 1305 1173 hi,
1348 1092 1423 1153 ut
1469 1090 1644 1175 grati
1691 1111 1765 1155 ac
1801 1111 2119 1155 memores
2156 1089 2348 1155 bene·
2378 1109 2436 1149 ιο

315 1178 450 1241 ficii
505 1198 645 1241 esse
699 1177 1064 1260 videantur,
1119 1176 1366 1260 aliquid
1422 1198 1489 1241 se
1543 1199 1777 1242 novem
1831 1178 2121 1243 tribuum
2167 1178 2347 1246 notis

315 1265 692 1329 hominibus
749 1265 982 1330 debere
1038 1265 1547 1349 confitebuntur,
1601 1266 1867 1349 reliquis
1913 1288 2068 1332 vero
2120 1286 2234 1331 sex
2282 1272 2348 1331 et

316 1372 416 1417 xx
477 1354 779 1417 tribubus
841 1352 1008 1417 nihil
1074 1352 1198 1416 erit
1262 1353 1435 1437 quod
1496 1375 1631 1419 non
1693 1358 1923 1438 putent
1977 1374 2170 1437 posse
2227 1376 2347 1419 suo

315 1443 455 1505 iure
532 1462 600 1505 se
665 1441 1003 1526 denegare.
1112 1439 1287 1515 Quos
1351 1442 1614 1505 tandem
1676 1442 1881 1527 igitur
1945 1442 2346 1507 decemviros

317 1529 458 1593 fieri
511 1530 696 1593 vult?
789 1527 870 1593 Se
925 1528 1228 1614 primum.
1320 1527 1446 1604 Qui
1490 1529 1689 1594 licet‘?
1742 1531 1923 1617 leges
1970 1530 2143 1595 enim
2190 1536 2349 1595 sunt
2378 1551 2433 1590 15

316 1621 568 1682 veteres
578 1668 596 1701 ,
649 1639 854 1701 neque
913 1639 1026 1682 eae
1081 1618 1485 1700 consulares,
1542 1617 1599 1681 si
1656 1618 1809 1701 quid
1853 1618 2173 1683 interesse
2218 1619 2345 1685 hoc

318 1705 746 1789 arbitramini,
785 1705 898 1770 sed
932 1705 1318 1770 tribuniciae
1355 1705 1541 1771 vobis
1581 1706 2065 1791 maioribusque
2102 1708 2345 1772 vestris

315 1794 733 1859 vehementer
779 1796 1007 1879 gratae
1053 1797 1250 1877 atque
1297 1794 1636 1877 iucundae3
1684 1793 1935 1859 Licinia
1978 1798 2079 1859 est
2126 1795 2231 1859 lex
2278 1802 2347 1860 et

317 1882 524 1947 altera
569 1882 881 1966 Aebutia,
938 1904 1100 1967 quae
1155 1903 1289 1947 non
1342 1882 1535 1948 modo
1590 1904 1763 1966 eum,
1819 1882 1930 1968 qui
1990 1884 2219 1948 tulerit
2266 1883 2345 1950 de

315 1971 537 2055 aliqua
581 1971 914 2035 curatione
961 1993 1037 2034 ac
1072 1974 1419 2055 potestate,
1466 1971 1578 2036 sed
1617 1972 1817 2036 etiam
1854 1973 2143 2057 collegas
2182 1973 2344 2057 eius,
2375 1993 2429 2032 20

315 2063 648 2144 cognatOS,
695 2058 926 2124 adfinis
975 2059 1232 2142 excipit,
1276 2081 1358 2124 ne
1396 2059 1498 2124 'eis
1546 2081 1620 2124 ea
1670 2063 1961 2142 potestas
2008 2061 2345 2126 curatiove

316 2147 674 2212 mandetur.
765 2146 1030 2210 Etenim
1087 2147 1146 2210 si
1202 2148 1446 2230 populo
1505 2148 1821 2231 consulis,
1874 2170 2135 2213 remove
2190 2153 2258 2214 te
2306 2173 2348 2214 a

315 2235 680 2320 suspicione
747 2235 1018 2299 alicuius
1082 2235 1181 2299 tui
1236 2235 1585 2318 commodi,
1647 2236 1751 2300 fac
1801 2236 1997 2300 fidem
2056 2241 2123 2300 te
2178 2237 2347 2302 nihil

313 2323 442 2386 nisi
504 2322 731 2408 populi
797 2322 1152 2387 utilitatem
1207 2327 1273 2387 et
1326 2323 1611 2388 fructum
1666 2345 2001 2408 quaerere,
2066 2324 2205 2389 sine
2263 2325 2346 2390 ad

218 2470 224 2476 .
315 2411 478 2474 alios
516 2414 929 2494 potestatem,
975 2411 1058 2475 ad
1095 2414 1162 2474 te
1200 2411 1483 2494 gratiam
1519 2412 1814 2477 beneficii
1849 2412 1947 2476 tui
1982 2413 2342 2496 pervenire.
2372 2433 2429 2473 25

233 2587 274 2650 9

311 2496 486 2562 Nam
534 2499 658 2563 hoc
705 2499 964 2583 quidem
1001 2498 1111 2562 vix
1158 2503 1258 2562 est
1304 2499 1495 2564 liberi
1538 2501 1781 2584 populi,
1828 2499 1936 2564 vix
1973 2504 2344 2566 vestrorum

315 2586 676 2649 animorum
717 2608 792 2650 ac
830 2587 1365 2669 magnificentiae.
1433 2585 1591 2662 Quis
1621 2587 1834 2673 legem
1862 2588 2059 2653 tulit?
2086 2587 2347 2655 Rullus,

315 2672 471 2747 Quis
545 2674 860 2738 maiorem
930 2678 1184 2758 partem
1257 2675 1485 2759 populi
1558 2675 1887 2761 suffragiis
1960 2677 2345 2759 prohibuit?

312 2761 562 2825 Rullus,
629 2759 786 2836 Quis
826 2762 1106 2826 comitiis
1136 2763 1438 2846 praefuit,
1476 2765 1620 2848 quis
1649 2765 1879 2847 tribue,
1917 2786 2080 2848 quas
2111 2767 2343 2848 voluit,

237 2904 244 2914 ,
312 2849 572 2914 vocavit
617 2849 797 2913 nullo
845 2850 1110 2915 custode
1157 2851 1457 2935 sortituS,
1506 2851 1651 2934 quis
1699 2852 2129 2936 decemviroS,
2177 2877 2343 2938 quos
2374 2874 2431 2914 80

312 2937 544 3019 voluit,
599 2937 1036 3002 renuntiavit?
1135 2937 1317 3003 Idem
1370 2939 1619 3004 Rullus.
1723 2938 1929 3015 Quem
1981 2941 2346 3026 principem

313 3024 790 3090 renuntiavit?
832 3025 1118 3091 Rullum.
1184 3025 1316 3091 Vix
1362 3028 1725 3094 mehercule
1772 3030 1977 3094 servis
2023 3030 2149 3096 hoc
2194 3052 2346 3096 eum

313 3115 447 3179 suis
457 3165 474 3198 ,
527 3136 660 3178 non
714 3115 892 3180 modo
944 3115 1131 3180 vobis
1193 3115 1482 3181 omnium
1530 3117 1825 3202 gentium
1872 3117 2151 3183 dominis
2196 3142 2347 3203 pro·

311 3203 616 3268 baturum
665 3203 966 3268 arbitror.
1029 3202 1348 3286 Optumae
1395 3204 1573 3289 leges
1618 3205 1821 3288 igitur
1859 3206 1981 3270 hac
2017 3207 2167 3292 lege
2202 3208 2346 3272 sine

311 3291 450 3354 ulla
515 3291 892 3375 exceptione
955 3291 1302 3375 tollentur;
1365 3293 1536 3357 idem
1603 3293 1749 3379 lege
1806 3295 1932 3358 sibi
1990 3316 2107 3360 sua
2162 3317 2346 3361 cura-
2374 3314 2433 3354 ³5

312 3379 558 3442 tionem
632 3383 838 3463 petet,
909 3379 1082 3444 idem
1159 3382 1403 3445 maiore
1467 3385 1655 3466 parte
1720 3384 1946 3466 populi
2011 3383 2346 3469 suffragiis

313 3467 596 3548 spoliata
651 3467 914 3533 comitia
966 3468 1263 3553 habebit,
1320 3489 1483 3553 quos
1527 3471 1730 3553 volet,
1786 3476 1980 3555 atque
2025 3471 2097 3536 in
2141 3471 2226 3538 iis
2274 3495 2347 3539 se
