2534 3875
265 191 398 256 524
592 191 690 245 DE
724 189 1204 246 HARUSPICUM
1239 187 1619 245 RESPONSO
1658 187 1942 246 ORATIO.

267 339 380 401 aut
431 335 676 400 tibicen
720 338 991 420 repente
1038 335 1380 419 conticuit,
1435 338 1552 399 aut
1604 355 1764 419 puer
1809 334 1923 398 ille
1968 334 2302 418 patrimus

267 428 333 489 et
390 425 730 489 matrimus
780 424 837 488 si
882 427 1136 488 tensam
1189 445 1324 488 non
1377 423 1617 505 tenuit,
1673 423 1729 486 si
1783 422 1996 488 lorum
2054 421 2302 505 omisit,

270 516 385 576 aut
431 513 487 577 si
536 512 762 577 aedilis
808 511 1006 577 verbo
1054 517 1166 576 aut
1214 511 1535 594 simpuvio
1575 510 1922 595 aberravit,
1967 510 2102 575 ludi
2144 514 2302 574 sunt

268 622 401 666 non
464 601 588 665 rite
652 600 845 683 facti,
918 621 1119 684 eaque
1185 604 1401 664 errata
1469 599 1838 684 expiantur,
1913 602 1979 664 et
2041 602 2298 663 mentes

270 688 536 754 deorum
573 688 1047 754 immortalium
1085 688 1385 753 ludorum
1423 688 1892 752 instauratione
1921 687 2300 771 placantur3
2352 705 2380 744 5
2491 715 2534 737 a·

272 778 329 843 si
375 777 512 842 ludi
560 778 641 842 ab
689 777 945 842 laetitia
1002 775 1083 841 ad
1139 780 1386 840 metum
1441 775 1747 858 traducti,
1803 777 1860 840 si
1913 797 2047 840 non
2100 775 2300 840 inter-

270 866 482 948 missi,
547 864 659 930 sed
723 865 1044 950 perempti
1109 870 1305 948 atque
1369 863 1616 929 sublati
1681 867 1858 947 sunt,
1922 864 1979 927 si
2043 863 2302 929 civitati

271 955 609 1019 universae
667 953 904 1019 scelere
959 952 1125 1036 eius,
1181 954 1292 1037 qui
1347 952 1532 1017 ludos
1581 952 1664 1017 ad
1708 951 1954 1016 luctum
2001 950 2300 1016 conferre

268 1042 501 1126 voluit,
558 1042 946 1106 exstiterunt
1001 1041 1138 1105 dies
1194 1041 1298 1106 illi
1350 1063 1468 1125 pro
1523 1039 1708 1105 festis
1767 1060 1971 1124 paene
2037 1039 2300 1123 funesti,

276 1131 719 1196 dub1tab1mus
731 1180 748 1213 ,
823 1151 983 1213 quos
1046 1129 1158 1194 ille
1220 1129 1517 1193 fremitus
1581 1129 1837 1194 nuntiet
1898 1128 2089 1192 ludos
2153 1149 2298 1192 esse
2329 1147 2382 1185 10

165 1238 232 1288 24
272 1218 608 1304 pollutos?
699 1217 799 1283 Ac
854 1218 910 1282 si
964 1218 1263 1283 volumus
1329 1239 1433 1300 ea,
1501 1238 1664 1300 quae
1723 1215 1800 1281 de
1863 1237 2116 1300 quoque
2175 1214 2298 1281 deo

270 1307 461 1371 nobis
508 1307 755 1370 tradita
802 1309 981 1390 sunt,
1026 1306 1377 1390 recordari,
1430 1305 1600 1370 hanc
1644 1305 1923 1370 Matrem
1968 1325 2301 1390 magnam,

272 1395 451 1460 cuius
513 1395 651 1458 ludi
718 1394 975 1476 violati,
1032 1395 1296 1478 polluti,
1363 1415 1569 1478 paene
1628 1394 1711 1458 ad
1769 1392 2029 1458 caedem
2088 1397 2156 1458 et
2215 1393 2302 1458 ad

269 1482 466 1548 funus
506 1483 791 1548 civitatis
828 1484 1123 1548 conversi
1161 1487 1331 1566 sunt,
1371 1482 1556 1566 hanc,
1600 1481 1884 1566 inquam,
1932 1481 2299 1564 accepimus

274 1592 469 1656 agros
534 1579 599 1635 et
661 1592 927 1636 nemora
990 1592 1134 1635 cum
1198 1571 1478 1655 quodam
1555 1571 1832 1654 strepitu
1905 1569 2300 1654 fremituque
2331 1589 2380 1627 15

172 1665 253 1728 12
272 1680 639 1744 peragrare.
730 1659 909 1723 Haec
962 1659 1167 1744 igitur
1218 1660 1433 1743 vobis„
1486 1658 1648 1724 haec
1700 1659 1944 1743 populo
1998 1657 2300 1723 Romano

274 1751 340 1812 et
370 1748 686 1812 scelerum
724 1746 963 1812 indicia
1000 1747 1286 1812 ostendit
1322 1751 1389 1812 et
1423 1747 1856 1831 periculorum
1895 1746 2085 1832 signa
2118 1749 2303 1830 pate·

272 1836 444 1901 fecit.
534 1834 707 1900 Nam
764 1835 920 1919 quid
976 1856 1098 1921 ego
1156 1836 1234 1900 de
1289 1835 1423 1899 illis
1480 1835 1648 1900 ludis
1704 1835 1963 1919 loquar,
2019 1856 2181 1918 quos
2227 1834 2300 1898 in

274 1923 530 1989 Palatio
588 1924 799 1989 nostri
854 1925 1135 1989 maiores
1193 1927 1344 1989 ante
1399 1924 1712 2007 templum
1761 1925 1831 1989 in
1874 1924 2017 2008 ipso
2061 1921 2298 1988 Matris

272 2034 547 2098 magnae
584 2016 931 2096 conspectu
966 2012 1407 2099 Megalesibus
1443 2013 1583 2077 fieri
1628 2012 2070 2096 celebrarique
2116 2012 2300 2078 volu·
2329 2030 2384 2070 20

275 2106 493 2185 erunt,
540 2102 650 2185 qui
698 2105 850 2166 sunt
896 2122 1074 2165 more
1120 2101 1570 2184 institutisque
1615 2100 1894 2165 maxime
1940 2100 2124 2181 casti,
2168 2101 2298 2166 sol-

273 2190 547 2273 lemneS‚
606 2189 924 2275 religiosi,
987 2189 1220 2272 quibus
1281 2189 1452 2254 ludis
1516 2189 1796 2273 primum
1859 2192 2011 2253 ante
2070 2188 2299 2273 populi

274 2299 646 2343 consessum
704 2277 960 2342 senatui
1014 2278 1230 2342 locum
1277 2277 1346 2342 P.
1393 2276 1740 2341 Africanus
1785 2279 2022 2342 iterum
2070 2277 2298 2343 consul

274 2367 388 2431 ille
435 2367 643 2431 maior
700 2365 905 2449 dedit,
963 2368 1034 2430 ut
1080 2388 1190 2431 eos
1236 2365 1425 2431 ludos
1471 2366 1631 2430 haec
1674 2367 1814 2430 lues
1861 2367 2117 2450 impura
2160 2365 2298 2449 pol·

273 2454 514 2518 luerit?
590 2475 717 2537 quo
792 2453 848 2517 si
922 2455 1033 2537 qui
1110 2454 1279 2519 liber
1343 2457 1457 2518 aut
1519 2455 1856 2537 spectandi
1919 2458 2034 2519 aut
2097 2454 2298 2519 etiam
2328 2470 2381 2511 2⁵

274 2540 607 2625 religionis
654 2563 851 2607 causa
898 2545 1289 2625 accesserat,
1343 2563 1572 2607 manus
1627 2542 2110 2624 adferebantur,
2167 2562 2298 2626 quo

275 2632 578 2693 matrona
635 2630 818 2694 nulla
871 2630 1034 2694 adiit
1090 2634 1362 2715 propter
1415 2631 1549 2696 vim
1605 2652 2105 2714 consessumque
2167 2650 2298 2694 ser·

274 2738 526 2783 vorum.
615 2716 721 2781 Ita
765 2717 954 2782 ludos
1003 2739 1141 2802 e08,
1198 2740 1474 2803 quorum
1519 2718 1750 2803 religio
1807 2723 1997 2784 tanta
2042 2720 2169 2801 est,
2223 2722 2300 2783 ut

276 2826 355 2869 ex
400 2804 650 2869 ultimis
697 2804 889 2869 terris
937 2806 1247 2871 arcessita
1291 2807 1362 2871 in
1404 2807 1528 2871 hac
1564 2807 1724 2871 urbe
1761 2806 2140 2889 consederit,
2186 2806 2300 2890 qui

275 2894 390 2958 uni
437 2893 574 2957 ludi
618 2915 701 2958 ne
746 2892 945 2958 verbo
994 2895 1252 2977 quidem
1300 2895 1712 2980 appellantur
1755 2894 2018 2979 Latine,
2068 2898 2144 2959 ut
2186 2916 2296 2959 vo·
2327 2912 2383 2951 30

274 2982 505 3047 cabulo
524 2981 670 3065 ipso
701 2984 767 3046 et
798 2982 1089 3066 adpetita
1116 2984 1351 3068 religio
1381 2985 1649 3048 externa
1676 2987 1743 3047 et
1759 2982 1993 3047 Matris
2022 3003 2300 3066 magnae

272 3071 534 3135 nomine
590 3074 893 3155 suscepta
950 3071 1310 3136 declaretur
1363 3108 1437 3117 —
1487 3071 1612 3136 hos
1667 3070 1854 3136 ludos
1911 3070 2081 3135 servi
2135 3070 2302 3136 fece·

273 3162 445 3241 runt,
492 3158 664 3223 servi
710 3162 1189 3243 spectaverunt,
1234 3163 1379 3224 tota
1425 3160 1698 3242 denique
1744 3160 1868 3224 hoc
1914 3159 2121 3223 aedile
2167 3180 2298 3224 ser·

168 3258 235 3308 25
276 3267 503 3310 vorum
568 3244 925 3330 Megalesia
990 3246 1265 3312 fuerunt.
1367 3246 1496 3311 Pro
1562 3247 1627 3311 di
1691 3247 2121 3312 immortales!
2187 3248 2302 3331 qui

275 3336 491 3418 magis
530 3334 869 3399 nobiscum
919 3335 1097 3417 loqui
1142 3335 1442 3417 possetis„
1489 3335 1545 3399 si
1585 3335 1812 3400 essetis
1850 3334 2300 3401 versaremini-
2327 3350 2378 3393 ³5

274 3440 398 3501 que
452 3420 836 3486 nobiscum?
927 3422 1141 3487 Ludos
1198 3444 1339 3487 esse
1392 3423 1682 3506 pollutos
1743 3423 2160 3509 significastis
2221 3444 2300 3488 ac

270 3505 467 3588 plane
529 3507 762 3573 dicitis.
854 3508 1022 3583 Quid
1081 3511 1294 3593 magis
1354 3510 1787 3596 inquinatum,
1844 3510 2297 3595 deformatum,
