2534 3875
841 190 996 247 GAP.
1036 196 1251 246 εει-27
1290 196 1321 257 5
1359 195 1589 245 59-65,
2098 192 2233 256 413

191 338 384 403 tanta
430 338 554 419 est,
599 338 676 401 ut
720 336 854 401 iam
895 335 1178 401 fractum
1224 356 1428 421 prope
1467 356 1544 399 ac
1580 333 1995 401 debilitatum
2034 335 2230 402 Grae·

193 425 331 491 eiae
375 445 620 489 nomen
663 424 860 489 huius
905 423 1087 488 urbis
1132 424 1327 489 laude
1370 424 1642 488 nitatur.
1732 422 1994 489 Adsunt
2039 425 2233 490 Lace·
2269 444 2339 493 63

192 513 550 596 daemonii,
595 512 778 577 cuius
826 511 1111 577 civitatis
1159 516 1457 597 spectata
1502 532 1578 576 ac
1620 511 1977 577 nobilitata
2018 514 2231 578 virtus

191 622 326 667 non
375 599 589 666 solum
623 603 864 665 natura
901 600 1344 683 corroborata,
1388 620 1615 664 verum
1652 600 1852 664 etiam
1891 598 2233 684 disciplina

139 707 168 748 ι
192 693 494 775 putatur3
543 688 656 773 qui
695 688 824 754 soli
859 690 1011 753 toto⁴
1045 687 1202 753 orbe
1238 691 1565 753 terrarum
1604 688 2061 775 septingentos
2099 689 2232 754 iam

193 798 402 844 annos
479 775 762 860 amplius
834 777 982 841 unis
1047 775 1341 842 moribus
1406 780 1474 840 et
1534 797 1894 860 numquam
1958 778 2231 842 mutatis

190 864 452 951 legibus
488 865 734 930 vivunt.
806 863 1070 930 Adsunt
1106 886 1184 929 ex
1222 862 1474 930 Achaia
1512 869 1743 930 cuncta
1778 864 1975 930 multi
2008 865 2232 952 legati,

191 952 490 1037 Boeotia,
535 952 895 1036 Thessalia,
941 952 1176 1038 quibus
1222 952 1383 1018 locis
1419 973 1629 1037 nuper
1662 952 1923 1039 legatus
1960 952 2229 1019 Flaccus

191 1044 588 1127 imperatore
633 1040 914 1107 Metello·
951 1040 1256 1127 praefuit.
1327 1037 1557 1125 Neque
1594 1062 1749 1106 vero
1787 1045 1873 1126 te,
1918 1040 2231 1125 Massilia,

117 1147 166 1187 ιο
192 1133 562 1215 praetereo,
625 1150 793 1214 quae
859 1128 932 1193 L.
975 1128 1284 1195 Flaccum
1328 1128 1625 1194 -militem
1691 1132 2231 1215 quaestoremque

191 1219 524 1303 cognosti3
575 1218 758 1283 cuius
804 1238 929 1305 ego
977 1216 1266 1282 civitatis
1315 1216 1725 1302 disciplinam
1773 1223 1968 1304 atque
2015 1218 2229 1305 gravi-

189 1310 400 1371 tatem
444 1326 578 1371 non
628 1305 840 1371 solum
888 1304 1230 1388 Graeciae,
1286 1304 1398 1369 sed
1441 1304 1618 1369 haud
1662 1306 1799 1371 seio
1848 1328 1933 1371 an
1978 1307 2227 1373 cunctis

192 1394 502 1481 gentibus
569 1394 1091 1480 anteponendam
1157 1393 1395 1476 dicam3
1466 1414 1631 1476 quae
1694 1397 1837 1458 tam
1900 1395 2128 1480 procul
2188 1416 2229 1461 a

191 1482 591 1548 Graecorum
644 1482 934 1548 omnium
988 1481 1396 1567 regionibuS,
1462 1481 1821 1564 disciplinis
1875 1482 2229 1569 linguaque

112 1588 164 1629 ιε
193 1570 406 1637 divisa
449 1592 598 1635 cum
642 1571 714 1635 in
756 1570 1008 1635 ultimis
1053 1569 1250 1634 terris
1290 1568 1503 1635 cincta
1541 1568 1882 1635 Gallorum
1920 1572 2228 1656 gentibus

189 1658 539 1723 barbariae
593 1657 899 1724 fluctibus
959 1658 1291 1741 adluatur,
1347 1657 1443 1723 sic
1490 1656 1911 1741 optimatium
1956 1659 2229 1725 consilio

192 1747 624 1833 gubernatur,
679 1751 755 1812 ut
808 1767 1032 1811 omnes
1091 1746 1228 1811 eius
1284 1746 1594 1810 instituta
1647 1744 1915 1811 laudare
1937 1747 1945 1755 '
1969 1745 2228 1812 facilius

188 1835 453 1919 possint
529 1857 726 1920 quam
800 1834 1132 1900 aemulari.
1240 1832 1440 1898 Hisce
1503 1832 1713 1898 utitur
1774 1832 2227 1899 laudatoribus
2266 1850 2335 1899 64

189 1922 485 2008 Flaccus,
528 1922 633 1989 his
677 1923 1088 1991 innocentiae
1135 1922 1444 2006 testibus,
1489 1924 1565 1987 ut
1614 1920 2007 1988 Graecorum
2056 1923 2228 2006 cupi-

111 2029 166 2070 20
193 2012 389 2078 ditati
436 2011 830 2078 Graecorum
876 2012 1119 2078 auxilio
1164 2012 1573 2076 resistamus.

326 2101 736 2185 Quamquam
774 2100 920 2186 quis
957 2100 1240 2186 ignorat,
1277 2099 1389 2184 qui
1426 2099 1618 2164 modo
1648 2119 1957 2183 umquam
1986 2099 2225 2164 medio·
2245 2100 2331 2164 27

191 2188 390 2255 criter
451 2210 556 2254 res
620 2189 782 2254 istas
845 2189 1010 2255 scire
1075 2189 1357 2272 curavit,
1424 2187 1580 2272 quin
1641 2187 1771 2252 tria
1828 2185 2228 2253 Graecorum

191 2298 438 2364 genera
482 2277 618 2343 sint
657 2277 853 2343 vere?
899 2297 1175 2361 quorum
1218 2277 1335 2340 uni
1372 2280 1527 2340 sunt
1561 2273 2016 2360 Athenienses,
2063 2297 2228 2360 quae

191 2386 354 2449 gens
417 2365 652 2431 Ionum
723 2364 1114 2447 habebatur,
1186 2364 1413 2429 Aeolis
1488 2364 1706 2447 alteri,
1778 2362 1977 2429 Doris
2042 2365 2225 2430 tertii

114 2471 164 2512 ιε
193 2453 719 2519 nominabantur.
783 2453 1002 2537 Atque
1037 2453 1199 2518 haec
1236 2456 1471 2517 cuncta
1500 2450 1788 2535 Graecia,
1824 2473 1989 2537 quae
2024 2451 2225 2536 fama,

193 2563 360 2626 quae
396 2541 629 2628 gloria,
667 2563 832 2627 quae
869 2541 1183 2625 doctrina,
1221 2562 1387 2625 quae
1424 2540 1722 2624 plurimis
1752 2540 2023 2625 artibus,
2061 2563 2225 2626 quae

192 2631 392 2695 etiam
445 2629 719 2716 imperio
767 2633 834 2696 et
884 2629 1121 2696 bellica
1164 2629 1355 2694 laude
1401 2628 1651 2713 floruit,
1705 2649 1982 2714 parvum
2030 2651 2223 2714 quen·

193 2718 345 2783 dam
390 2719 625 2801 locum,
669 2722 745 2782 ut
781 2718 981 2802 scitis,
1016 2718 1321 2803 Europae
1358 2721 1539 2782 tenet
1574 2738 1957 2802 semperque
1992 2718 2225 2802 tenuit,

195 2807 389 2872 Asiae
435 2807 788 2872 maximam
835 2829 1018 2872 oram
1054 2806 1230 2871 bello
1273 2808 1647 2891 superatam
1681 2805 1889 2871 cinxit
1930 2806 2223 2890 urbibus,

10 2963 12 2966 y
116 2911 169 2953 uo
195 2915 326 2960 non
373 2898 451 2960 ut
485 2896 808 2960 munitam
846 2894 1116 2960 coloniis
1156 2894 1340 2958 illam
1376 2893 1427 2976 †
1452 2897 1812 2979 generaret,
1849 2894 1961 2960 sed
1997 2896 2074 2958 ut
2110 2894 2221 2959 ob-

195 3004 444 3048 sessam
485 2986 757 3050 teneret.
838 2979 1047 3058 Quam
1094 2982 1178 3047 ob
1225 3003 1367 3047 rem
1414 3003 1653 3066 quaeso
1700 3004 1743 3046 a
1784 2981 1990 3065 vobiS,
2037 2981 2222 3045 Asia·
2261 2996 2329 3046 65

195 3071 311 3136 tici
362 3075 595 3155 testes,
647 3076 751 3152 ut,
805 3093 949 3137 cum
1005 3091 1156 3136 vere
1209 3071 1538 3136 reeordari
1581 3069 1850 3152 voletis,
1906 3071 2224 3153 quantum

199 3160 604 3225 auctoritatis
650 3160 721 3225 in
766 3158 1076 3229 iudicium
1122 3158 1461 3242 adferatiS,
1518 3159 1776 3223 vosmet
1818 3155 1947 3240 ipsi
1990 3155 2225 3221 descri-

196 3246 370 3313 batis
432 3246 662 3313 Aciam
733 3269 879 3332 nec,
954 3247 1108 3333 quid
1171 3246 1581 3332 alienigenae
1645 3243 1724 3310 de
1788 3243 1977 3309 vobis
2040 3244 2223 3327 loqui

120 3351 172 3393 ’ὁ
199 3336 481 3418 soleant,
537 3337 650 3402 sed
705 3336 861 3421 quid
913 3338 1173 3401 vosmet
1223 3334 1354 3420 ipsi
1408 3334 1487 3398 de
1534 3353 1771 3418 genere
1817 3335 2035 3397 vestro
2082 3335 2221 3398 sta-

198 3425 425 3508 tuatis,
469 3423 911 3489 memineritis.
1001 3421 1330 3507 Namque,
1374 3426 1452 3487 ut
1497 3421 1747 3506 opinor,
1795 3419 1957 3485 Asia
2000 3424 2222 3485 vestra

199 3515 458 3578 constat
517 3531 596 3578 ex
659 3512 976 3599 Phrygia,
1046 3509 1287 3597 Mysia,
1359 3507 1580 3595 Caria,
1643 3508 1870 3596 Lydia.
1979 3507 2219 3575 Utrum
