2534 3875
816 137 969 195 GAP.
1012 142 1220 193 11-13
1259 143 1292 203 ξ
1329 143 1558 192 25-29.
2085 139 2216 202 311

155 280 246 346 In
320 279 506 346 omni
575 280 852 364 denique
905 280 1046 345 iure
1102 281 1282 347 civili
1344 281 1741 366 aequitatem
1796 281 2220 366 reliquerunt,

156 369 381 435 verba
418 369 566 454 ipsa
604 371 972 448 tenuerunt,
1009 373 1102 453 ut,
1139 369 1292 453 quia
1321 369 1391 434 in
1419 369 1690 434 alicuius
1719 369 1907 434 libris
1938 371 2220 454 exempli

163 479 380 523 causa
422 457 493 521 id
536 477 775 522 nomen
818 457 1221 541 invenerant,
1267 460 1584 540 putarunt
1630 479 1856 523 omnes
1894 458 2219 542 mulieres,

164 567 343 631 quae
392 545 868 631 coemptionem
914 545 1221 630 facerent,
1269 544 1517 610 ‘Gaias'
1567 545 1808 611 vocari.
1877 545 2020 611 Iam
2056 547 2219 611 illud

106 650 135 692 ⁵
165 633 344 698 mihi
410 633 671 718 quidem
736 634 975 698 mirum
1033 633 1239 699 videri
1305 634 1500 718 solet,
1563 637 1667 701 tot
1727 634 2024 701 homines
2079 638 2220 700 tam

161 723 557 808 ingeniosos
611 726 765 806 post
818 725 921 786 tot
978 743 1182 788 annos
1243 722 1442 787 etiam
1500 744 1674 787 nunc
1737 726 2025 788 statuere
2087 744 2222 788 non

162 810 501 895 potuisse,
555 815 776 875 utrum
835 808 1031 875 ‘diem
1086 809 1381 875 tertium'
1431 832 1516 875 an
1562 809 2054 896 ‘perendinum'‚
2099 809 2220 876 ‘iu-

165 898 415 963 dicem'
489 921 574 963 an
650 897 1037 982 ‘arbitrum'‚
1110 897 1295 963 ‘rem'
1372 920 1456 963 an
1521 898 1762 964 ‘litem'
1831 899 1960 964 dici
2032 921 2219 984 opor·
2243 947 2328 1012 13

166 991 363 1052 teret.
454 985 716 1072 Itaque,
770 991 845 1050 ut
900 986 1067 1070 dixi,
1123 986 1410 1072 dignitas
1457 986 1528 1050 in
1571 987 1705 1052 ista
1751 987 2026 1052 scientia
2072 1009 2218 1052 con·
2255 1024 2328 1074 28

86 1091 141 1131 10
170 1074 419 1140 sularis
504 1096 861 1159 numquam
932 1075 1088 1159 fuit,
1169 1096 1336 1159 quae
1409 1079 1555 1140 tota
1629 1096 1708 1141 ex
1780 1075 1974 1140 rebus
2046 1076 2218 1141 fictis

172 1163 781 1248 commenticiisque
838 1166 1197 1247 constaret,
1253 1163 1507 1249 gratiae
1554 1184 1707 1228 vero
1763 1164 1972 1229 multo
2021 1164 2219 1228 etiam

172 1251 415 1317 minuS.
482 1250 668 1326 Quod
714 1251 887 1316 enim
934 1251 1237 1316 omnibus
1274 1255 1460 1336 patet
1495 1255 1563 1316 et
1599 1273 1803 1337 aeque
1838 1257 2218 1337 promptum

11 1417 13 1424 Ι
175 1344 284 1405 est
348 1339 513 1404 mihi
579 1343 647 1405 et
706 1339 1078 1405 adversario
1142 1361 1318 1423 me0‚
1379 1339 1448 1403 id
1511 1361 1653 1404 esse
1719 1343 1980 1423 gratum
2034 1341 2219 1405 nullo

11 1431 13 1511 i
174 1431 378 1512 pacto
438 1431 678 1512 potest.
781 1426 1013 1512 Itaque
1066 1448 1202 1493 non
1254 1427 1450 1492 modo
1503 1427 1805 1492 beneficii
1858 1427 2219 1493 collocandi

11 1515 13 1596 f
94 1531 148 1572 1⁵
178 1537 393 1600 spem,
461 1516 574 1581 sed
630 1516 827 1582 etiam
884 1515 1075 1598 illud,
1134 1515 1306 1600 quod
1361 1515 1707 1598 aliquando
1761 1514 1918 1599 fuit,
1972 1514 2217 1581 ‘LICE'r

177 1620 594 1670 CONSULERE
606 1599 658 1669 ‘?'
700 1605 835 1670 iam
871 1603 1264 1688 perdidistis,
1329 1601 1602 1688 Sapiens
1641 1603 1998 1668 existimari
2025 1625 2218 1669 nemo

176 1696 403 1776 potest
448 1693 519 1757 in
565 1714 643 1758 ea
686 1693 1053 1778 prudentia,
1100 1713 1265 1777 quae
1312 1711 1520 1777 neque
1569 1696 1754 1757 extra
1791 1691 2072 1756 Romam
2118 1713 2220 1756 us·

180 1803 376 1864 quam
440 1802 651 1864 neque
706 1781 955 1847 Romae
1021 1780 1213 1845 rebus
1283 1779 1558 1865 prolatis
1625 1781 1970 1864 quicquam
2024 1780 2219 1863 valet.

180 1869 439 1934 Peritus
495 1869 641 1934 ideo
700 1868 931 1935 haberi
984 1890 1175 1934 nemo
1233 1871 1484 1953 potest,
1540 1867 1714 1953 quod
1767 1869 1836 1932 in
1885 1889 1989 1954 e0‚
2045 1867 2220 1952 quod

101 1975 155 2016 20
182 1958 401 2023 sciunt
446 1978 689 2043 omnes,
735 1958 920 2023 nullo
959 1958 1153 2024 modo
1200 1959 1480 2041 possunt
1513 1957 1688 2022 inter
1724 1978 1795 2022 se
1834 1957 2221 2040 discrepare.

185 2046 493 2112 Difficilis
556 2050 773 2112 autem
829 2068 933 2111 res
990 2046 1136 2111 ideo
1190 2067 1324 2111 non
1378 2049 1680 2131 putatur,
1735 2045 1908 2129 quod
1965 2049 2031 2109 et
2075 2066 2219 2130 per-

186 2135 408 2219 paucis
456 2138 525 2203 et
569 2134 836 2200 minime
882 2134 1176 2201 obscuris
1222 2134 1460 2200 litteris
1508 2134 1896 2200 continetur.
1970 2132 2220 2218 Itaque,

190 2223 247 2287 si
291 2222 470 2309 mihi,
506 2222 758 2289 homini
802 2222 1219 2289 vehementer
1255 2226 1591 2307 occupate,
1639 2220 2050 2287 stomachum
2087 2243 2220 2286 mo-

186 2311 441 2395 veritis,
523 2312 740 2377 triduo
806 2334 909 2376 me
972 2311 1133 2377 iuris
1201 2312 1573 2377 consultum
1639 2332 1778 2376 esse
1844 2310 2222 2395 profitebor.

107 2415 163 2459 2⁶
187 2399 466 2483 Etenim,
514 2421 679 2484 quae
726 2399 805 2467 de
852 2399 1095 2484 scripto
1138 2403 1442 2484 aguntur,
1491 2398 1734 2482 scripta
1780 2402 1935 2464 sunt
1981 2400 2219 2485 omnia,

187 2510 390 2573 neque
436 2490 659 2553 tamen
697 2488 1041 2573 quicquam
1078 2492 1218 2553 tam
1258 2490 1533 2574 anguste
1571 2487 1887 2572 scriptum
1925 2490 2043 2572 est,
2089 2508 2216 2571 quo

190 2598 308 2661 ego
370 2597 507 2641 non
558 2576 807 2661 possim
863 2574 1037 2651 ‘QUA
1091 2593 1187 2641 DE
1242 2593 1334 2640 RE
1379 2574 1664 2641 AGITUR'
1723 2575 1984 2659 addere3
2015 2585 2023 2596 '
2051 2597 2218 2660 quae

191 2664 614 2730 consuluntur
660 2668 895 2748 autem,
941 2664 1211 2729 minimo
1258 2664 1550 2749 periculo
1596 2664 2085 2748 respondentur.
2149 2662 2218 2729 Si

190 2752 273 2836 id,
308 2753 481 2836 quod
518 2756 799 2838 oportet,
834 2753 1265 2838 responderiS‚
1303 2752 1475 2817 idem
1511 2752 1768 2817 videare
1805 2752 2218 2837 respondisse

114 2858 167 2899 zo
193 2841 355 2925 quod
392 2838 686 2925 Servius3
732 2842 836 2905 sin
872 2841 1081 2925 aliter,
1118 2840 1320 2906 etiam
1357 2843 1849 2907 controversum
1885 2841 1987 2906 ius
2023 2862 2216 2907 nosse

193 2934 256 2994 et
298 2931 582 2994 tractare
627 2928 899 2995 videare.
964 2928 1377 3015 Quapropter
1419 2950 1552 2994 non
1599 2929 1810 2994 solum
1845 2928 1966 2994 illa
2002 2930 2217 3012 gloria
2255 2944 2327 2995 29

194 3017 492 3082 militaris
520 3018 757 3083 vestris
796 3016 1095 3083 formulis
1136 3020 1330 3103 atque
1369 3016 1734 3083 actionibus
1765 3016 2218 3100 anteponenda

196 3109 306 3189 est,
350 3126 575 3171 verum
624 3106 825 3171 etiam
872 3105 1121 3171 dicendi
1157 3105 1555 3171 consuetudo
1594 3105 1792 3189 longe
1830 3108 1899 3169 et
1934 3105 2216 3170 multum

195 3194 300 3258 isti
353 3197 609 3259 vestrae
657 3194 1105 3259 exercitationi
1152 3194 1234 3259 ad
1279 3193 1597 3259 honorem
1645 3192 1997 3258 antecellit.
2086 3192 2216 3258 Ita·

121 3298 172 3339 85
198 3302 313 3366 que
359 3280 522 3346 mihi
566 3282 866 3347 videntur
910 3282 1202 3368 plerique
1247 3282 1437 3347 initio
1485 3282 1692 3347 multo
1729 3283 1853 3347 hoc
1890 3280 2218 3365 maluisse,

198 3374 353 3455 post,
399 3391 545 3435 cum
580 3370 648 3434 id
686 3370 957 3455 adsequi
990 3393 1124 3436 non
1160 3370 1549 3456 potuissent,
1593 3370 1765 3435 istuc
1801 3368 2218 3455 potissimum

200 3462 341 3523 sunt
414 3458 681 3543 delapsi.
788 3456 882 3523 Ut
954 3459 1137 3523 aiunt
1207 3458 1274 3523 in
1342 3457 1608 3524 Graecis
1683 3457 2039 3524 artificibus
2104 3479 2217 3523 eos
