2534 3875
785 138 940 194 CAP.
978 145 1191 194 42-44
1230 145 1260 204 ς,
1295 145 1593 195 110-115.
2041 143 2174 207 499

145 283 449 368 sepulcri,
514 305 555 348 a
615 281 757 347 fure
822 282 1177 367 sublatam,
1243 304 1282 347 a
1339 283 1658 369 sacrilego
1716 285 2171 353 conlocatam?

144 372 304 436 haec
349 393 452 435 me
497 371 689 436 domo
736 392 882 435 mea
924 371 1147 456 pellet,
1189 371 1351 436 haec
1394 372 1629 437 victrix
1675 373 1973 440 adflictae
2021 375 2172 441 civi·

144 459 305 524 tatis
359 460 455 524 rei
506 459 808 543 publicae
864 459 1093 544 spoliis
1151 458 1519 543 ornabitur,
1574 459 1734 526 haec
1788 463 1914 526 erit
1967 462 2038 526 in
2096 485 2172 529 eo

145 551 593 632 monumento,
637 547 811 632 quod
856 548 1145 631 positum
1193 552 1320 626 est,
1365 551 1441 612 ut
1487 553 1661 612 esset
1704 549 2014 615 indicium
2063 573 2172 634 op-

92 660 117 700 5
144 636 355 721 pressi
390 639 657 701 senatus
686 635 769 701 ad
796 635 1177 701 memoriam
1206 597 1670 721 sempiternam
1699 637 2172 723 turpitudinis?

146 725 202 790 Ο
266 723 338 800 Q
386 723 640 790 Catule!
714 721 1083 812 (patremne
1156 725 1484 808 appellem
1555 731 1700 790 ante
1773 747 1858 791 an
1917 726 2277 794 filium‘2113

145 813 466 879 recentior
520 813 691 877 enim
746 813 1060 878 memoria
1116 813 1235 876 filii
1290 817 1391 879 est
1446 817 1512 877 et
1567 835 1717 879 cum
1769 813 1930 880 meis
1977 815 2173 880 rebus

148 902 352 989 gestis
426 901 858 985 coniunctior)
931 903 1272 966 tantumne
1335 905 1402 966 te
1467 901 1730 987 fefellit,
1804 924 1949 967 cum
2013 903 2174 968 mihi

149 1012 403 1055 summa
458 993 525 1054 et
578 990 817 1056 cotidie
858 990 1115 1054 maiora
1158 989 1452 1073 praemia
1494 990 1565 1054 in
1609 1012 1681 1055 re
1725 991 1987 1076 publica
2033 990 2173 1056 fore

69 1103 122 1142 ιο
147 1079 472 1163 putabas?
544 1077 855 1165 Negabas
902 1077 1003 1141 fas
1051 1099 1191 1141 esse
1238 1077 1366 1142 duo
1413 1079 1709 1143 consules
1758 1101 1899 1145 esse
1944 1080 2014 1143 in
2050 1079 2174 1144 hac

148 1168 413 1235 civitate
442 1167 737 1232 inimicos
766 1166 862 1230 rei
888 1166 1211 1250 publicae3
1257 1171 1412 1230 sunt
1437 1167 1703 1252 inventi,
1732 1167 1844 1251 qui
1873 1171 2173 1232 senatum

147 1256 412 1320 tribuno
484 1255 729 1320 furenti
792 1254 1217 1320 constrictum
1284 1255 1642 1340 traderent,
1707 1256 1820 1339 qui
1882 1279 2003 1341 pro
2068 1278 2173 1320 me

148 1348 369 1429 patres
417 1343 823 1428 conscriptos
879 1342 1210 1425 deprecari
1256 1345 1324 1406 et
1368 1342 1611 1426 populo
1661 1345 1984 1428 supplices
2031 1366 2173 1410 esse

148 1432 375 1498 edictis
436 1435 628 1516 atque
673 1431 949 1514 imperio
996 1433 1320 1514 vetarent,
1374 1431 1608 1514 quibus
1655 1433 2172 1516 inspectantibus

71 1541 123 1582 15
150 1521 379 1587 domus
451 1543 597 1584 mea
660 1519 1164 1602 disturbaretur,
1236 1519 1651 1602 diriperetur,
1727 1520 1840 1603 qui
1903 1520 2174 1604 denique

150 1611 483 1674 ambustas
544 1608 956 1674 fortunarum
1026 1629 1319 1672 mearum
1372 1607 1684 1691 reliquias
1741 1629 1890 1673 suas
1947 1609 2174 1673 domos

149 1698 541 1782 comportari
585 1697 901 1761 iuberent.
972 1693 1181 1760 Venio
1228 1717 1398 1760 nunc
1445 1696 1527 1760 ad
1571 1700 1846 1781 patrem.
1938 1696 2053 1781 Tu,
2101 1694 2280 1771 Q.114

151 1784 409 1870 Catule,
474 1785 562 1850 M.
616 1783 807 1850 Fulvi
872 1784 1161 1866 domum,
1224 1806 1372 1848 cum
1435 1784 1492 1848 is
1557 1784 1784 1848 fratris
1838 1785 1938 1849 tui
1994 1807 2178 1850 socer

148 1873 407 1959 fuisset,
471 1877 961 1940 monumentum
1024 1877 1285 1938 tuarum
1349 1872 1802 1937 manubiarum
1868 1893 2010 1939 esse
2063 1895 2178 1939 vo·

68 1984 125 2025 20
150 1963 361 2047 luisti,
425 1968 501 2028 ut
563 1964 698 2029 eius
709 2015 727 2047 ,
791 1962 901 2046 qui
962 1962 1328 2045 perniciosa
1387 1962 1483 2026 rei
1543 1962 1842 2045 publicae
1901 1962 2176 2028 consilia

150 2054 454 2136 cepisset,
511 2052 725 2116 omnis
772 2051 1086 2115 memoria
1128 2048 1422 2115 funditus
1469 2072 1548 2115 ex
1595 2050 1796 2114 oculis
1840 2050 2175 2115 hominum

152 2161 229 2203 ac
282 2140 611 2204 mentibus
665 2139 1021 2204 tolleretur.
1112 2137 1257 2204 Hoe
1313 2138 1371 2203 si
1427 2139 1571 2223 qui‘s
1627 2138 1752 2202 tibi
1809 2139 2175 2204 aedificanti

150 2227 335 2291 illam
400 2227 721 2310 porticum
786 2227 1049 2310 diceret,
1111 2226 1251 2291 fore
1311 2230 1602 2311 tempus,
1659 2246 1807 2290 cum
1861 2227 1918 2291 is
1972 2227 2176 2291 tribu-

150 2336 273 2379 nus
332 2314 438 2398 pl.,
484 2315 595 2399 qui
648 2316 1104 2380 auctoritatem
1154 2319 1446 2398 senatus,
1501 2314 1810 2379 iudicium
1857 2314 2173 2380 bonorum

70 2423 124 2464 25
153 2405 440 2468 omnium
504 2403 925 2488 neglexisset,
988 2408 1173 2467 tuum
1239 2406 1732 2468 monumentum
1798 2404 2174 2468 consulibus

149 2512 287 2557 non-
328 2491 520 2557 modo
566 2491 1082 2576 inspectantibus
1091 2541 1110 2574 ,
1166 2512 1390 2555 verum
1437 2490 1896 2556 adiuvantibus
1943 2492 2176 2557 distur-

150 2581 358 2665 baret,
395 2584 711 2646 everteret
746 2580 938 2663 idque
975 2601 1122 2646 cum
1157 2579 1296 2644 eius
1325 2579 1503 2663 civis,
1541 2580 1650 2664 qui
1676 2600 1815 2644 rem
1841 2580 2175 2665 publicam

152 2692 230 2735 ex
285 2672 547 2734 senatus
604 2669 991 2733 auctoritate
1038 2667 1264 2731 consul
1313 2666 1733 2752 defendisset,
1790 2668 1980 2734 domo
2029 2691 2174 2735 con-

150 2758 478 2843 iungeret,
538 2778 751 2821 nonne
813 2755 1235 2841 responderes
1301 2754 1367 2821 id
1429 2756 1558 2820 nisi
1621 2774 1847 2821 eversa
1910 2757 2175 2825 civitate

68 2864 126 2904 30
152 2845 438 2910 accidere
484 2866 616 2909 non
659 2844 899 2930 posse?

286 2934 381 2997 At
450 2933 663 2999 videte
736 2932 1019 2998 hominis
1081 2931 1563 2997 intolerabilem
1628 2932 1963 2999 audaciam
2029 2954 2172 2998 eum
2193 2912 2282 2975 44

152 3021 442 3107 proiecta
488 3021 767 3106 quadam
806 3027 871 3085 et
908 3020 1219 3085 effrenata
1256 3020 1626 3105 eupiditate.
1700 2989 2282 3086 Monimentum¹¹⁵

152 3113 280 3175 iste
318 3131 624 3193 umquam
663 3114 778 3175 aut
814 3108 1195 3194 religionem
1231 3109 1436 3173 ullam
1473 3109 1913 3195 excogitavit?
1978 3108 2178 3173 Habi-

151 3202 295 3263 tare
350 3197 497 3263 laxe
549 3201 616 3263 et
671 3197 1013 3284 magnifice
1066 3197 1280 3263 voluit
1334 3197 1622 3281 duasque
1677 3201 1744 3261 et
1790 3216 2063 3282 magnas
2111 3200 2177 3260 et

70 3304 124 3345 ³⁵
152 3286 404 3353 nobiles
461 3286 687 3353 domos
743 3287 1146 3371 coniungere.
1248 3285 1496 3351 Eodem
1551 3288 1792 3369 puncto
1847 3286 2179 3368 temporiS,

156 3397 283 3459 quo
313 3395 520 3455 ‚meus
576 3375 895 3441 discessus
949 3374 1063 3439 isti
1120 3395 1385 3441 causam
1433 3372 1648 3438 caedis
1695 3371 1961 3458 eripuit,
2017 3394 2055 3437 a
2101 3372 2178 3450 Q.

152 3460 299 3529 Seio
358 3464 714 3550 contendit,
770 3467 845 3530 ut
890 3463 1018 3529 sibi
1065 3462 1330 3529 domum
1376 3460 1709 3545 venderet3
1764 3483 1908 3526 cum
1954 3461 2064 3525 ille
2109 3460 2178 3526 id

1744 3565 1854 3619 32*
