2534 3875
786 167 939 224 cAP.
978 174 1188 224 35-37
1227 174 1257 235 s
1297 175 1524 224 94—99.
1918 250 1920 253 Ι
2041 171 2176 236 493

142 314 439 380 recreari.
538 312 806 398 Accepi,
860 313 1229 398 pontifices,
1287 335 1598 400 magnum
1654 318 1848 399 atque
1909 317 2177 381 incredi-
2215 334 2282 383 97

143 403 348 467 bilem
405 401 725 484 dolorem3
781 423 915 466 non
966 421 1133 485 nego
1179 423 1388 485 neque
1433 401 1629 467 istam
1677 403 1841 467 mihi
1887 404 2173 470 adscisco

146 491 567 575 sapientiam,
626 512 823 573 quam
876 511 1010 554 non
1063 489 1230 554 nulli
1285 490 1354 554 in
1407 511 1510 554 me
1567 493 2010 576 requirebant,
2061 494 2177 576 *qui

144 601 249 643 me
286 579 503 643 animo
540 578 737 642 nimis
774 577 983 642 fracto
1023 599 1163 642 esse
1201 580 1396 662 atque
1435 577 1693 644 adflicto
1722 579 2176 664 loquebamur.

89 685 116 726 5
146 666 257 731 An
312 688 434 752 ego
490 669 818 751 poteram,
887 687 1034 730 cum
1090 688 1129 730 a
1184 669 1288 730 tot
1343 688 1559 730 rerum
1614 670 1804 731 tanta
1857 667 2174 733 varietate

143 755 499 838 divellerer,
538 776 698 838 quas
736 753 975 819 idcirco
1014 757 1370 837 praetereO,
1409 755 1579 838 quod
1606 777 1688 820 ne
1718 777 1886 821 nunc
1916 756 2176 839 quidem

144 845 285 908 sine
328 843 487 908 fletu
533 863 1041 925 commemorare
1086 864 1373 927 possum,
1419 843 1690 907 infitiari
1735 865 1838 908 me
1887 866 2027 908 esse
2063 845 2177 910 ho-

144 934 388 996 minem
426 935 493 995 et
530 952 938 996 communem
972 933 1245 994 naturae
1277 953 1538 996 sensum
1565 932 1950 1016 repudiare?
2007 931 2175 997 Tum

143 1042 297 1085 vero
362 1041 569 1103 neque
634 1019 799 1083 illud
856 1040 1070 1083 meum
1122 1017 1371 1084 factum
1427 1020 1756 1085 laudabile
1811 1042 1929 1086 nec
1984 1021 2174 1084 bene-

65 1127 117 1166 10
143 1109 365 1174 ficium
430 1108 637 1172 ullum
703 1130 742 1172 a
804 1129 907 1171 me
960 1107 1028 1170 in
1082 1128 1221 1170 rem
1277 1107 1608 1191 publicam
1661 1109 2028 1194 profectum
2085 1109 2175 1173 di-

144 1219 381 1280 cerem,
450 1195 766 1280 siquidem
832 1217 909 1260 ea
970 1195 1067 1258 rei
1129 1195 1429 1280 publicae
1489 1218 1686 1261 causa
1744 1197 2174 1281 reliquissem,

144 1286 381 1370 quibus
428 1305 633 1368 aequo
681 1283 899 1348 animo
946 1305 1247 1366 carerem,
1297 1305 1568 1367 eamque
1615 1285 1817 1349 animi
1863 1286 2173 1350 duritiam

144 1375 311 1439 sicut
357 1372 667 1456 corporiS,
714 1372 883 1455 quod
930 1393 1076 1437 cum
1121 1371 1351 1456 uritur,
1394 1394 1530 1437 non
1573 1373 1792 1457 sentit,
1839 1378 2174 1458 stuporem

143 1462 361 1546 potius
445 1483 641 1545 quam
722 1461 1031 1524 virtutem
1104 1463 1420 1544 putarem.
1541 1459 1878 1545 Suscipere
1950 1466 2172 1527 tantos
2194 1441 2280 1568 ἒξ

66 1567 116 1606 15
146 1550 346 1614 animi
410 1549 667 1614 dolores
735 1552 929 1632 atque
994 1569 1099 1631 ea,
1165 1570 1328 1631 quae
1393 1552 1588 1632 capta
1650 1550 1812 1614 urbe
1877 1549 2173 1614 accidunt

142 1639 361 1720 victiS,
426 1640 641 1702 stante
706 1637 867 1701 urbe
930 1657 1134 1700 unum
1196 1638 1453 1721 perpeti
1522 1640 1588 1702 et
1645 1638 1778 1702 iam
1834 1659 1903 1702 se
1957 1638 2175 1702 videre

144 1725 417 1791 distrahi
481 1748 523 1790 a
576 1727 891 1808 conplexu
946 1746 1239 1808 suorum,
1305 1725 1661 1790 disturbari
1716 1729 1916 1809 tecta,
1981 1725 2176 1810 diripi

142 1815 469 1897 fortunas,
526 1813 781 1898 patriae
838 1813 1112 1897 denique
1159 1834 1354 1878 causa
1398 1813 1682 1898 patriam
1729 1813 1943 1898 ipsam
1990 1815 2176 1878 amit·

144 1906 311 1988 tere,
378 1902 648 1988 spoliari
710 1901 937 1987 populi
1002 1899 1285 1967 Romani
1347 1901 1674 1968 beneficiis
1733 1900 2175 1987 amplissimiS,

64 2009 119 2049 20
144 1992 563 2078 praecipitari
608 2014 687 2055 ex
724 1991 1048 2055 altissimo
1088 1990 1432 2077 dignitatis
1470 1992 1694 2075 gradu,
1739 1991 1958 2055 videre
1993 2013 2176 2075 prae-

144 2083 431 2145 textatos
486 2080 783 2143 inimicos
840 2079 1129 2144 nondum
1182 2083 1392 2144 morte
1451 2078 1856 2163 complorata
1903 2079 2176 2143 arbitria

145 2168 429 2251 petentis
466 2166 712 2231 funeris
756 2204 831 2215 —
873 2168 1034 2232 haec
1073 2168 1292 2232 omnia
1330 2168 1546 2231 subire
1584 2167 2176 2232 conservandorum

146 2253 383 2320 civium
438 2275 633 2319 causa
688 2259 882 2337 atque
937 2256 1032 2319 ita
1064 2257 1237 2339 pati,
1291 2259 1368 2320 ut
1417 2255 1708 2320 dolenter
1751 2254 1925 2319 feras
1973 2258 2039 2319 et
2087 2256 2176 2319 sis

143 2365 279 2408 non
323 2346 462 2406 tam
510 2342 765 2426 sapiens
814 2365 1010 2427 quam
1056 2344 1131 2427 ii,
1194 2344 1306 2426 qui
1349 2343 1516 2407 nihil
1563 2346 1820 2427 curant,
1877 2343 1991 2407 sed
2036 2347 2174 2408 tam

65 2448 118 2490 25
148 2452 373 2497 amans
420 2434 685 2495 tuorum
731 2452 805 2495 ac
850 2432 965 2513 tui,
1013 2452 1207 2515 quam
1254 2430 1616 2496 communis
1653 2430 2026 2496 humanitas
2063 2454 2175 2516 po-

146 2521 375 2604 stulat,
437 2541 513 2584 ea
557 2520 700 2583 laus
746 2520 1081 2603 praeclara
1128 2523 1321 2603 atque
1369 2519 1587 2583 divina
1635 2524 1750 2584 est.
1839 2517 2014 2584 Nam
2063 2521 2170 2605 qui

148 2632 250 2693 ea,
325 2630 491 2693 quae
553 2628 907 2690 numquam
974 2630 1125 2673 cara
1192 2629 1265 2671 ac
1330 2608 1608 2673 iucunda
1672 2608 1880 2692 duxit,
1954 2609 2171 2673 animo

149 2719 354 2781 aequo
392 2696 488 2761 rei
522 2695 821 2781 publicae
860 2717 1055 2761 causa
1091 2695 1350 2779 deserit,
1386 2696 1637 2761 nullam
1665 2696 2173 2762 benivolentiam

146 2786 473 2871 insignem
535 2784 606 2847 in
669 2806 808 2847 rem
868 2783 1197 2868 publicam
1263 2783 1580 2867 declarat3
1644 2785 1755 2869 qui
1813 2788 2034 2849 autem
2097 2807 2173 2849 ea

67 2890 121 2930 ³0
148 2873 459 2957 relinquit
520 2872 617 2937 rei
680 2871 979 2957 publicae
1038 2892 1263 2955 causa,
1331 2893 1370 2935 a
1426 2873 1658 2956 quibus
1715 2894 1859 2938 cum
1919 2894 2172 2937 summo

148 2960 370 3025 dolore
435 2961 795 3041 divellitur,
861 2961 920 3023 ei
985 2981 1137 3024 cara
1199 2960 1419 3044 patria
1474 2964 1596 3044 est,
1660 2961 1841 3026 cuius
1897 2962 2172 3025 salutem

147 3048 405 3115 caritati
474 3048 811 3132 anteponit
876 3069 1158 3111 suorum.
1256 3046 1497 3132 Quare,
1551 3049 1964 3133 dirumpatur
2018 3048 2172 3113 licet
2210 3064 2277 3114 99

145 3138 276 3202 ista
318 3136 493 3201 furia
531 3140 727 3220 atque
746 3133 837 3221 *²³2
885 3135 1108 3201 audiat
1142 3136 1302 3201 haec
1340 3158 1418 3201 ex
1455 3159 1577 3220 me,
1625 3137 1932 3220 quoniam
1969 3137 2172 3201 laces-

148 3226 333 3291 sivit:
406 3224 519 3289 Bis
578 3225 828 3291 servavi
880 3244 1011 3289 rem
1052 3225 1398 3307 publicam,
1455 3226 1566 3309 qui
1622 3224 1845 3289 consul
1902 3227 2172 3309 togatus

68 3328 121 3371 35
150 3317 437 3379 armatos
474 3313 755 3399 vicerim,
799 3313 1091 3398 privatus
1129 3314 1503 3379 consulibus
1544 3313 1812 3377 armatis
1851 3312 2172 3375 cesserim.

148 3402 502 3485 Utriusque
548 3402 861 3487 temporis
898 3402 1179 3466 fructum
1216 3402 1343 3466 tuli
1379 3401 1754 3483 maximum,
1801 3400 2172 3484 superioriS,

150 3490 321 3576 quod
358 3512 435 3555 ex
474 3494 733 3556 senatus
774 3489 1163 3557 auctoritate
1201 3494 1267 3555 et
1307 3494 1604 3555 senatum
1633 3493 1699 3554 et
1726 3487 1935 3554 omnis
1964 3489 2170 3553 bonos
