2534 3875
319 182 452 246 234
873 179 1015 236 PRO
1057 183 1114 236 C.
1152 180 1451 235 RABIRIO
1492 180 1781 236 ORATIO.

317 327 852 409 fortunarumque
919 328 1210 391 omnium
1269 324 1339 391 G.
1395 324 1623 390 Rabiri
1690 324 2109 409 proponenda
2173 327 2348 388 ratio

316 416 573 481 videtur
635 436 773 479 esse
821 414 1021 479 officii
1067 414 1221 497 mei,
1267 420 1614 498 propterea
1659 414 1858 498 quod,
1915 434 2079 497 quae
2125 412 2350 477 iustis-

317 506 485 568 sima
537 504 700 567 mihi
756 525 950 568 causa
997 502 1078 566 ad
1123 503 1294 567 hunc
1340 502 1809 567 defendendum
1855 523 1995 566 esse
2041 502 2182 565 visa
2227 505 2351 584 est,

245 610 278 656 2
316 592 538 657 eadem
586 592 770 656 vobis
828 592 910 655 ad
956 589 1423 655 absolvendum
1472 592 1663 655 debet
1707 590 1931 656 videri.
2020 588 2193 654 Nam
2240 612 2350 654 me

315 703 463 745 cum
519 680 844 745 amicitiae
899 682 1190 743 vetustas
1201 727 1218 760 ‚
1284 701 1429 744 cum
1487 678 1773 762 dignitas
1826 679 2138 761 hominiS,
2194 700 2348 743 cum
2378 702 2407 743 5

314 770 484 834 ratio
539 767 968 833 humanitatis
979 818 996 850 ,
1051 790 1195 831 cum
1256 788 1437 831 meae
1481 768 1657 831 vitae
1712 771 2027 852 perpetua
2081 788 2349 831 consue-

313 858 472 921 tudo
521 856 604 921 ad
643 855 712 921 C.
739 856 1078 920 Rabirium
1127 855 1594 921 defendendum
1642 862 1743 919 est
1788 856 2154 937 adhortata,
2198 859 2347 920 tum

313 967 494 1028 vere,
542 949 616 1009 ut
661 944 728 1007 id
775 944 1249 1008 studiosissime
1296 943 1603 1027 facerem,
1661 945 1837 1009 salus
1884 944 1979 1008 rei
2022 944 2347 1028 publicae,

314 1034 652 1098 consulare
709 1032 1020 1117 officium,
1077 1032 1453 1097 consulatus
1501 1034 1771 1117 denique
1816 1032 1957 1116 ipse
2005 1032 2167 1096 mihi
2212 1055 2347 1097 una

313 1143 356 1185 a
401 1122 590 1186 vobis
637 1144 783 1185 cum
830 1121 1041 1185 salute
1087 1120 1182 1184 rei
1228 1122 1525 1205 publicae
1574 1121 2061 1185 commendatus
2109 1122 2346 1206 coegit.
2376 1146 2431 1185 ιο

313 1208 469 1273 Non
507 1209 680 1273 enim
709 1207 777 1273 C.
807 1209 1149 1274 Rabirium
1186 1210 1379 1294 culpa
1416 1209 1655 1291 delicti,
1692 1232 1827 1274 non
1862 1209 2107 1273 invidia
2140 1212 2345 1274 vitae-

315 1300 525 1381 [que],
587 1319 720 1362 non
787 1298 1060 1381 denique
1122 1302 1372 1363 veteres
1435 1298 1645 1363 iustae
1712 1319 2071 1385 gravesque
2133 1298 2346 1361 inimi-

313 1385 506 1450 citiae
553 1386 789 1451 civium
836 1386 905 1450 in
952 1386 1301 1451 discrimen
1347 1386 1582 1471 capitis
1628 1390 2051 1470 vocaverunt,
2108 1387 2223 1451 sed
2270 1391 2345 1451 ut

310 1473 475 1537 illud
557 1495 882 1539 summum
971 1474 1284 1539 auxilium
1358 1475 1722 1539 maiestatis
1796 1478 1992 1558 atque
2064 1474 2345 1558 imperii,

312 1562 485 1646 quod
539 1563 729 1627 nobis
787 1586 826 1627 a
881 1563 1235 1627 maioribus
1296 1566 1395 1627 est
1439 1562 1785 1644 traditum,
1840 1563 1918 1627 de
1963 1584 2033 1627 re
2078 1564 2347 1646 publica
2376 1587 2429 1627 15

310 1650 684 1735 tolleretur,
738 1655 813 1715 ut
866 1651 1031 1715 nihil
1086 1651 1363 1735 posthac
1420 1652 1774 1716 auctoritas
1830 1655 2119 1735 senatus,
2175 1652 2343 1715 nihil

312 1739 651 1803 consulare
710 1740 1082 1822 imperium,
1140 1739 1307 1803 nihil
1362 1740 1699 1804 consensio
1746 1740 2064 1804 bonorum
2112 1744 2344 1804 contra

310 1829 561 1909 pestem
619 1850 693 1892 ac
747 1828 1101 1911 perniciem
1157 1827 1445 1892 civitatis
1498 1829 1771 1912 valeret,
1823 1828 2061 1894 idcirco
2116 1828 2189 1893 in
2234 1830 2341 1893 his

310 1915 506 1980 rebus
571 1917 935 1981 evertendis
1001 1917 1190 1981 unius
1255 1916 1535 1982 hominis
1602 1920 1925 2001 senectus,
1990 1917 2341 1983 infirmitas

239 2021 272 2068 3
311 2003 724 2087 solitudoque
771 2008 1092 2088 temptata
1137 2010 1255 2069 est.
1347 2003 1551 2080 Quam
1602 2007 1685 2070 ob
1732 2028 1890 2087 rem,
1936 2006 1994 2069 si
2040 2011 2139 2070 est
2185 2008 2343 2071 boni
2372 2029 2430 2070 20

310 2093 624 2170 consuliS,
685 2115 832 2156 cum
889 2097 1123 2158 cuncta
1177 2094 1423 2158 auxilia
1468 2095 1564 2158 rei
1609 2094 1909 2178 publicae
1955 2094 2343 2160 labefactari

309 2180 715 2264 convellique
787 2182 1033 2265 videat,
1106 2181 1277 2246 ferre
1352 2205 1541 2266 opem
1615 2183 1894 2267 patriae,
1968 2197 2341 2248 succurrere

309 2268 510 2332 saluti
537 2269 946 2353 fortunisque
975 2270 1443 2354 communibuS,
1480 2271 1831 2354 implorare
1859 2271 2097 2336 civium
2124 2272 2341 2355 fidem,

311 2379 494 2420 suam
545 2358 821 2422 salutem
859 2359 1287 2442 posteriorem
1332 2359 1538 2423 salute
1577 2359 1905 2423 communi
1944 2360 2190 2442 ducere,
2239 2365 2343 2425 est

310 2444 507 2507 etiam
545 2444 863 2509 bonorum
903 2450 968 2510 et
1003 2446 1274 2510 fortium
1311 2446 1566 2528 civium,
1615 2447 1837 2531 quales
1877 2469 1993 2512 vos
2032 2450 2340 2514 omnibus
2370 2471 2425 2511 25

308 2531 403 2594 rei
460 2533 757 2615 publicae
804 2535 1208 2617 temporibus
1257 2535 1566 2599 extitistis
1579 2587 1595 2618 ,
1650 2535 2077 2601 intercludere
2125 2539 2342 2602 omnis

309 2618 700 2684 seditionum
753 2623 920 2703 viaS,
977 2623 1227 2687 munire
1274 2624 1599 2706 praesidia
1644 2624 1740 2688 rei
1783 2625 2112 2708 publicae,
2168 2647 2342 2690 sum·

308 2729 486 2770 mum
524 2707 594 2770 in
630 2710 1005 2774 consulibus
1042 2711 1406 2794 imperium,
1455 2734 1779 2777 summum
1816 2713 1885 2777 in
1923 2717 2151 2778 senatu
2190 2736 2343 2779 con-

309 2795 525 2858 silium
588 2799 850 2880 putare3
917 2820 994 2862 ea
1059 2799 1169 2882 qui
1231 2804 1487 2864 secutus
1556 2800 1669 2884 sit,
1732 2801 1920 2865 laude
1984 2801 2204 2886 potius
2273 2807 2342 2868 et

305 2881 554 2946 honore
633 2906 825 2967 quam
899 2908 1110 2968 poena
1185 2891 1250 2951 et
1316 2888 1635 2972 supplicio
1701 2889 1971 2975 dignum
2032 2889 2342 2957 iudicare.
2369 2912 2424 2952 so

234 2987 270 3034 4
309 2968 518 3046 Quam
558 2972 640 3035 ob
678 2995 814 3037 rem
853 2974 1042 3038 labor
1076 2975 1145 3038 in
1181 2976 1305 3041 hoc
1344 2976 1741 3041 defendendo
1782 2978 2123 3062 praecipue
2156 3001 2341 3044 meus

308 3065 426 3143 est,
476 3059 760 3124 studium
807 3083 960 3126 vero
1010 3065 1432 3129 conservandi
1476 3065 1759 3130 hominis
1798 3088 2137 3130 commune
2177 3067 2343 3132 mihi

308 3148 644 3212 vobiscum
691 3171 830 3213 esse
878 3150 1154 3217 debebit.

226 3236 270 3298 2
441 3233 546 3301 Sic
593 3237 765 3302 enim
813 3238 1186 3304 existimare
1235 3241 1513 3325 debetis,
1568 3240 1879 3327 Quirites,
1932 3246 2086 3328 post
2130 3243 2343 3310 homi·

304 3346 462 3387 num
518 3327 902 3390 memoriam
947 3349 1087 3392 rem
1131 3330 1385 3393 nullam
1431 3330 1771 3414 maiorem,
1827 3332 2039 3416 magis
2088 3333 2343 3416 pericu·
2371 3351 2427 3391 85

307 3410 545 3496 losam,
610 3415 821 3500 magis
881 3416 962 3479 ab
1023 3417 1323 3482 omnibus
1372 3418 1558 3483 vobis
1618 3418 2082 3503 providendam
2129 3443 2344 3505 neque

306 3520 345 3560 a
410 3500 675 3566 tribuno
741 3504 832 3587 pl.
895 3508 1266 3590 susceptam
1322 3527 1529 3590 neque
1586 3528 1625 3570 a
1680 3507 1943 3572 consule
2004 3507 2347 3576 defensam
