2534 3875
319 116 427 173 XX
948 111 1148 166 ADNO
1156 111 1374 167 TATIO
1414 111 1717 168 CRITICA.

317 262 383 311 ut
415 255 624 310 homini
651 255 779 309 huic
804 253 1008 319 Halm„
1047 256 1256 309 homini
1284 253 1409 308 edd.
1442 284 1509 294 -
1536 253 1598 309 P.
1631 260 1713 308 72.
1736 260 1801 309 37
1831 254 2066 325 [virtute
2091 256 2354 326 cognita]

317 325 507 394 Kays„
544 324 730 379 Madv.
767 324 910 378 Adv.
949 323 1029 377 111
1106 367 1118 378 .
1162 331 1263 378 126
1296 341 1377 392 sq.
1408 355 1475 365 -
1504 324 1585 380 Ib.
1626 341 1707 392 sq.
1736 326 2070 392 amplissimo
2098 332 2188 380 tot.
2219 326 2351 382 Etr.

317 399 536 452 nomine
571 396 788 463 Garat„
836 394 1008 462 Β811;.,
1133 396 1239 449 otz.
1254 437 1268 462 ,
1318 396 1645 463 amplissimi
1690 396 1857 449 totius
1900 412 1955 449 se
2000 397 2118 451 twri
2160 413 2220 451 re
2254 413 2353 451 no-

317 469 462 521 mine
494 465 564 533 T,
613 467 776 531 ampl.
815 482 870 519 se
915 467 1082 519 tutire
1127 482 1268 519 nom.
1307 467 1483 519 tocius
1528 465 1604 532 V,
1653 466 2049 534 amplissimum
2085 471 2177 521 tot.
2218 466 2350 522 Etr.

286 582 288 584 .
317 536 668 607 [hominum]
694 535 880 590 Madv.
909 533 1180 589 Fleckeis
1213 552 1340 590 ann.
1375 542 1511 591 1856
1539 553 1591 604 p.
1628 541 1743 604 124,
1782 535 1969 604 Kays,
1999 538 2355 606 amplissimis

319 614 370 663 et
399 614 567 663 vetere
593 608 810 661 nomine
835 608 1068 677 ‘negotiis
1094 605 1279 659 Madv.
1311 606 1462 675 apud
1490 606 1724 661 Franck.
1753 624 1809 675 p.
1838 612 1960 672 272,
1990 606 2099 661 (181.
2120 614 2179 661 et
2207 607 2351 663 Adv.

319 678 402 733 III
426 695 481 747 p.
508 684 624 732 126.
651 676 996 731 Emendatus
1023 693 1138 729 non
1166 679 1254 729 est
1271 677 1444 731 locus.
1466 707 1535 717 —
1554 677 1615 731 P.
1638 684 1723 731 73.
1742 684 1775 731 3
1804 683 1898 731 est
1924 676 2131 745 Halm„
2161 676 2351 748 Kays„

320 748 525 816 Klotz„
563 750 637 803 sit
665 749 796 803 cett.
827 746 1006 813 codd,
1038 746 1203 813 Bait„
1234 750 1549 814 offenderim
1574 749 1625 802 si
1652 746 1713 802 Τ.
1772 748 1878 803 Sit
1902 764 2005 819 pro
2035 755 2111 802 est
2136 748 2356 803 habent

319 818 482 874 codd.
500 836 557 888 p.
575 824 659 872 62.
680 823 761 886 18,
795 824 876 872 79.
894 823 979 884 22,
1014 822 1130 871 138.
1152 823 1234 883 15,
1268 823 1384 871 165.
1402 823 1467 872 23
1486 815 1618 887 (W),
1648 823 1770 873 210.
1786 823 1873 885 25,
1902 824 2023 873 211.
2040 824 2127 887 32,
2156 825 2279 873 222.
2298 826 2351 887 4,

319 896 442 945 228.
463 894 544 955 13,
567 894 790 955 285.16,
813 895 933 943 493.
955 894 1024 942 26
1045 890 1176 957 (0111.
1197 887 1367 955 PW),
1390 894 1509 943 527.
1530 894 1594 942 12
1616 887 1687 956 (G
1698 888 1760 956 E,
1781 905 1985 957 nupers
2002 888 2113 957 ΡΙ),
2133 896 2226 943 est
2244 907 2350 960 pro

317 962 392 1014 sit
407 977 462 1028 p.
490 966 572 1013 11.
599 966 662 1013 13
689 960 903 1026 11188111,
938 964 1054 1013 159.
1088 965 1136 1025 7,
1167 964 1289 1013 287.
1309 964 1361 1025 4;
1389 964 1547 1013 sunt
1571 975 1674 1028 pro
1703 961 1819 1013 sint
1844 976 1901 1028 p.
1933 965 2016 1013 70.
2037 966 2122 1027 36,
2155 967 2239 1016 79.
2261 968 2351 1030 30,

319 1036 404 1085 85.
426 1037 520 1097 31,
573 1035 772 1096 9214,
814 1035 1011 1096 1033,
1054 1035 1171 1082 194.
1192 1035 1287 1095 33,
1328 1034 1527 1097 200.1,
1566 1034 1687 1083 214.
1710 1035 1803 1097 24,
1842 1035 2078 1097 27813,
2118 1037 2239 1086 284.
2262 1038 2352 1099 28,

320 1107 441 1156 317.
466 1106 548 1168 17,
588 1106 709 1155 398.
734 1106 816 1168 14,
845 1106 969 1154 419.
994 1105 1040 1166 1,
1072 1106 1192 1154 501.
1214 1106 1301 1167 22,
1331 1106 1451 1153 529.
1474 1103 1558 1166 25,
1588 1103 1728 1154 sint
1753 1116 1856 1170 pro
1884 1107 2015 1155 sunt
2040 1118 2097 1170 p.
2124 1108 2239 1160 146.
2266 1108 2349 1169 18,

323 1177 440 1225 186.
465 1177 512 1238 7,
553 1176 674 1224 229.
699 1177 782 1237 30,
822 1176 943 1225 312.
975 1175 1060 1236 11,
1099 1176 1220 1224 392.
1242 1176 1339 1237 26,
1377 1176 1499 1225 530.
1521 1176 1615 1239 29,
1657 1174 1892 1234 538.25;
1932 1170 2007 1225 ad
2041 1188 2097 1239 p.
2136 1177 2257 1226 222.
2289 1178 2349 1239 43

319 1247 440 1295 200.
464 1246 556 1308 15,
596 1247 716 1296 203.
739 1248 788 1307 3,
827 1246 948 1294 210.
971 1246 1058 1307 34,
1096 1246 1325 1309 217.11,
1362 1246 1587 1308 32821,
1619 1247 1812 1308 3281,
1841 1246 2079 1309 47433,
2122 1247 2349 1310 14618,

322 1318 438 1366 189.
471 1317 556 1379 21,
596 1317 715 1365 323.
745 1316 839 1378 20,
879 1317 999 1367 471.
1033 1318 1124 1377 11;
1164 1317 1248 1365 62.
1284 1317 1373 1379 18,
1416 1316 1535 1366 194.
1566 1318 1651 1379 33,
1690 1317 1811 1366 202.
1845 1318 1927 1377 12,
1959 1318 2080 1367 395.
2110 1318 2195 1379 29,
2226 1319 2352 1369 474.

319 1388 404 1437 29.
443 1411 511 1422 -
549 1381 610 1437 P.
649 1388 734 1435 73.
773 1388 840 1436 12
878 1384 1098 1451 quaeri,
1148 1388 1335 1436 utrum
1369 1381 1568 1449 Klotz„
1607 1384 1822 1451 quam-it
1860 1382 2020 1437 codd.

460 1522 923 1592 Pompeianae
962 1522 1234 1576 orationis
1274 1521 1560 1576 codicibus
1596 1521 1808 1578 Baiter.
1844 1540 1979 1576 usus
2009 1525 2098 1577 est
2164 1526 2351 1579 raeter

318 1593 654 1663 particulam
681 1593 944 1662 palimpS.
963 1593 1206 1660 Taurin.,
1234 1594 1296 1647 in
1324 1610 1437 1659 qua
1464 1595 1595 1645 sunt
1611 1595 1727 1647 tres
1748 1599 1811 1659 ἓξ
1832 1598 2060 1661 41-43,
2149 1594 2215 1647 rf
2220 1612 2257 1647 u
2268 1598 2349 1651 rt.

318 1663 383 1732 E,
423 1663 636 1718 Palat.
680 1670 816 1719 1525
854 1663 923 1731 V,
963 1664 1285 1731 Tegerns.
1324 1662 1385 1729 Τ,
1423 1662 1759 1717 Fuldensi
1795 1663 1863 1732 F,
1903 1665 2092 1719 Bern.
2130 1682 2185 1719 n.
2225 1670 2351 1720 254

319 1734 382 1802 Β,
413 1734 776 1789 Werdensi
795 1734 886 1801 W,
919 1736 1110 1802 ‘quem
1145 1732 1421 1787 delibavit
1449 1733 1633 1802 magis
1662 1750 1833 1802 quam
1860 1734 2119 1790 exhausit
2138 1734 2348 1791 Guliel-

319 1805 506 1871 mius',
553 1805 964 1858 membranis
1013 1803 1246 1858 Colon.
1287 1802 1549 1857 Gulielm.
1590 1804 1629 1858 O
1670 1804 1763 1859 vel
1806 1804 2089 1861 Basilic.
2128 1805 2209 1860 cb
2257 1808 2351 1861 vel

320 1874 567 1943 Hittorp.
607 1872 702 1942 Ch,
745 1875 1014 1927 ‘vetusto’
1056 1872 1389 1927 monasterii
1422 1873 1467 1927 P
1479 1890 1736 1929 arcens.
1768 1876 1834 1946 ξβ,
1878 1876 2065 1943 ‘quem
2103 1893 2231 1930 cum
2260 1878 2349 1933 ed.

320 1946 650 2069 Γ1ἰἹ11811111-,1ί80118
674 1961 735 2042 ’a
769 1950 905 2000 1554
944 1945 1186 1999 contulit
1223 1945 1453 2014 eiusque
1489 1946 1736 2015 margini
1773 1947 2077 2017 adscripsit
2102 1946 2347 2003 Levinus

372 2032 537 2070 orren
565 2032 665 2069 1118.

463 2085 739 2152 Quoniam
775 2101 990 2153 eorum,
1038 2102 1183 2154 quae
1219 2102 1250 2140 8
1290 2087 1451 2142 codd.
1489 2086 1579 2156 W,
1616 2086 1684 2156 C,
1722 2087 1773 2157 ’,Β
1810 2088 2195 2157 proferuntur,
2232 2107 2351 2144 non

323 2156 462 2210 satis
499 2159 656 2210 certa
689 2156 830 2210 fides
867 2159 968 2224 est,
1008 2155 1059 2210 V
1090 2156 1277 2224 ‘quasi
1304 2157 1544 2212 alterum
1573 2159 1889 2227 exemplum
1918 2161 2006 2213 est
2032 2161 2153 2214 cod.
2183 2159 2349 2228 Erf.',

325 2226 642 2296 ‘permultis
687 2232 879 2282 tamen
924 2226 1142 2282 mendis
1180 2227 1569 2296 depravatum’
1586 2271 1599 2296 ,
1648 2228 1689 2282 F
1732 2230 1791 2282 et
1825 2229 1871 2282 B
1908 2230 1970 2284 in
2006 2229 2349 2285 deteriorum

321 2315 552 2352 numero
583 2301 714 2352 sunt
740 2298 1004 2366 habendi,
1037 2314 1217 2368 paene
1247 2297 1439 2352 omnia
1466 2302 1596 2353 sunt
1622 2297 1682 2352 in
1710 2299 1823 2354 Erf.
1855 2302 1915 2353 et
1940 2298 2094 2370 Teg.,
2133 2301 2193 2354 et
2221 2318 2351 2356 cum

323 2367 384 2421 in
427 2369 536 2422 hoc
574 2370 800 2422 tantum
850 2371 1100 2422 extrema
1134 2385 1267 2438 pars
1306 2369 1578 2424 orationis
1618 2372 1842 2423 servata
1878 2372 1979 2438 sit,
2028 2374 2179 2425 recte
2216 2372 2346 2426 Bai-

321 2442 477 2492 terus
523 2438 583 2491 in
626 2439 907 2506 prioribus
953 2445 1021 2493 46
1060 2445 1120 2505 ἓξ
1165 2437 1467 2508 plurimum
1516 2439 1765 2493 omnium
1810 2441 1909 2494 uni
1952 2441 2155 2495 tribuit
2200 2441 2349 2511 Erf.;

326 2511 496 2577 atque
527 2509 702 2562 etiam
726 2510 787 2562 in
811 2508 1216 2579 posterioribus
1233 2526 1459 2579 paragr.
1479 2509 1761 2580 praeferre
1782 2510 1929 2564 solet
1946 2511 2347 2580 Erfuttensem,

325 2596 665 2659 quamquam
717 2579 800 2633 ibi
842 2596 966 2660 ‘non
1017 2579 1257 2662 multum
1313 2579 1638 2649 discrepant
1692 2580 1853 2637 codd.
1891 2581 1937 2634 Ε
1990 2585 2050 2636 et
2094 2583 2155 2638 Τ.
2231 2585 2350 2638 Nos

295 2649 618 2774 {ffifissffi
655 2649 1419 2800 fffflsssssffffi‘zzssafffi
1456 2651 2351 2790 3811311118333

327 2790 465 2844 tudo
517 2793 605 2844 est
651 2808 778 2844 cum
821 2791 982 2861 Teg.,
1040 2793 1104 2844 ut
1150 2791 1549 2845 detrimentum
1600 2791 1849 2848 mutilati
1889 2795 2126 2863 Tegern.
2174 2813 2352 2865 prope

328 2860 535 2915 sarcire
579 2861 853 2916 videatur.
938 2861 1085 2914 Nam
1132 2877 1469 2929 quamquam
1513 2861 1693 2917 Halm.
1742 2880 1779 2916 a
1812 2869 1843 2929 ξ
1887 2871 1955 2918 47
2001 2882 2117 2919 11011
2162 2867 2355 2920 omnia

327 2935 444 2986 tam
493 2931 796 3000 diligenter
841 2947 1009 3000 quam
1055 2936 1250 2998 antea,
1303 2931 1363 2984 in
1410 2933 1671 2986 extremis
1709 2939 1771 2998 §g
1808 2950 1991 3002 pauca
2037 2936 2355 3005 exscripsit,

327 3009 520 3056 tamen
552 3004 644 3055 tot
677 3005 948 3070 tantaque
985 3017 1234 3056 summae
1273 3001 1627 3070 cognationis
1667 3002 2003 3059 documenta
2039 3008 2260 3060 notavit
2296 3010 2357 3060 et

328 3073 389 3126 in
425 3073 631 3129 litteris
670 3073 743 3126 ad
779 3089 867 3127 me
906 3072 1056 3126 datis
1094 3072 1580 3140 commemoravit,
1618 3076 1683 3126 ut
1718 3073 1969 3129 dubitari
2004 3092 2117 3130 uon
2152 3078 2352 3146 possit,

333 3145 469 3212 quin
505 3142 551 3195 T
599 3145 657 3197 et
689 3142 744 3196 H
780 3146 896 3196 tam
934 3141 1149 3211 gemini
1187 3142 1347 3197 codd.
1388 3142 1505 3196 sint
1539 3159 1707 3212 quam
1743 3145 1843 3213 qui
1878 3148 2147 3214 maxime,
2196 3149 2357 3203 velut

329 3232 387 3283 p.
427 3221 512 3270 91.
552 3220 584 3268 9
631 3231 711 3283 sq.
761 3216 997 3282 uterque
1044 3213 1165 3268 cod.
1204 3213 1381 3268 habet
1425 3231 1539 3269 ‘non
1580 3217 1777 3282 solum,
1826 3222 1911 3272 93.
1951 3223 2018 3271 26
2066 3220 2353 3286 clausium,

332 3291 417 3340 94.
460 3291 525 3341 15
559 3303 660 3354 per
694 3287 830 3355 ipse,
888 3301 938 3338 v.
979 3291 1046 3339 23
1083 3286 1277 3351 unius,
1316 3303 1368 3340 v.
1408 3290 1474 3340 37
1506 3296 1595 3353 sq.
1622 3287 1886 3342 dissensio
1919 3304 2024 3357 quo
2060 3290 2227 3357 quod,
2266 3295 2354 3344 95.

333 3362 364 3409 9
415 3357 596 3412 dicam
643 3373 748 3412 om.
789 3358 848 3410 et
897 3361 956 3411 at
999 3371 1104 3424 pro
1152 3360 1337 3424 atque,
1381 3372 1435 3411 v.
1473 3361 1541 3410 28
1587 3358 1786 3412 virtute
1820 3361 2111 3426 yravitate,
2159 3366 2245 3414 96.
2288 3367 2355 3414 19

331 3427 568 3496 diynita,
608 3445 657 3486 V.
697 3434 764 3482 26
802 3428 1086 3498 delevisti&
1122 3443 1175 3482 v.
1215 3433 1281 3481 32
1320 3432 1372 3483 et
1404 3428 1516 3496 isti,
1555 3433 1639 3484 97.
1678 3433 1710 3482 6
1746 3433 1918 3498 tanto,
1958 3446 2005 3484 v.
2045 3435 2112 3484 37
2150 3435 2199 3484 et
2234 3433 2358 3500 qui-
