2534 3875
205 568 293 634 38

206 646 273 697 81

316 177 452 244 334
880 175 1022 232 PRO
1061 175 1126 232 L.
1162 173 1478 230 MURENA
1519 171 1808 230 ORATIO.

318 344 503 388 meae
549 321 955 407 diligentiae,
998 319 1206 386 nolite
1252 319 1538 385 adimere
1586 340 1763 402 eum,
1807 317 1912 383 cui
1956 339 2095 384 rem
2139 319 2364 404 publi-

314 433 461 477 cam
515 411 708 496 cupio
761 408 1021 475 tradere
1072 408 1463 474 incolumem
1508 406 1594 472 ab
1639 407 1742 471 his
1789 406 1996 472 tantis
2039 407 2362 491 periculis

316 498 803 564 defendendam.

446 587 664 671 Atque
728 587 811 652 ad
854 585 1017 650 haee
1061 585 1264 668 mala,
1315 582 1560 649 1udices
1569 633 1588 667 ,
1641 584 1797 668 quid
1843 584 2107 650 accedat
2150 583 2363 668 aliud,

312 696 447 742 non
508 675 789 740 videtis?
878 673 1000 757 Te,
1052 676 1120 738 te
1168 671 1460 757 appello,
1515 669 1710 756 Cato3
1763 693 1980 738 nonne
2023 673 2360 757 prospicis
2389 692 2418 733 5

312 765 775 849 tempestatem
830 762 985 827 anni
1038 759 1183 826 tui?
1273 759 1414 826 Iam
1471 759 1645 825 enim
1689 760 2000 826 hesterna
2043 763 2360 826 contione

312 852 601 918 intonuit
646 872 775 916 vox
810 848 1179 935 perniciosa
1216 847 1541 934 designati
1576 848 1848 933 tribuni,
1891 848 2185 936 collegae
2220 849 2360 933 tui3

312 944 543 1007 eontra
587 960 782 1023 quem
826 938 1109 1004 multum
1154 940 1274 1001 tua
1318 958 1531 1020 mens,
1587 937 1872 1004 multum
1918 959 2144 1002 omnes
2188 937 2361 1004 boni

312 1028 756 1113 providerunt,
786 1027 899 1112 qui
925 1030 995 1091 te
1024 1025 1106 1091 ad
1134 1024 1509 1090 tribunatus
1528 1025 1918 1109 petitionem
1935 1030 2360 1092 vocaverunt.

206 1127 320 1196 (82)
334 1115 588 1198 Omnia,
636 1136 802 1200 quae
846 1136 965 1200 per
1008 1114 1135 1179 hoc
1178 1113 1534 1178 triennium
1581 1114 1836 1199 agitata
1872 1118 2044 1198 sunt,
2087 1113 2225 1183 iam
2261 1115 2356 1180 ab
2387 1133 2438 1175 ιο

204 1391 274 1441 82

200 2898 267 2948 83

318 1227 393 1270 eo
451 1208 773 1289 tempore,
829 1224 957 1287 quo
1014 1225 1054 1268 a
1096 1201 1170 1268 L.
1216 1200 1503 1267 Catilina
1549 1205 1616 1268 et
1661 1200 1777 1268 Cn.
1822 1202 2062 1268 Pisone
2105 1201 2356 1268 initum

315 1292 665 1358 consilium
710 1295 977 1356 senatus
1022 1289 1453 1357 interficiendi
1499 1290 1680 1356 scitis
1718 1311 1878 1374 esse,
1922 1291 1994 1356 in
2028 1289 2154 1356 hos
2189 1290 2358 1377 dies,

312 1381 383 1445 in
439 1380 562 1445 hos
609 1401 893 1464 menses,
946 1381 1016 1445 in
1059 1379 1186 1444 hoc
1229 1382 1490 1465 tempus
1535 1382 1903 1465 erumpunt.
1993 1376 2119 1454 Qui
2162 1379 2354 1445 locus

314 1472 431 1548 est,
474 1468 739 1548 iudices,
776 1467 949 1554 quod
984 1472 1264 1551 tempus,
1310 1467 1423 1552 qui
1457 1467 1614 1551 dies,
1652 1489 1819 1552 quae
1852 1488 2000 1550 nox,
2037 1489 2184 1533 cum
2221 1489 2352 1553 ego

310 1579 445 1623 non
506 1579 587 1622 ex
651 1558 929 1622 istorum
992 1554 1247 1621 insidiis
1315 1577 1391 1621 ac
1453 1555 1871 1621 mucronibus
1933 1577 2070 1621 non
2131 1557 2352 1622 solum
2383 1575 2434 1616 ιε

312 1667 489 1728 me0,
545 1645 660 1711 sed
720 1646 930 1711 multo
990 1644 1190 1710 etiam
1245 1643 1458 1728 magis
1511 1643 1731 1710 divino
1785 1643 2058 1709 consilio
2103 1644 2354 1731 eripiar

310 1737 508 1820 atque
553 1734 851 1799 evolem?
915 1731 1141 1817 Neque
1186 1732 1302 1796 isti
1339 1753 1443 1796 me
1485 1753 1630 1798 meo
1666 1734 1930 1798 nomine
1964 1732 2353 1814 interficere,

312 1823 425 1887 sed
490 1822 879 1908 vigilantem
952 1821 1288 1922 consulem
1351 1819 1430 1885 de
1493 1822 1591 1886 rei
1649 1821 1951 1906 publicae
2014 1820 2350 1907 praesidio

311 1912 653 1978 demovere
696 1911 955 1995 volunt3
999 1931 1118 1977 nec
1164 1908 1380 1975 minus
1426 1909 1694 1993 vellent,
1742 1908 1926 1995 Cato,
1970 1912 2041 1974 te
2083 1931 2350 2012 quoque

311 2001 531 2091 aliqua
566 2000 840 2084 ratione,
886 2000 943 2064 si
980 2002 1268 2083 possent,
1307 1999 1570 2083 tollere3
1605 1998 1672 2063 id
1709 1998 1901 2083 quod,
1937 1996 2102 2063 mihi
2137 2000 2348 2079 crede,
2377 2020 2432 2061 ιο

310 2085 377 2153 et
400 2093 644 2191 ’agunt
698 2092 766 2153 et
820 2087 1197 2153 moliuntur.
1295 2084 1566 2170 Vident,
1633 2092 1951 2172 quantum
2005 2085 2077 2151 ιιι
2129 2091 2200 2152 te
2254 2087 2350 2152 sit

310 2176 545 2261 animi,
592 2180 907 2262 quantum
963 2175 1235 2261 ingenii,
1283 2179 1598 2259 quantum
1658 2174 2098 2260 auctoritatis,
2143 2197 2346 2261 quan-

308 2268 453 2331 tum
489 2266 585 2329 rei
618 2265 920 2349 publicae
956 2262 1292 2348 praesidii3
1339 2262 1470 2344 sed,
1515 2284 1662 2329 cum
1699 2263 2029 2329 consulari
2067 2266 2347 2330 auctori-

308 2357 448 2418 tate
514 2357 581 2418 et
645 2352 886 2418 auxilio
952 2351 1306 2435 spoliatam
1369 2351 1504 2416 vim
1567 2351 1985 2417 tribuniciam
2040 2352 2346 2436 viderint,

308 2445 452 2507 tum
504 2462 574 2506 se
609 2440 865 2507 facilius
902 2440 1217 2505 inermem
1254 2442 1322 2505 et
1358 2438 1769 2505 debilitatum
1807 2444 1876 2505 te
1911 2461 2342 2525 oppressuros
2374 2461 2430 2503 25

311 2530 733 2594 arbitrantur.
823 2526 1025 2611 Nam,
1070 2548 1153 2592 ne
1199 2526 1563 2593 sufficiatur
1607 2528 1862 2611 consul,
1907 2549 2042 2594 non
2085 2528 2343 2594 timent.

307 2616 555 2683 Vident
598 2618 666 2681 in
710 2619 975 2681 tuorum
1020 2618 1351 2700 potestate
1397 2616 1800 2702 collegarum
1843 2616 2014 2701 fore3
2069 2623 2344 2704 sperant

310 2704 437 2770 sibi
480 2704 569 2769 D.
615 2703 940 2787 Silanum,
986 2704 1238 2770 clarum
1283 2704 1524 2789 virum,
1569 2705 1709 2769 sine
1755 2705 2040 2790 collega,
2085 2708 2154 2770 te
2199 2706 2341 2771 sine

310 2792 600 2874 consule,
675 2813 815 2857 rem
887 2792 1219 2878 publicam
1289 2792 1428 2857 sine
1498 2793 1826 2877 praesidio
1891 2792 2063 2859 obici
2122 2814 2341 2879 posse.

306 2880 431 2945 His
477 2879 681 2945 tantis
737 2880 808 2981 in
861 2880 1053 2945 rebus
1107 2880 1442 2965 tantisque
1494 2881 1566 2947 in
1615 2881 1920 2967 periculis
1977 2885 2080 2946 est
2133 2889 2342 2966 tuum,
2371 2902 2430 2943 30

305 2968 393 3036 M.
441 2966 633 3052 Cato,
688 2967 800 3053 qui
856 2968 1020 3033 mihi
1078 2991 1213 3034 non
1269 2970 1425 3055 t1b1,
1487 2969 1601 3034 sed
1654 2970 1907 3054 patriae
1951 2972 2148 3035 natus
2195 2991 2342 3037 esse

304 3058 560 3136 videris,
611 3055 856 3140 videre,
915 3057 1070 3141 quid
1124 3062 1390 3144 agatur,
1444 3058 1722 3122 retinere
1788 3057 2178 3142 adiutorem,
2235 3059 2344 3124 de-

304 3146 653 3229 fensorem,
698 3144 949 3210 socium
983 3146 1051 3210 in
1080 3167 1151 3213 re
1177 3146 1460 3231 publica,
1497 3147 1830 3211 consulem
1856 3168 1989 3211 non
2015 3146 2340 3231 cupidum,

305 3234 658 3317 consulem,
704 3233 878 3319 quod
925 3234 1203 3299 maxime
1248 3238 1510 3318 tempus
1553 3233 1680 3299 hoc
1715 3235 2026 3320 postulat,
2069 3236 2341 3299 fortuna

304 3323 735 3389 constitutum
818 3322 901 3387 ad
989 3321 1490 3405 amplexandum
1573 3322 1807 3406 otium,
1899 3322 2171 3389 scientia
2253 3323 2340 3388 ad
2365 3340 2420 3383 3⁵

302 3410 552 3476 bellum
636 3409 1014 3495 gerendum,
1096 3410 1318 3474 animo
1403 3414 1472 3474 et
1542 3432 1693 3494 usu,
1771 3410 1856 3475 ad
1929 3411 2101 3495 quod
2171 3411 2338 3476 velis

302 3500 658 3584 negotium.
