2534 3875
193 1184 256 1233 12

192 2331 256 2380 13

301 145 337 206 7
349 144 389 208 8
680 143 780 197 DE
815 141 1123 198 IMPERIO
1153 142 1266 197 CN.
1305 141 1584 198 POMPEI
1622 140 1907 197 ΟΒΑΤΙΟ,
2520 136 2522 215 1

300 288 568 353 milibus
648 287 888 353 civium
947 287 1395 352 Romanorum
1459 306 1589 350 uno
1654 284 1888 349 nuntio
1949 288 2144 367 atque
2208 306 2342 349 uno

299 381 594 459 tempore
620 376 870 441 necatis
900 396 1026 458 quo
1055 374 1323 439 tandem
1353 372 1572 439 animo
1603 394 1746 439 esse
1767 372 2061 439 debetis?
2105 371 2345 455 Legati

301 466 472 549 quod
543 468 735 529 erant
807 462 1122 548 appellati
1198 461 1570 547 superbius,
1646 459 2038 527 Corinthum
2114 464 2341 545 patres

297 552 516 635 vestri,
555 551 761 618 totius
791 550 1102 616 Graeciae
1128 550 1368 632 lumen,
1406 550 1764 615 extinctum
1793 570 1936 615 esse
1962 548 2339 631 voluerunt3

295 663 414 705 vos
473 662 620 705 eum
667 661 893 725 regem
936 639 1222 704 inultum
1269 659 1412 703 esse
1456 637 1829 723 patiemim,
1882 637 1995 722 qui
2041 637 2337 722 legatum
2369 651 2405 691 5

296 728 527 813 populi
554 727 838 793 Romani
879 728 1289 792 consularem
1318 725 1595 791 vinculis
1624 746 1701 791 ac
1726 725 2109 791 verberibus
2140 730 2339 808 atque

297 817 476 882 omni
514 816 837 902 supplicio
876 815 1317 880 excruciatum
1351 814 1657 881 necavit?
1703 812 1815 877 Illi
1843 812 2262 879 libertatem
2242 834 2339 877 ιιι·

297 904 619 970 minutam
648 903 887 969 civium
907 903 1355 968 Romanorum
1383 924 1517 966 non
1544 902 1868 986 tulerunt3
1894 923 2014 967 vos
2042 904 2337 985 ereptam

295 993 503 1057 vitam
559 990 975 1077 neglegetis?
1048 989 1160 1055 Ius
1211 990 1565 1076 legationis
1615 990 1820 1056 verbo
1869 989 2189 1054 violatum
2233 988 2339 1052 illi

295 1080 621 1164 persecuti
636 1086 821 1159 sunt3
834 1100 952 1144 vos
966 1079 1260 1165 legatum
1277 1100 1455 1143 omm
1436 1078 1791 1163 supplicio
1806 1077 2220 1143 interfectum
2234 1098 2337 1141 re·
2370 1094 2437 1133 ιο

296 1168 654 1251 linquetis‘?
692 1128 947 1251 Videte,
974 1189 1075 1251 ne,
1113 1171 1188 1232 ut
1216 1166 1353 1231 illis
1383 1166 1896 1252 pulcherrimum
1923 1164 2052 1229 fuit
2078 1169 2335 1229 tantam

295 1256 482 1321 vobis
527 1255 787 1340 imperii
834 1255 1114 1357 gloriam
1160 1255 1448 1337 tradere,
1507 1255 1601 1320 sic
1645 1253 1835 1319 vobis
1880 1252 2339 1349 turpissimum

295 1346 386 1409 sit
430 1344 515 1427 id,
562 1344 736 1427 quod
781 1343 1142 1428 accepistis„
1186 1343 1360 1408 tueri
1405 1346 1474 1408 et
1517 1363 1903 1407 conservare
1945 1363 2081 1407 non
2125 1362 2320 1426 posse

431 1430 643 1507 Quid?
673 1432 848 1516 quod
893 1434 1070 1497 salus
1117 1432 1443 1497 sociorum
1490 1452 1815 1495 summum
1861 1430 1934 1495 in
1975 1430 2339 1513 periculum

297 1542 372 1585 ac
418 1520 763 1585 discrimen
791 1524 1079 1603 vocatur,
1118 1541 1248 1603 quo
1287 1518 1551 1583 tandem
1588 1519 1808 1583 animo
1834 1517 2007 1583 ferre
2036 1517 2337 1583 debetis?
2369 1532 2431 1572 1⁵

295 1609 525 1695 Regno
586 1613 688 1673 est
744 1609 1052 1694 expulsus
1098 1606 1582 1672 Ariobarzanes
1637 1628 1751 1671 rex
1760 1656 1780 1691 ,
1834 1606 2048 1673 socius
2103 1606 2338 1691 populi

293 1695 575 1761 Romani
621 1701 822 1779 atque
868 1697 1144 1797 amicus3
1193 1696 1540 1760 imminent
1584 1695 1714 1759 duo
1751 1715 1937 1780 reges
1973 1694 2104 1759 toti
2131 1692 2338 1758 Asiae

291 1806 428 1850 non
475 1785 689 1849 solum
725 1784 914 1849 vobis
960 1782 1416 1866 inimicissimi,
1464 1782 1576 1847 sed
1622 1784 1823 1848 etiam
1859 1781 2098 1848 vestris
2136 1782 2338 1847 sociis

295 1876 492 1958 atque
531 1872 791 1956 amicis3
829 1872 1126 1937 civitates
1166 1875 1387 1937 autem
1426 1892 1651 1938 omnes
1680 1874 1915 1940 cuncta
1945 1870 2107 1935 Asia
2136 1873 2336 1955 atque

296 1960 571 2027 Graecia
607 1967 898 2026 vestrum
945 1961 1260 2025 auxilium
1307 1964 1683 2045 exspectare
1737 1963 2008 2045 propter
2060 1959 2337 2044 periculi
2365 1973 2427 2014 2⁰
2528 1975 2530 2044 ξ

296 2049 812 2135 magnitudinem
858 2052 1211 2135 coguntur3
1256 2048 1723 2133 imperatorem
1768 2071 1811 2112 a
1855 2047 2043 2112 vobis
2082 2051 2337 2112 certum
2528 2051 2530 2058 '

296 2138 661 2224 deposcere,
706 2159 854 2202 cum
899 2136 1290 2222 praesertim
1330 2157 1455 2202 vos
1502 2137 1705 2202 alium
1750 2135 2079 2218 miseritis,
2125 2156 2338 2220 neque

296 2227 535 2290 audent
578 2247 785 2309 neque
831 2246 900 2290 se
939 2225 1004 2289 id
1049 2223 1263 2290 facere
1310 2225 1453 2290 sine
1499 2246 1755 2290 summo
1802 2223 2090 2308 periculo
2136 2244 2339 2308 posse

297 2314 721 2379 arbitrantur.
811 2311 1059 2378 Vident
1103 2317 1170 2379 et
1215 2313 1509 2377 sentiunt
1551 2312 1679 2378 hoc
1721 2312 1953 2414 idem&
1978 2311 2152 2397 quod
2197 2333 2339 2395 VOS,

294 2424 496 2467 unum
542 2402 755 2466 virum
802 2423 961 2486 esse,
1007 2402 1076 2465 in
1121 2423 1250 2486 quo
1298 2422 1555 2465 summa
1600 2400 1735 2465 sint
1780 2398 2025 2483 omnia,
2071 2403 2140 2464 et
2187 2421 2337 2465 eum
2368 2413 2427 2454 2⁵

293 2492 566 2574 propter
610 2510 771 2573 esse,
817 2511 944 2574 quo
992 2490 1192 2555 etiam
1229 2492 1454 2554 carent
1492 2488 1783 2573 aegrius;
1828 2489 2011 2553 cuius
2050 2487 2341 2553 adventu

292 2579 438 2661 ipso
489 2580 687 2662 atque
730 2579 1013 2662 nomine,
1056 2577 1325 2641 tametsi
1369 2577 1486 2642 ille
1531 2576 1615 2642 ad
1650 2576 2051 2642 maritimum
2088 2575 2341 2640 bellum

294 2666 575 2750 venerit,
633 2669 857 2731 tamen
909 2666 1193 2750 impetus
1241 2665 1531 2729 hostium
1575 2686 1911 2748 repressos
1957 2685 2101 2729 esse
2146 2663 2340 2728 intel·

293 2755 525 2838 legunt
580 2774 656 2818 ac
707 2754 1092 2819 retardatos.
1181 2751 1274 2818 Hi
1329 2773 1475 2836 voS,
1532 2753 1838 2836 quoniam
1893 2752 2099 2818 libere
2156 2753 2340 2838 loqui

293 2863 428 2906 non
464 2843 634 2925 licet,
678 2843 876 2907 tacite
914 2844 1174 2927 rogant,
1220 2844 1300 2906 ut
1344 2861 1415 2904 se
1462 2861 1719 2924 quoque
1766 2842 1937 2906 sicut
1973 2846 2338 2906 ceterarum
2368 2855 2425 2896 ⁸⁰

294 2928 779 3031 provinciarum
810 2929 1021 2995 socios
1052 2929 1287 3014 dignos
1318 2928 1725 3010 existimetiS,
1754 2950 2030 3012 quorum
2052 2928 2341 2994 salutem

295 3017 418 3082 tali
461 3018 605 3082 viro
651 3017 1146 3101 commendetis,
1201 3020 1399 3101 atque
1442 3015 1569 3081 hoc
1614 3017 1816 3081 etiam
1863 3017 2106 3103 magis,
2162 3018 2340 3102 quod

297 3110 544 3170 ceteros
591 3107 662 3171 in
703 3105 1110 3190 provinciam
1147 3103 1287 3169 eius
1324 3104 1501 3169 modi
1535 3103 1835 3170 homines
1872 3126 2021 3171 cum
2058 3105 2340 3206 imperio

296 3193 642 3276 mittimus,
687 3198 779 3276 ut,
824 3193 1084 3259 etiamsi
1131 3192 1214 3258 ab
1260 3192 1453 3258 hoste
1490 3192 1858 3276 defendant,
1904 3197 2128 3260 tamen
2163 3193 2341 3276 ipso·

295 3303 442 3345 rum
489 3281 806 3346 adventus
858 3280 928 3345 in
971 3281 1168 3346 urbes
1208 3279 1536 3346 sociorum
1582 3302 1717 3348 non
1761 3281 2043 3346 multum
2090 3280 2176 3346 ab
2224 3281 2340 3347 ho·
2368 3298 2423 3340 ³5

297 3367 434 3432 stili
508 3368 990 3454 expugnatione
1063 3367 1394 3452 differant,
1465 3368 1641 3434 hunc
1704 3369 2059 3434 audiebant
2122 3373 2340 3454 antea,

296 3477 467 3521 nunc
503 3461 917 3541 praesentem
954 3454 1178 3521 vident
1216 3461 1407 3522 tanta
1441 3458 1898 3543 temperantia,
1936 3461 2129 3523 tanta
2156 3479 2341 3523 man-
