2534 3875
232 638 301 687 23

226 2311 297 2360 24

338 127 470 191 466
632 129 727 184 DE
763 129 972 184 DOMO
1014 129 1154 185 SUA
1188 129 1290 183 AD
1327 128 1754 184 PONTIFICES
1793 129 2086 186 ORATIO.

341 271 684 336 ordinariis
757 273 1195 357 potestatibus
1269 272 1645 338 libertatem
1718 273 2088 338 ademisseS.
2189 271 2367 349 Quas

340 364 456 424 aut
499 382 851 446 numquam
897 361 1022 424 tibi
1065 361 1178 425 ille
1224 360 1480 426 litteras
1527 361 1708 426 misit
1753 366 1895 445 aut,
1939 361 1996 426 si
2041 360 2252 444 misit,
2295 362 2368 424 in

340 448 640 513 contione
695 448 961 512 recitari
1004 449 1235 514 noluit.
1325 447 1447 533 At,
1505 449 1642 514 sive
1688 449 1800 513 ille
1846 449 2052 533 misit,
2107 449 2244 514 sive
2289 453 2366 513 tu

338 535 607 618 finxisti,
652 539 825 600 certe
872 537 1214 601 consilium
1260 539 1446 602 tuum
1493 537 1571 601 de
1611 535 1880 602 Catonis
1928 537 2174 602 honore
2220 537 2365 600 illa-

338 646 483 688 rum
519 623 891 689 litterarum
927 625 1309 689 recitatione
1344 624 1744 709 patefactum
1781 629 1896 689 est.
1963 623 2089 690 Sed
2126 625 2362 690 omitto
2390 638 2418 680 5

341 709 673 796 Catonem,
710 712 890 777 cuius
929 713 1165 778 eximia
1200 712 1427 795 virtus,
1464 713 1749 797 dignitas
1779 715 1846 778 et
1872 712 1944 776 in
1972 735 2048 778 eo
2074 713 2366 798 negoti0,

340 800 512 884 quod
593 800 822 885 gessit,
895 800 1051 864 fides
1125 804 1191 865 et
1266 801 1667 866 continentia
1738 805 1960 886 tegere
2033 800 2366 865 videretur

336 888 806 973 inprobitatem
866 892 931 953 et
976 886 1141 973 legis
1190 892 1257 952 et
1303 888 1576 954 actionis
1620 892 1800 971 tuae3
1857 887 2054 972 quid?
2109 889 2364 953 homini

334 981 488 1060 post
531 976 828 1040 homines
874 980 1067 1040 natos
1113 976 1527 1060 turpissimo,
1574 977 2096 1059 sceleratissimo,
2141 980 2360 1041 conta·

337 1064 771 1128 minatissimo
837 1064 982 1147 quis
1036 1064 1223 1129 illam
1281 1065 1566 1149 opimam
1618 1063 2032 1148 fertilemque
2089 1062 2360 1148 Syriam,
2389 1079 2438 1116 1⁰

338 1152 482 1237 quis
529 1152 775 1216 bellum
815 1173 954 1216 cum
988 1152 1426 1237 pacatissimis
1466 1152 1791 1238 gentibue,
1837 1153 1982 1236 quis
2020 1152 2363 1237 pecuniam

337 1239 419 1304 ad
474 1238 775 1303 emendos
832 1260 1025 1325 agros
1072 1241 1498 1306 constitutam
1543 1244 1832 1324 ereptam
1879 1262 1956 1304 ex
2002 1240 2359 1305 visceribus

336 1326 594 1408 aerarii,
652 1329 796 1410 quis
856 1328 1199 1413 imperium
1245 1329 1571 1393 infinitum
1620 1328 1840 1392 dedit?
1932 1325 2054 1393 Cui
2098 1329 2361 1412 quidem

336 1436 482 1479 cum
528 1413 823 1480 Ciliciam
871 1416 1174 1500 dedisses,
1220 1417 1494 1481 mutasti
1538 1417 1906 1499 pactionem
1953 1420 2021 1480 et
2062 1414 2362 1481 Ciliciam

338 1502 419 1567 ad
455 1507 826 1588 praetorem
862 1504 1021 1569 item
1059 1509 1245 1569 extra
1283 1505 1572 1570 ordinem
1610 1503 2034 1585 transtulisti3
2075 1503 2358 1569 Gabinio
2389 1516 2440 1556 15

335 1591 547 1676 pretio
606 1593 1004 1676 amplificato
1054 1591 1309 1676 Syriam
1363 1593 1754 1657 nominatim
1799 1591 2052 1657 dedisti.
2147 1591 2359 1668 Quid?

336 1678 586 1744 homini
630 1681 1025 1764 taeterrimo,
1071 1680 1534 1765 crudelissimo,
1577 1680 2022 1764 fallacissimo,
2067 1680 2360 1745 omnium

336 1768 649 1832 scelerum
696 1768 1165 1853 libidinumque
1211 1769 1484 1834 maculis
1526 1768 1962 1852 notatissimo,
2005 1766 2079 1833 L.
2114 1767 2363 1851 Pisoni,

332 1877 545 1920 nonne
591 1856 978 1920 nominatim
1024 1857 1304 1942 populos
1349 1856 1591 1922 liberos
1637 1857 1863 1921 multis
1911 1860 2173 1920 senatus
2212 1878 2360 1920 con·

336 1945 527 2009 sultis
537 1994 556 2028 ,
638 1945 835 2010 etiam
916 1946 1163 2010 recenti
1243 1946 1387 2031 lege
1463 1946 1688 2029 generi
1758 1945 1965 2031 ipsius
2038 1945 2358 2010 liberatos
2389 1959 2443 1998 20

332 2033 587 2097 vinctos
634 2035 702 2097 et
746 2034 1135 2098 constrictos
1172 2032 1545 2099 tradidisti?
1638 2032 1896 2115 Nonne,
1952 2055 2099 2098 cum
2146 2034 2230 2098 ab
2279 2056 2360 2099 eo

334 2142 578 2186 merces
633 2122 733 2185 tui
788 2122 1083 2186 beneficii
1136 2122 1545 2206 pretiumque
1601 2120 1971 2205 provinciae
2017 2142 2162 2185 meo
2209 2143 2362 2185 san-

336 2209 529 2294 guine
574 2208 699 2273 tibi
746 2213 918 2273 esset
962 2209 1398 2294 persolutum,
1451 2213 1672 2273 tamen
1717 2210 2038 2274 aerarium
2084 2230 2232 2273 cum
2281 2231 2360 2275 eo

333 2297 616 2380 partitus
687 2298 799 2361 es?
896 2296 1081 2363 Itane
1144 2299 1344 2363 vero?
1417 2300 1492 2362 tu
1553 2298 1918 2382 provincias
1975 2298 2358 2380 consulariS,

334 2405 496 2468 quas
552 2382 620 2449 C.
668 2383 995 2450 Gracchus
1006 2436 1023 2467 ,
1087 2387 1199 2470 qui
1262 2408 1428 2450 unus
1485 2385 1762 2450 maxime
1818 2384 2154 2469 popularis
2207 2385 2357 2469 fuit,
2387 2398 2440 2439 2⁵

332 2494 464 2537 non
502 2471 693 2537 modo
730 2494 863 2537 non
899 2474 1172 2557 apstulit
1208 2495 1246 2538 a
1283 2476 1533 2556 senata,
1579 2473 1691 2538 sed
1727 2473 1944 2557 etiam,
1980 2477 2054 2537 ut
2089 2494 2358 2538 necesse

334 2563 507 2623 esset
564 2560 915 2642 quotannis
971 2561 1282 2627 constitui
1326 2583 1442 2647 per
1488 2566 1782 2627 senatum
1832 2561 2152 2645 decretae,
2206 2561 2358 2647 lege

334 2647 574 2731 sanxit,
630 2669 739 2713 eas
785 2649 928 2734 lege
977 2648 1361 2735 Sempronia
1414 2671 1531 2735 per
1577 2653 1874 2715 senatum
1921 2649 2211 2715 decretas
2258 2672 2358 2713 re-

324 2735 610 2819 scidisti,
666 2740 849 2801 extra
904 2737 1197 2803 ordinem
1253 2738 1390 2802 sine
1442 2741 1614 2803 sorte
1669 2737 2057 2802 nominatim
2116 2736 2356 2802 dedisti

330 2844 464 2888 non
518 2824 919 2908 consulibus,
974 2825 1086 2889 sed
1138 2824 1235 2889 rei
1289 2826 1588 2909 publicae
1635 2826 1955 2911 pestibus,
2009 2846 2130 2890 nos
2179 2827 2354 2909 quod
2381 2839 2431 2879 ⁸0

329 2912 717 2977 nominatim
754 2912 849 2977 rei
876 2913 1195 2977 maximae
1222 2935 1429 2996 paene
1455 2914 1588 2979 iam
1617 2913 1993 2999 desperatae
2023 2936 2356 2979 summum

331 2997 544 3064 virum
602 3022 793 3085 saepe
850 2999 930 3065 ad
987 3004 1278 3066 extrema
1330 3002 1425 3066 rei
1477 3001 1779 3087 publicae
1827 3001 2199 3067 discrimina
2247 3002 2354 3067 de-

230 3088 313 3152 10
334 3088 573 3152 lectum
618 3087 1045 3172 praefecimus
1054 3141 1072 3173 ,
1120 3111 1159 3154 a
1202 3092 1269 3153 te
1317 3090 1903 3173 reprehendemur?
1995 3089 2161 3166 Quid
2206 3093 2354 3155 tan-

334 3175 523 3241 dem?
571 3177 653 3260 si,
702 3198 863 3261 quae
908 3180 1053 3241 tum
1097 3178 1165 3241 in
1210 3178 1343 3241 illis
1389 3178 1484 3242 rei
1528 3179 1825 3263 publicae
1870 3177 2158 3243 tenebris
2205 3199 2352 3243 cae-

331 3263 549 3347 cisque
576 3264 857 3329 nubibus
888 3270 952 3330 et
977 3265 1296 3350 procelliS,
1324 3288 1470 3331 cum
1499 3272 1794 3332 senatum
1827 3289 1864 3333 a
1893 3266 2350 3352 gubernaculis
2379 3280 2432 3320 3⁵

331 3350 695 3437 deiecisseS‚
758 3354 1071 3438 populum
1136 3375 1170 3417 e
1237 3354 1391 3418 navi
1444 3356 1887 3439 exturbasseS,
1949 3355 2088 3439 ipse
2137 3354 2352 3419 archi-

328 3438 544 3520 pirata
598 3462 744 3506 cum
800 3462 997 3528 grege
1042 3440 1440 3526 praedonum
1483 3442 1904 3526 inpurissimo
1951 3440 2350 3527 plenissimis
