2534 3875
820 186 973 242 CAP.
1011 192 1104 253 27,
1143 191 1210 240 28
1249 192 1280 252 ς
1320 192 1543 241 59-6-3.
2062 187 2189 250 541

186 330 454 394 deorum
490 330 950 395 immortalium
988 351 1118 393 non
1155 334 1402 394 mentes
1432 330 1719 394 omnium
1747 330 2192 414 permovebit?

189 416 412 482 Nolite
459 418 627 482 enim
672 418 737 482 id
781 423 1010 501 putare
1056 418 1337 482 accidere
1382 440 1591 502 posse,
1638 419 1808 503 quod
1854 420 1917 483 in
1956 417 2193 482 fabulis

191 527 382 590 saepe
435 506 668 570 videtis
723 505 890 588 fieri,
942 509 1016 569 ut
1071 506 1224 570 deus
1283 506 1478 589 aliqui
1538 507 1837 589 delapsus
1894 507 1970 570 de
2018 507 2191 571 caelo

190 600 410 658 coetus
457 594 789 658 hominum
837 594 1052 677 adeat,
1098 598 1388 659 versetur
1434 595 1499 658 in
1547 594 1759 677 terriS‚
1802 617 1946 659 cum
1991 594 2195 659 homi-

131 699 161 739 5
189 682 381 746 nibus
427 682 867 765 conloquatur.
940 680 1239 766 Cogitate
1279 701 1480 766 genus
1520 683 1766 746 sonitus
1804 683 1959 766 eius,
2006 704 2193 766 quem

191 769 594 834 Latinienses
639 772 1045 852 nuntiarunt,
1089 769 1512 851 recordamini
1556 770 1719 835 illud
1764 771 1979 854 etiam,
2025 769 2195 854 quod

191 857 473 921 nondum
521 862 619 922 est
663 858 958 940 relatum,
1004 857 1174 940 quod
1219 857 1442 922 eodem
1488 857 1621 922 fere
1656 862 1947 943 tempore
1982 857 2192 922 factus

191 946 262 1009 in
307 966 465 1029 agro
503 945 736 1010 Piceno
774 945 1110 1009 Potentiae
1154 947 1491 1009 nuntiatur
1536 949 1746 1010 terrae
1791 949 2003 1011 motus
2052 945 2195 1009 hor-

193 1033 401 1097 ribilis
457 1055 600 1098 cum
657 1033 1039 1116 quibusdam
1095 1034 1403 1097 monstris
1460 1034 1939 1117 metuendisque
1985 1032 2194 1097 rebust.

106 1137 168 1176 10
194 1119 371 1185 Haec
426 1121 648 1186 eadem
690 1121 1006 1205 profecto,
1062 1143 1224 1204 quae
1268 1122 1693 1206 prospicimus
1739 1121 2195 1205 impendentia,

194 1209 677 1291 pertimescetis.
749 1208 1008 1273 Etenim
1053 1208 1214 1273 haec
1250 1209 1513 1274 deorum
1553 1210 2015 1274 immortalium
2051 1230 2195 1292 vox,

195 1297 351 1360 haec
406 1319 606 1380 paene
663 1298 869 1361 oratio
922 1297 1262 1362 iudicanda
1318 1302 1441 1382 est,
1504 1319 1648 1362 cum
1707 1299 1846 1382 ipse
1904 1297 2196 1380 munduS‚

197 1406 341 1448 cum
397 1385 601 1449 maria
657 1388 848 1468 atque
902 1389 1111 1450 terrae
1166 1388 1346 1449 motu
1406 1385 1681 1470 quodam
1736 1407 1905 1450 novo
1952 1390 2196 1450 contre-

197 1473 475 1538 miscunt
521 1478 586 1537 et
629 1472 959 1538 invisitato
999 1473 1242 1556 aliquid
1288 1494 1445 1538 sono
1489 1473 1967 1556 incredibilique
2014 1494 2197 1556 prae·

103 1578 166 1618 15
198 1560 432 1626 dieunt.
479 1560 554 1624 In
584 1583 709 1644 quo
738 1561 1218 1624 constituendae
1243 1561 1435 1624 nobis
1455 1561 1710 1644 quidem
1732 1566 1883 1625 sunt
1902 1581 2196 1644 procura-

196 1648 405 1712 tiones
452 1652 517 1712 et
563 1649 938 1731 obsecratio,
985 1669 1172 1731 quem
1218 1648 1302 1712 ad
1344 1648 1605 1714 modum
1651 1670 2000 1713 monemur.
2072 1645 2197 1711 Sed

197 1735 416 1800 faciles
482 1742 632 1801 sunt
689 1757 907 1819 preces
964 1736 1135 1818 apud
1190 1757 1327 1817 eOS,
1390 1736 1498 1820 qui
1553 1737 1724 1801 ultro
1780 1736 1969 1801 nobis
2024 1735 2196 1799 viam

200 1825 431 1888 salutis
490 1824 860 1906 ostendunt3
913 1828 1173 1888 nostrae
1228 1824 1418 1888 nobis
1482 1828 1631 1888 sunt
1685 1825 1852 1888 inter
1897 1845 2017 1888 nos
2062 1823 2197 1887 irae

199 1912 675 1997 discordiaeque
721 1911 1086 1996 placandae.

2233 1222 2301 1270 63
