2534 3875
792 207 949 263 CAP.
986 215 1197 264 46-49
1235 215 1265 275 ς
1305 216 1601 266 121-127.
2083 213 2213 278 503

184 353 391 440 igitur
435 353 493 417 is
540 354 713 419 bona
759 352 1019 418 Lentuli
1066 353 1382 438 religione
1431 355 1798 440 obligavit?
1888 353 2014 420 Sed
2059 357 2213 440 quid

186 463 311 527 ego
358 442 650 507 ceteros?
743 440 858 526 Tu,
903 446 995 525 tu,
1040 442 1325 525 inquam,
1371 443 1582 527 capite
1628 445 1865 527 velat0‚
1910 445 2212 510 contione

188 531 529 614 advocata,
595 529 810 595 foculo
866 530 1084 613 posito
1140 530 1313 594 bona
1365 531 1465 595 tui
1521 529 1788 610 Gabini,
1853 533 1955 596 cui
2008 554 2212 618 regna
2278 539 2282 543 “

188 619 409 684 omnia
445 617 773 702 Syrorum,
818 617 1109 684 Arabum
1147 617 1623 703 Persarumque
1661 620 1954 703 donaraS,
1992 642 2212 686 conse-

134 724 157 765 5
186 708 403 774 erasti.
494 705 737 782 Quodsi
800 711 939 771 tum
1004 706 1169 770 nihil
1236 711 1338 770 est
1402 711 1644 790 actum,
1711 708 1865 792 quid
1925 709 1994 772 in
2049 709 2211 773 meis

185 796 376 860 bonis
442 797 552 882 agi
615 795 875 879 potuit?
976 793 1090 860 Sin
1156 800 1257 859 est
1321 800 1563 880 ratum,
1628 818 1741 861 cur
1803 797 1916 861 ille
1971 818 2209 883 gurges

185 885 515 950 helluatus
553 887 768 949 tecum
806 883 1001 948 simul
1038 884 1132 947 rei
1169 884 1466 966 publicae
1503 885 1820 969 sanguine
1849 885 1932 949 ad
1958 885 2210 950 caelum

185 978 409 1037 tamen
457 973 699 1036 extruit
743 972 967 1037 villam
1016 971 1084 1035 in
1130 970 1496 1038 Tusculano
1542 973 1899 1039 visceribus
1947 973 2208 1054 aerarii3

187 1061 349 1125 mihi
394 1082 571 1126 meas
617 1061 839 1125 ruinas
851 1111 867 1144 ,
915 1082 1186 1144 quarum
1234 1081 1358 1146 ego
1405 1061 1681 1126 similem
1727 1067 1936 1126 totam
1980 1062 2209 1126 urbem

106 1168 159 1206 ιο
189 1171 327 1214 esse
388 1171 619 1232 passus
678 1170 809 1214 non
871 1171 1041 1232 sum,
1100 1149 1388 1232 aspicere
1441 1171 1575 1214 non
1629 1150 1854 1216 licuit?
1955 1149 2205 1215 Omitto
2213 1131 2314 1258 ἐξ

186 1237 562 1322 Gabinium3
609 1237 807 1322 quid?
853 1238 1149 1319 exemplo
1194 1241 1311 1302 tuo
1347 1238 1520 1303 bona
1554 1241 1669 1302 tua
1703 1261 1914 1304 nonne
1952 1237 2021 1302 L.
2049 1237 2207 1302 Nin·
2337 1291 2347 1298 .

183 1327 329 1391 nius
340 1376 357 1408 ,
412 1326 513 1391 vir
568 1327 857 1390 omnium
913 1324 1310 1390 fortissimus
1366 1329 1560 1409 atque
1617 1328 1931 1410 optimuS,
1993 1349 2208 1392 conse·

184 1415 438 1480 cravit‘?
504 1413 689 1490 Quod
727 1414 803 1498 si,
840 1415 993 1498 quia
1030 1413 1112 1478 ad
1148 1417 1214 1478 te
1254 1415 1557 1498 pertinet,
1593 1421 1807 1479 ratum
1837 1436 1975 1480 esse
2002 1437 2206 1501 negas

186 1507 510 1588 oportere,
565 1525 642 1566 ea
694 1503 839 1567 iura
893 1501 1295 1566 constituisti
1347 1503 1417 1566 in
1469 1503 1804 1587 praeclaro
1867 1503 2208 1575 tribunatu

106 1609 157 1648 15
187 1596 319 1676 tuo,
368 1591 603 1676 quibus
648 1591 720 1654 in
761 1594 828 1654 te
874 1590 1201 1655 conversis
1248 1612 1600 1674 recusareS,
1645 1591 1810 1656 alios
1857 1595 2206 1676 everteres3

183 1681 288 1744 sin
330 1680 462 1744 ista
506 1679 905 1745 consecratio
954 1679 1250 1763 legitima
1298 1683 1423 1762 est,
1471 1678 1625 1763 quid
1671 1683 1797 1763 est,
1843 1679 2014 1763 quod
2059 1699 2204 1763 pro·

182 1769 407 1834 fanum
470 1768 547 1834 in
621 1768 753 1832 tuis
818 1767 1007 1833 bonis
1071 1788 1209 1832 esse
1273 1767 1527 1850 possit?
1636 1768 1742 1832 An
1805 1768 2204 1832 consecratio

182 1857 436 1922 nullum
480 1857 682 1922 habet
725 1858 843 1941 ius,
890 1855 1209 1920 dedicatio
1257 1860 1358 1920 est
1400 1856 1749 1941 religiosa?
1834 1854 2001 1931 Quid
2047 1877 2202 1942 ergo

184 1946 303 2011 illa
357 1950 474 2011 tua
526 1951 668 2011 tum
726 1944 1080 2011 obtestatio
1135 1945 1449 2026 tibicinis,
1505 1944 1658 2029 quid
1711 1945 1997 2027 foculus,
2053 1944 2206 2028 quid

102 2052 155 2090 20
182 2056 432 2119 preceS,
480 2034 633 2117 quid
676 2035 857 2099 verba
900 2034 1117 2117 prisca
1161 2034 1550 2099 voluerunt?
1597 2033 1913 2116 ementiri,
1957 2032 2205 2116 fallere,

187 2122 369 2187 abuti
408 2123 675 2187 deorum
710 2124 1178 2187 immortalium
1215 2122 1480 2187 numine
1509 2121 1592 2185 ad
1617 2121 1952 2186 hominum
1979 2126 2206 2185 metum

187 2210 615 2293 timoremque
661 2211 971 2275 voluisti?
1036 2209 1227 2294 Nam,
1275 2211 1329 2275 si
1377 2214 1477 2274 est
1521 2210 1686 2273 illud
1731 2213 1946 2273 ratum
1981 2207 2205 2293 (mitto

184 2297 581 2382 Gabinium),
626 2301 741 2363 tua
788 2298 1015 2363 domus
1064 2303 1253 2381 certe,
1301 2302 1368 2363 et
1415 2297 1717 2381 quicquid
1760 2298 1964 2361 habes
2012 2297 2207 2381 aliud,

186 2384 403 2451 Cereri
449 2390 550 2451 est
596 2389 1065 2470 consecratum3
1114 2386 1219 2450 sin
1252 2386 1366 2449 ille
1401 2386 1591 2449 ludus
1627 2384 1772 2470 fuit,
1817 2384 1972 2469 quid
2009 2390 2074 2450 te
2112 2387 2204 2449 in-

106 2492 159 2533 25
184 2474 429 2559 purius,
478 2474 586 2559 qui
629 2475 975 2560 religiones
1024 2474 1236 2539 omnis
1285 2473 1600 2557 pollueris
1637 2476 1751 2538 aut
1789 2474 2202 2539 ementiundo

187 2566 300 2628 aut
348 2562 752 2647 stuprando?
844 2562 1007 2628 ‘Iam
1043 2561 1308 2645 ¹fateor',
1351 2562 1591 2647 inquit,
1638 2561 1762 2626 ‘me
1807 2563 1878 2626 in
1923 2560 2310 2631 Gabiniol26

182 2652 500 2717 nefarium
546 2648 787 2716 fuisse?
871 2650 1119 2735 Quippe
1166 2650 1344 2715 vides
1388 2671 1662 2734 poenam
1708 2650 1891 2715 illam
1937 2673 1978 2717 a
2020 2654 2088 2715 te
2131 2651 2203 2715 in

186 2742 386 2805 alium
447 2739 820 2805 institutam
875 2741 943 2805 in
996 2745 1063 2804 te
1118 2739 1330 2822 ipsum
1379 2760 1518 2803 esse
1565 2760 1960 2803 conversam.
2060 2738 2204 2822 Sed,

183 2829 379 2894 homo
436 2829 725 2893 omnium
782 2828 1095 2893 scelerum
1149 2825 1674 2912 flagitiorumque
1731 2828 2202 2908 documentum,

104 2934 159 2973 ³0
187 2917 357 2999 quod
402 2917 473 2982 in
519 2915 799 2982 Gabinio
844 2916 1101 2998 fateris,
1146 2912 1328 2980 cuius
1373 2915 1823 3000 inpudicitiam
1868 2915 2203 2999 pueritiae,

184 3005 484 3069 libidines
532 3004 1035 3087 adulescentiae,
1082 3004 1352 3070 dedecus
1399 3008 1466 3068 et
1511 3007 1871 3089 egestatem
1914 3002 2203 3085 reliquae

182 3092 373 3177 vitae,
418 3093 831 3159 latrocinium
877 3092 1251 3158 consulatus
1297 3092 1595 3177 vidimus,
1641 3092 1742 3157 cui
1777 3114 1859 3155 ne
1898 3092 2028 3155 ista
2069 3090 2204 3174 qui-

183 3182 325 3245 dem
380 3182 527 3265 ipsa
581 3182 915 3247 calamitas
962 3180 1199 3245 iniuria
1243 3180 1462 3265 potuit
1507 3179 1820 3258 accidere,
1874 3178 1938 3242 id
1985 3178 2054 3241 in
2099 3198 2202 3241 me

182 3270 470 3334 infirmas
524 3274 592 3333 et
647 3272 910 3355 gravius
971 3291 1111 3333 esse
1158 3269 1344 3353 dicis,
1399 3268 1570 3353 quod
1615 3289 1743 3332 uno
1793 3266 2203 3338 adulescente

72 3376 156 3415 -85
184 3380 377 3442 quam
424 3359 596 3441 quod
642 3359 939 3424 contione
984 3362 1129 3433 tota
1172 3360 1343 3421 teste
1388 3355 1643 3421 fecisti?
2178 3403 2308 3474 (49)

314 3444 676 3513 ‘Dedicatio
744 3446 1092 3531 magnam’,
1156 3445 1394 3529 inquit,
1458 3443 1681 3509 ‘habet
1751 3441 2172 3529 religionem?
2208 3482 2308 3531 127

180 3534 411 3601 Nonne
458 3537 644 3603 vobis
692 3534 910 3601 Numa
955 3534 1316 3620 Pompilius
1364 3533 1619 3598 videtur
1656 3531 1880 3617 loqui?
1953 3531 2203 3597 Discite
2222 3550 2310 3615 49
