2534 3875
354 153 487 218 322
916 154 1061 210 pao
1097 155 1163 210 L.
1199 151 1517 209 MURENA
1554 153 1847 210 ORATIO.
2507 173 2509 232 J

354 300 453 364 ita
498 298 575 363 de
614 319 682 364 se
719 298 1024 363 meritum
1062 301 1254 382 esset,
1299 303 1496 384 caput
1532 319 1602 363 se
1637 298 1788 363 vivo
1825 319 1959 362 non
1996 296 2388 362 defuturum.

359 385 749 472 Congemuit
794 390 1060 452 senatus
1107 385 1412 471 frequens
1457 407 1664 471 neque
1700 389 1924 450 tamen
1961 387 2125 450 satis
2163 406 2390 450 severe

353 497 473 559 pro
529 475 625 540 rei
678 473 1072 560 indignitate
1127 474 1439 558 decrevit3
1491 496 1646 538 nam
1701 473 1946 558 partim
1986 473 2134 538 ideo
2177 472 2390 537 fortes

353 563 424 628 in
470 563 867 638 decernendo
912 584 1045 628 non
1094 566 1299 647 erant,
1345 563 1501 647 quia
1533 561 1703 626 nihil
1740 562 2079 642 timebant,
2123 561 2390 646 partim,

356 651 511 735 quia
562 651 890 716 timebant
942 650 1233 715 nimium.
1324 650 1565 734 Erupit
1607 671 1644 715 e
1690 653 1923 715 senatu
1968 649 2389 734 triumphans
2414 664 2436 704 ⁵

354 738 621 824 gaudie,
685 760 877 823 quem
941 739 1207 804 omnino
1261 739 1486 804 vivum
1539 737 1724 804 illinc
1781 738 1956 802 exire
2009 759 2144 802 non
2199 759 2392 822 opor-

353 830 597 912 tuerat,
659 827 1047 912 praesertim
1111 849 1257 891 cum
1323 826 1496 892 idem
1557 826 1671 891 ille
1734 826 1804 891 in
1869 825 2095 892 eodem
2159 825 2391 890 ordine

354 915 577 1001 paucis
634 915 859 980 diebus
916 919 1069 980 ante
1115 913 1380 998 Catoni,
1432 914 1796 979 fortissimo
1849 914 1994 980 viro
2003 964 2022 998 ,
2075 913 2390 980 iudicium

356 1003 692 1069 minitanti
746 1025 821 1068 ac
876 1002 1286 1068 denuntianti
1339 1003 1809 1089 respondisset,
1873 1003 1932 1067 si
1984 1001 2157 1086 quod
2215 1005 2391 1066 esset

354 1091 423 1155 in
470 1113 620 1156 suas
664 1091 961 1156 fortunas
997 1091 1367 1156 incendium
1403 1090 1776 1173 excitatum,
1811 1089 1878 1154 id
1917 1112 1986 1155 se
2021 1111 2158 1155 non
2195 1112 2389 1174 aqua,
2415 1105 2455 1144 1⁰

244 1158 336 1286 526
356 1178 469 1244 sed
531 1179 721 1244 ruina
782 1179 1265 1244 restincturum.
1365 1177 1490 1243 His
1555 1183 1699 1244 tum
1750 1179 1944 1244 rebus
2000 1183 2390 1262 commotus,

357 1271 423 1332 et
478 1267 651 1352 quod
707 1266 1005 1332 homines
1050 1268 1183 1332 iam
1229 1273 1373 1333 tum
1419 1267 1790 1332 coniuratos
1835 1289 1984 1332 cum
2030 1266 2278 1350 gladiis
2323 1267 2391 1331 in

354 1377 658 1440 campum
704 1355 931 1420 deduci
975 1377 1017 1421 a
1062 1354 1352 1420 Catilina
1396 1355 1710 1438 sciebam,
1756 1353 2056 1419 descendi
2099 1353 2170 1419 in
2219 1377 2388 1420 cam·

353 1465 510 1529 pum
558 1465 704 1508 cum
748 1443 1135 1545 firmissimo·
1168 1443 1493 1527 praesidio
1537 1442 2050 1508 fortissimorum
2095 1443 2386 1508 virorum

355 1536 423 1597 et
468 1553 615 1597 cum
659 1531 779 1597 illa
825 1532 967 1597 lata
1009 1532 1139 1596 insi
1259 1554 1380 1615 que
1426 1531 1647 1614 lorica,
1690 1553 1822 1596 non
1869 1552 2032 1614 quae
2068 1553 2172 1595 me
2210 1535 2387 1618 tege
2413 1545 2454 1585 1⁵

353 1623 456 1684 ret
503 1617 774 1706 (etenim
820 1620 1103 1686 sciebam
1186 1621 1486 1684 atilinam
1529 1641 1664 1684 non
1709 1620 1882 1684 latus
1921 1621 2036 1683 aut
2069 1623 2389 1702 ventrem,

355 1709 468 1772 sed
524 1712 721 1793 caput
775 1711 843 1772 et
887 1709 1129 1773 collum
1175 1709 1387 1773 solere
1431 1705 1712 1793 petere),
1767 1729 1990 1772 verum
2035 1711 2111 1773 ut
2157 1727 2388 1772 omnes

353 1796 509 1860 boni
573 1796 1165 1861 animadverterent
1229 1799 1324 1880 et,
1387 1818 1533 1862 cum
1595 1796 1666 1860 in
1729 1798 1907 1860 metu
1973 1799 2040 1860 et
2093 1795 2387 1880 periculo

356 1885 685 1950 consulem
730 1884 1042 1971 viderent,
1087 1884 1155 1949 id
1193 1884 1366 1970 quod
1404 1888 1506 1950 est
1539 1883 1808 1967 factum,
1853 1883 1935 1949 ad
1973 1904 2164 1969 opem
2200 1905 2389 1967 prae·
2517 1920 2519 1987 4

356 1974 715 2058 sidiumque
753 1978 1227 2039 concurrerent.
1299 1972 1550 2057 Itaque,
1596 1995 1741 2039 cum
1775 1976 1862 2057 te,
1908 1970 2110 2056 Servi,
2154 1973 2383 2037 remis·
2411 1987 2457 2027 20
2517 1988 2519 2035 ὲ

355 2061 593 2126 siorem
637 2062 709 2125 in
752 2062 1030 2146 petendo
1076 2065 1403 2146 putarent,
1449 2060 1804 2127 Catilinam
1851 2065 1917 2126 et
1953 2083 2067 2146 spe
2106 2066 2172 2125 et
2209 2062 2388 2147 cupi-

356 2149 563 2214 ditate
608 2149 1087 2214 inflammatum
1132 2149 1456 2233 viderent,
1503 2170 1745 2231 omnes,
1792 2149 1904 2234 qui
1947 2149 2134 2213 illam
2183 2149 2273 2215 ab
2319 2170 2388 2213 re

354 2238 618 2323 publica
669 2242 922 2322 pestem
977 2237 1300 2322 depellere
1359 2238 1734 2323 cupiebant,
1792 2237 1872 2302 ad
1917 2236 2263 2302 Murenam
2321 2258 2386 2302 se

246 2340 316 2389 63
356 2326 584 2391 statim
630 2327 1060 2391 contulerunt.
1124 2324 1370 2410 Magna
1417 2329 1517 2390 est
1563 2329 1781 2391 autem
1829 2325 2110 2391 comitiis
2157 2347 2385 2390 consu-

355 2414 603 2479 laribus
672 2415 1014 2498 repentina
1076 2415 1492 2478 voluntatum
1556 2413 1922 2496 inclinatio,
1993 2415 2384 2497 praesertim
2411 2427 2459 2467 25
2516 2472 2519 2489 ζ

356 2522 503 2565 cum
558 2500 852 2565 incubuit
906 2502 989 2565 ad
1046 2501 1257 2567 virum
1312 2502 1557 2566 bonum
1613 2506 1679 2566 et
1735 2502 1962 2567 multis
2011 2502 2160 2566 aliis
2209 2502 2387 2567 adiu-

356 2588 594 2653 mentis
670 2589 1007 2673 petitionis
1084 2593 1406 2655 ornatum.
1515 2587 1639 2664 Qui
1703 2612 1851 2655 cum
1915 2590 2384 2656 honestissimo

354 2680 542 2760 patre
624 2679 819 2759 atque
900 2674 1285 2760 maioribuS,
1369 2677 1854 2743 modestissima
1926 2677 2384 2759 adulescentia,

355 2761 721 2828 clarissima
756 2763 1104 2849 legatione,
1139 2768 1446 2866 praetura
1485 2766 1813 2849 probata
1793 2788 1865 2830 ιιι
1899 2768 2055 2849 iure,
2094 2767 2335 2852 grata
2316 2788 2384 2829 m
2516 2826 2518 2843 ‚

354 2872 635 2934 munere,
682 2855 915 2917 ornata
958 2852 1030 2916 in
1066 2853 1400 2936 provincia
1445 2854 1718 2937 petisset
1764 2853 2126 2939 diligenter,
2172 2858 2242 2920 et
2287 2854 2383 2918 ita
2408 2869 2460 2909 ³0

354 2938 646 3024 petisset,
681 2942 757 3004 ut
793 2961 997 3023 neque
1030 2940 1307 3005 minanti
1335 2942 1589 3007 cederet
1615 2963 1821 3026 neque
1849 2942 2149 3027 cuiquam
2178 2942 2380 3006 mina·

354 3031 552 3109 retur,
599 3027 751 3092 huic
797 3027 1160 3093 mirandum
1199 3033 1303 3094 est
1347 3051 1586 3115 magno
1635 3029 2005 3095 adiumento
2054 3028 2381 3095 Catilinae

356 3115 643 3180 subitam
690 3137 873 3201 spem
911 3116 1290 3182 consulatus
1339 3117 1736 3203 adipiscendi
1780 3118 2070 3184 fuisse?-

250 3218 319 3268 54
487 3202 551 3269 N
555 3226 677 3269 unc
722 3204 886 3269 mihi
929 3205 1163 3270 tertius
1209 3205 1325 3269 ille
1371 3206 1552 3271 locus
1601 3210 1702 3271 est
1737 3206 2024 3289 reliquus
2061 3206 2376 3271 orationis

354 3291 432 3355 de
489 3292 776 3358 ambitus
833 3293 1209 3358 criminibus
1267 3298 1702 3396 perpurgatus
1751 3294 1833 3359 ab
1879 3294 2012 3376 his,
2067 3294 2180 3378 qui
2226 3299 2377 3359 ante
2401 3306 2451 3349 ⁸⁵
2517 3352 2519 3381 ÷

355 3401 458 3443 me
497 3379 814 3466 dixerunt,
860 3403 901 3445 a
936 3404 1058 3465 me,
1095 3381 1401 3466 quoniam
1439 3382 1536 3448 ita
1571 3381 1844 3447 Murena
1879 3382 2105 3466 voluit,
2140 3386 2378 3447 retrac-

352 3467 622 3552 tandus3
670 3490 798 3553 quo
844 3470 914 3533 in
957 3470 1102 3536 loco
1153 3466 1220 3536 O.
1247 3466 1582 3555 PostumO,
1626 3469 1938 3535 familiari
1985 3492 2147 3554 me0,
2192 3492 2375 3535 orna·
2515 3382 2519 3613 ¹
