2534 3875
320 91 335 126 1

826 196 982 252 ΟΑΡ.
1022 202 1233 252 13—17
1273 202 1303 262 ς
1340 203 1568 253 32-40.
2125 201 2204 260 11

156 343 322 425 tere,
361 341 619 405 nullum
656 344 759 406 est
794 339 1122 424 iudicium,
1160 340 1589 406 absolvantur
1628 364 1853 408 omnes
1893 341 1970 406 de
2008 341 2208 407 simili

156 451 366 494 causa
430 450 693 495 necesse
758 433 884 512 est,
952 427 1127 493 bona
1186 429 1582 494 mehercule!
1675 427 1743 494 Si
1806 430 1930 495 hoc
1997 431 2206 495 solum
2247 447 2314 496 36

157 522 359 601 esset,
404 520 630 582 tamen
672 538 811 600 VOS,
856 516 1026 582 tales
1073 516 1215 600 viri,
1261 518 1438 582 nolle
1482 517 1804 583 deberetis
1852 518 2206 582 maximam

155 628 305 670 rem
370 605 786 670 coniunctam
841 626 985 670 cum
1042 625 1301 670 summa
1351 626 1424 671 re
1480 605 1746 692 publica
1797 605 2207 690 fortunisque

96 711 128 752 ⁵
154 694 597 779 privatorum,
634 692 1117 759 severissimum
1153 692 1463 758 iudicium
1503 694 1917 777 maximaque
1953 694 2208 758 ratione

156 781 605 867 compositum
652 803 769 866 per
813 802 932 847 vos
980 780 1186 847 videri
1234 802 1378 846 esse
1426 780 1836 847 dissolutum.
1912 779 2039 847 Sed
2073 802 2210 847 non

155 871 231 935 id
277 870 497 935 solum
544 870 761 954 agitur
806 917 823 934 .
870 917 886 934 .
934 917 949 932 .

154 1048 291 1113 1100
344 1045 657 1112 iudicium
714 1045 809 1110 sic
863 1049 1267 1130 expectatur,
1323 1050 1400 1110 ut
1453 1068 1587 1110 non
1629 1067 1798 1111 unae
1843 1047 1940 1110 rei
1984 1048 2209 1130 statui,

162 1136 281 1200 sed
345 1134 648 1199 omnibus
713 1133 1027 1199 constitui
1091 1137 1375 1219 putetur.
1448 1132 1791 1220 (Priscian.
1832 1133 1936 1200 VI
1961 1140 2020 1199 1.
2070 1137 2130 1213 5,
2165 1135 2217 1199 Ι

70 1242 225 1306 1012·
268 1229 416 1290 197.
462 1222 591 1308 15.)

156 1421 291 1486 ego
358 1398 701 1485 intellego,
765 1402 835 1464 et
900 1402 1125 1464 tamen
1189 1399 1531 1464 dicendum
1577 1403 1680 1464 est
1743 1399 1826 1465 ad
1871 1421 1977 1483 ea,
2041 1420 2206 1483 quae
2245 1417 2311 1465 37

154 1487 335 1552 dixit
362 1485 720 1571 Quinctius,
754 1509 891 1550 non
926 1509 1052 1570 quo
1091 1487 1175 1552 ad
1209 1510 1350 1552 rem
1385 1487 1731 1573 pertineat,
1767 1487 1882 1552 sed
1916 1509 2000 1552 ne
2036 1487 2208 1570 quid,

154 1577 323 1662 quia
380 1598 419 1640 a
474 1597 578 1640 me
632 1575 1171 1660 praetermissum
1228 1576 1345 1659 sit,
1403 1597 1522 1658 pro
1569 1597 1877 1640 concesso
1923 1579 2207 1659 putetur.
2231 1627 2314 1688 16

298 1663 485 1730 Dicis
545 1667 849 1748 oportere
910 1663 1164 1748 quaeri,
1223 1662 1524 1728 homines
1584 1661 1670 1728 M.
1731 1662 1910 1727 Tulli
1969 1663 2209 1727 iniuria
2247 1703 2316 1754 38

67 1772 127 1812 1⁵
160 1752 370 1820 occisi
418 1752 553 1818 sint
604 1772 823 1816 necne.
914 1750 1015 1816 De
1072 1774 1199 1837 quo
1254 1751 1381 1817 hoc
1435 1751 1722 1836 primum
1781 1772 2051 1836 quaero,
2105 1772 2210 1816 ve⁴

153 1841 345 1906 nerit
403 1862 483 1905 ea
539 1861 643 1904 res
702 1841 773 1904 in
829 1838 957 1904 hoc
1009 1839 1322 1905 iudicium
1380 1861 1598 1904 necne.
1691 1837 1763 1903 Si
1820 1861 1954 1904 non
2011 1839 2210 1921 venit,

157 1929 325 2016 quid
388 1929 629 1994 attinet
690 1930 803 1993 aut
860 1950 983 1993 nos
1045 1927 1253 1993 dicere
1313 1933 1432 1994 aut
1495 1927 1620 1993 hos
1685 1927 2043 2012 quaerere?
2139 1925 2210 1993 Si

157 2024 394 2085 autem
450 2017 657 2100 venit,
726 2016 882 2100 quid
943 2017 1217 2081 attinuit
1274 2020 1343 2081 te
1401 2021 1538 2081 tam
1600 2016 1828 2081 multis
1890 2016 2108 2082 verbis
2171 2038 2210 2081 a

155 2111 475 2193 praetore
529 2106 893 2191 postulare,
947 2108 1023 2170 ut
1078 2105 1345 2170 adderet
1389 2106 1460 2170 in
1503 2104 1814 2170 iudicium
1861 2103 2211 2187 ‘INIURIA',

66 2216 125 2255 20
159 2201 261 2279 et,
330 2194 489 2279 quia
541 2215 673 2258 non
726 2194 1179 2279 impetrasseS,
1244 2194 1548 2259 tribunos
1603 2194 1691 2278 pl.
1749 2193 2082 2278 appellare
2142 2196 2208 2257 et

156 2286 279 2349 hic
332 2282 405 2347 in
456 2281 695 2347 iudicio
752 2282 937 2365 queri
995 2281 1318 2364 praetoris
1379 2280 1828 2365 iniquitatem,
1894 2280 2066 2366 quod
2131 2280 2209 2344 de

157 2370 412 2437 iniuria
454 2392 589 2435 non
635 2368 998 2435 addiderit?
1081 2368 1262 2435 Haec
1307 2392 1456 2436 cum
1501 2373 1874 2454 praetorem
1919 2368 2207 2451 postula·
2247 2386 2314 2434 39

158 2463 312 2537 baS,
358 2480 503 2523 cum
541 2458 843 2523 tribunos
882 2457 1282 2542 appellabas,
1317 2479 1553 2543 nempe
1589 2459 1683 2522 ita
1719 2456 1998 2541 dicebas,
2033 2461 2212 2541 pote·

162 2552 415 2613 statem
477 2545 604 2611 tibi
664 2546 808 2611 fieri
872 2550 1197 2630 oportere,
1262 2550 1362 2629 ut,
1427 2546 1484 2611 si
1551 2566 1812 2629 posseS,
1875 2566 2210 2630 recupera·

66 2656 130 2697 25
163 2636 419 2702 toribus
455 2634 877 2720 persuaderes
913 2655 1044 2699 non
1084 2654 1227 2699 esse
1261 2633 1502 2699 iniuria
1525 2632 1614 2699 M.
1643 2633 1864 2699 Tullio
1903 2634 2212 2698 damnum

164 2726 421 2790 datum.
497 2721 701 2798 -Quod
746 2742 905 2807 ergo
950 2721 1097 2788 ideo
1133 2722 1205 2787 in
1248 2722 1560 2787 iudicium
1607 2721 1758 2786 addi
1801 2721 2093 2806 voluisti,
2136 2726 2214 2786 ut

165 2814 253 2879 de
301 2833 379 2878 eo
424 2811 551 2877 tibi
598 2810 771 2896 apud
823 2814 1311 2895 recuperatores
1367 2811 1579 2876 dicere
1635 2810 1891 2893 liceret,
1945 2832 2021 2875 eo
2078 2831 2211 2875 non

166 2900 399 2967 addito
452 2898 664 2964 nihilo
710 2899 927 2963 minus
974 2903 1196 2963 tamen
1241 2898 1340 2963 ita
1385 2897 1569 2981 dicis,
1627 2900 1816 2983 quasi
1862 2898 1930 2963 id
1974 2898 2211 2983 ipsum,

166 3014 213 3056 a
274 3011 404 3073 quo
464 2987 772 3073 depulsus
846 3008 943 3070 es,
1012 2987 1432 3071 impetraris‘?
1537 2986 1632 3052 At
1697 2986 1931 3072 quibus
1993 2987 2212 3052 verbis
2238 3000 2317 3063 17

73 3100 136 3139 so
165 3080 245 3144 in
303 3076 703 3142 decernendo
757 3073 1061 3140 Metellus
1121 3096 1278 3139 usus
1335 3078 1436 3141 est
1491 3076 1830 3157 ceterique,
1886 3096 2047 3160 quos
2105 3096 2212 3159 ap·

166 3164 487 3253 pellasti‘?
577 3161 813 3228 Nonne
866 3163 1026 3229 haec
1080 3164 1371 3228 omnium
1426 3162 1556 3228 fuit
1610 3164 1851 3247 oratio,
1918 3162 2088 3247 quod
2145 3162 2215 3228 vi

166 3253 553 3319 hominibus
611 3250 883 3317 armatis
928 3252 1254 3317 coactisve
1299 3251 1555 3317 familia
1599 3252 1830 3317 fecisse
1877 3251 2214 3333 diceretur,

165 3343 241 3409 id
297 3341 567 3407 tametsi
619 3340 805 3405 nullo
859 3339 999 3404 iure
1053 3339 1196 3404 fieri
1252 3340 1570 3425 potuerit,
1635 3344 1861 3404 tamen
1920 3359 1989 3403 se
2046 3338 2212 3402 nihil

169 3429 559 3496 addituros‘?
652 3428 745 3493 Et
796 3432 998 3512 recte,
1056 3434 1563 3513 recuperatores
1653 3426 1829 3491 Nam
1883 3448 2030 3490 cum
2074 3447 2215 3510 per·
2251 3443 2321 3492 40

80 3539 139 3581 85
170 3518 365 3603 fugio
410 3518 595 3583 nullo
644 3516 1003 3583 constituto
1050 3520 1274 3582 tamen
1317 3517 1477 3582 haec
1525 3516 1772 3582 scelera
1812 3513 1985 3579 servi
2021 3514 2215 3579 auda·
