2534 3875
311 142 447 209 430
508 142 782 198 ORATIO
823 141 1008 196 POST
1047 140 1385 195 REDITUM
1421 140 1501 193 IN
1542 138 1833 194 SENATU
1872 140 2167 195 HABITA.

241 305 272 354 2
314 288 521 352 distis.
622 285 868 387 Quodsi
930 289 1234 371 parentes
1300 284 1672 350 carissimos
1726 284 1970 350 habere
2024 285 2359 369 debemus,

312 376 487 461 quod
533 375 615 439 ab
661 374 742 438 iis
787 374 979 438 nobis
1025 374 1190 457 vita,
1237 373 1737 457 patrimonium,
1784 374 2075 457 libertas,
2124 374 2358 438 civitas

313 464 560 528 tradita
613 466 741 547 est,
799 462 856 526 si
912 462 1065 526 deos
1141 461 1509 525 inmortalis
1517 512 1536 546 ,
1593 483 1869 545 quorum
1928 462 2243 527 beneficio
2290 467 2361 525 et

313 552 475 617 hacc
522 551 852 615 tenuimus
901 554 968 615 et
1014 550 1247 615 ceteris
1296 551 1493 615 rebus
1539 550 1718 615 aucti
1762 571 2004 632 sumuS,
2052 550 2112 614 si
2146 572 2357 636 popu-

314 640 453 705 lum
509 639 905 722 Romanum,
962 639 1142 703 cuius
1197 638 1558 703 honoribus
1614 638 1685 702 in
1740 638 2148 722 amplissimo
2206 660 2359 703 con·
2416 655 2448 696 ὁ
2530 636 2532 677 3

316 728 465 793 silio
532 732 598 792 et
659 728 730 791 in
793 726 1119 791 altissimo
1186 726 1391 810 gradu
1459 726 1799 811 dignitatis
1856 731 2052 811 atque
2106 727 2177 791 in
2231 726 2362 792 hac
2531 734 2532 741 ’

316 817 609 882 omnium
647 820 972 880 terrarum
1011 837 1158 879 arce
1197 815 1522 879 conlocati
1560 836 1803 899 sumUS,
1842 814 1901 878 si
1936 815 2107 879 hunc
2134 815 2360 900 ipsum

316 905 626 988 ordinem,
666 926 705 969 a
744 926 870 988 quo
903 924 1095 988 saepe
1124 903 1792 987 magnificentissimis
1820 903 2097 967 decretis
2127 924 2359 967 sumus

314 992 677 1075 honestati,
731 992 1102 1056 inmensum
1149 991 1456 1075 quiddam
1506 995 1572 1055 et
1616 991 1946 1055 infinitum
1994 994 2121 1076 est,
2180 992 2359 1075 quod

312 1081 502 1146 vobis
541 1081 907 1164 debeamus,
947 1080 1058 1163 qui
1094 1083 1317 1144 vestro
1357 1079 1677 1163 singulari
1712 1080 1927 1144 studio
1966 1084 2160 1164 atque
2199 1102 2353 1145 con·
2386 1097 2439 1135 1⁰

315 1191 510 1233 sensu
537 1172 884 1253 parentum
912 1168 1242 1253 beneficia,
1273 1168 1537 1232 deorum
1566 1168 2035 1233 immortalium
2064 1190 2360 1250 munera,

313 1257 544 1342 populi
589 1256 871 1321 Romani
923 1256 1204 1320 honores
1215 1306 1233 1340 ,
1289 1260 1511 1321 vestra
1566 1257 1643 1320 dc
1698 1279 1801 1321 mc
1858 1257 2071 1321 multa
2115 1256 2359 1321 iudicia

314 1346 506 1410 nobis
550 1366 680 1409 uno
727 1348 1023 1427 tempore
1071 1345 1292 1409 omnia
1335 1344 1736 1428 reddidistis,
1790 1347 1892 1427 ut,
1946 1367 2094 1409 cum
2140 1345 2356 1409 multa

313 1434 523 1517 vobis,
551 1454 790 1517 magna
818 1433 1064 1518 populo
1084 1432 1403 1517 RomanO,
1430 1433 1933 1497 innumerabilia
1949 1432 2356 1517 parentibus»,

315 1522 536 1587 omnia
587 1522 686 1587 dis
730 1521 1192 1587 inmortalibus
1233 1522 1602 1605 debeamus,
1646 1520 1809 1586 haec
1856 1525 2050 1586 antea
2086 1521 2356 1605 singula
2383 1537 2434 1578 15

314 1632 433 1694 per
475 1611 629 1674 illos
675 1609 1114 1695 habuerimus,
1162 1631 1333 1674 nunc
1378 1610 1685 1674 universa
1729 1630 1847 1695 per
1882 1631 2000 1675 vos
2038 1610 2356 1693 recipera-

313 1700 536 1763 rimus.

233 1766 278 1893 23
448 1787 707 1871 Itaque,
762 1791 986 1870 patres
1034 1786 1414 1872 conscripti,
1460 1786 1633 1871 quod
1676 1808 1759 1852 ne
1806 1787 2163 1872 optandum
2213 1787 2356 1872 qui-

316 1876 461 1941 dem
526 1880 628 1940 est
689 1874 969 1960 homini,
1033 1876 1603 1941 immortalitatem
1668 1875 1995 1960 quandam
2054 1896 2171 1960 per
2230 1896 2353 1941 vos

315 1987 456 2030 esse
495 1964 717 2047 adepti
752 1964 1064 2029 videmur.
1129 1963 1315 2039 Quod
1352 1965 1527 2029 enim
1561 1969 1822 2047 tempus
1862 1964 1987 2029 erit
2020 1987 2353 2049 umquam,
2382 1983 2431 2022 20
2530 1971 2532 1974 ⁴

315 2076 461 2119 cum
507 2057 872 2117 vestrorum
918 2053 989 2117 in
1034 2075 1155 2117 nos
1200 2053 1659 2117 beneficiorum
1697 2053 2013 2117 memoria
2059 2074 2135 2117 ac
2171 2053 2355 2118 fama

313 2141 658 2225 moriatur,
712 2141 825 2224 qui
869 2140 986 2205 illo
1033 2141 1177 2226 ipso
1225 2145 1520 2226 tempore
1566 2163 1715 2206 cum
1758 2141 1852 2225 vi,
1900 2141 2103 2225 ferro,
2149 2145 2353 2227 metu,

315 2230 514 2294 minis
572 2229 825 2294 obsessi
878 2229 1292 2313 teneremini,
1346 2251 1480 2294 non
1533 2229 1744 2294 multo
1790 2233 1944 2314 post
1989 2229 2351 2294 discessum

315 2341 532 2382 meum
599 2340 702 2382 me
757 2318 1043 2382 universi
1097 2318 1521 2382 revocavistis
1576 2317 1896 2382 referente
1951 2316 2023 2383 L.
2076 2315 2351 2401 NinniO,

313 2406 675 2470 fortissimo
715 2410 912 2490 atque
950 2407 1201 2490 optimo
1231 2406 1417 2471 viro?
1457 2427 1649 2490 quem
1676 2405 1910 2471 habuit
1934 2406 2351 2491 illcpestifer
2378 2423 2427 2463 25

315 2516 521 2558 annus
571 2498 637 2558 et
681 2495 962 2558 maxime
998 2493 1257 2559 fidelem
1296 2498 1362 2558 et
1398 2494 1665 2559 minime
1702 2495 2023 2578 timidum,
2068 2494 2127 2559 si
2162 2495 2350 2558 dimi-

316 2604 464 2647 care
510 2583 882 2666 placuisset,
928 2583 1335 2647 defensorem
1374 2583 1607 2647 salutis
1644 2604 1841 2648 meae.
1906 2583 2351 2667 Posteaquam

316 2670 503 2734 vobis
560 2670 943 2735 decernendi
996 2674 1293 2755 potestas
1334 2672 1510 2752 facta
1552 2693 1688 2736 non
1732 2677 1833 2736 est
1877 2693 1995 2754 per
2039 2693 2187 2735 eum
2230 2672 2351 2736 tri-

317 2759 564 2822 bunum
623 2759 739 2843 pl.,
798 2758 910 2843 qui
967 2781 1113 2823 cum
1173 2781 1292 2844 per
1350 2781 1419 2824 se
1477 2781 1617 2824 rem
1669 2759 1997 2843 publicam
2056 2760 2349 2824 lacerare

314 2869 450 2912 non
502 2851 752 2932 posset,
807 2847 929 2912 sub
977 2847 1192 2912 alieno
1238 2849 1478 2913 scelere
1524 2847 1809 2931 delituit,
1864 2870 2221 2932 numquam
2268 2849 2349 2912 de
2377 2866 2427 2905 30

318 2958 420 3001 mc
494 2935 797 3019 siluistis,
869 2928 1223 3018 numquam
1299 2959 1511 3001 meam
1576 2898 1855 3000 salutcin
1918 2958 2051 3001 non
2114 2936 2200 3001 ab
2262 2936 2349 3002 iis

244 3041 280 3088 4
317 3024 714 3108 consulibuS,
751 3023 864 3107 qui
893 3024 1337 3108 vendiderant,
1362 3024 1801 3110 flagitavistiS.
1864 3024 2097 3109 Itaque
2124 3028 2348 3090 vestro

320 3113 533 3177 studio
597 3117 793 3197 atque
856 3112 1245 3176 auctoritate
1304 3115 1665 3197 perfectum
1725 3117 1852 3196 est,
1908 3119 1982 3178 ut
2034 3113 2177 3196 ipse
2230 3113 2348 3178 ille

319 3222 553 3283 annm,
608 3222 801 3284 quem
859 3221 980 3285 ego
1037 3200 1202 3265 mihi
1257 3223 1453 3284 quam
1498 3201 1751 3286 patriae
1798 3202 2154 3266 malueram
2202 3223 2349 3266 esse

318 3287 616 3370 fatalem,
673 3293 818 3353 octo
874 3288 1170 3353 tribunos
1227 3289 1524 3373 haberet,
1580 3290 1692 3373 qui
1737 3293 1807 3353 et
1847 3289 2348 3375 promulgarent
2376 3305 2423 3346 3⁵

320 3375 398 3438 de
437 3376 649 3440 salute
686 3397 832 3440 mea
870 3381 936 3439 et
974 3376 1056 3440 ad
1092 3397 1209 3440 vos
1247 3399 1440 3461 saepe
1466 3399 1739 3443 numero
1766 3379 2103 3443 referrent.
2169 3376 2346 3442 Nam

321 3463 621 3526 consules
686 3463 966 3528 modesti
1028 3464 1375 3549 legumque
1429 3469 1793 3531 metuentes
1848 3466 2347 3552 inpediebantur
