2534 3875
865 170 1020 228 CAP.
1057 178 1269 227 21-23
1309 178 1339 238 ς
1378 178 1607 229 62-67.
2100 170 2187 235 97

139 339 261 403 que
306 317 706 382 interiorum
749 317 1092 382 nationum
1138 318 1236 382 ita
1282 318 1530 382 versari
1571 320 1874 383 nostrum
1910 315 2189 402 impera·

139 412 375 487 torem,
412 409 495 469 ut
534 405 702 469 nihil
740 404 922 470 aliud
957 404 1088 469 nisi
1124 405 1203 469 de
1242 406 1433 470 hoste
1473 427 1549 471 ac
1584 406 1662 469 de
1701 405 1893 469 laude
1924 405 2190 490 cogitet.

141 493 424 572 Deinde,
483 492 745 558 etiamsi
800 492 913 578 qui
959 496 1114 557 sunt
1157 492 1405 578 pudore
1450 515 1528 559 ac
1572 493 2010 579 temperantia
2055 514 2190 558 mo·

143 582 530 664 deratioreS,
576 586 799 645 tamen
843 603 954 645 eos
1003 602 1144 646 esse
1181 582 1351 646 tales
1388 585 1662 665 propter
1697 580 2188 645 multitudinem

93 686 118 725 ⁵
145 669 538 755 cupidorum
601 668 943 733 hominum
1007 690 1200 734 nemo
1266 670 1642 734 arbitratur.
1743 668 2028 734 Difficile
2088 672 2190 733 est
2228 682 2297 733 65

145 760 358 842 dictu,
425 756 742 840 Quirites,
808 762 1052 842 quanto
1107 758 1178 822 in
1237 758 1388 822 odio
1446 758 1647 822 simus
1706 756 1880 841 apud
1937 762 2191 821 exteras

145 846 452 911 nationes
504 849 776 930 propter
831 866 1083 931 eorum,
1142 867 1307 929 quos
1364 846 1447 910 ad
1493 867 1604 910 eas
1651 866 1769 929 per
1814 845 1937 911 hos
1987 866 2193 909 annos

145 956 297 999 cum
361 932 642 1017 imperio
708 933 1031 1019 misimus,
1104 934 1411 998 libidines
1476 938 1544 998 et
1605 932 1898 998 iniurias.
2006 930 2194 1009 Quod

147 1023 325 1087 enim
381 1023 608 1086 fanum
663 1022 911 1106 putatis
958 1022 1029 1085 in
1073 1022 1210 1086 illis
1256 1021 1451 1086 terris
1496 1021 1745 1087 nostris
1793 1020 2195 1107 magistrati-

79 1128 124 1165 ιο
148 1112 274 1176 bus
303 1110 710 1195 religiosum,
750 1132 946 1195 quam
983 1110 1322 1176 civitatem
1352 1114 1665 1194 sanctam,
1702 1132 1899 1196 quam
1930 1110 2194 1175 domum

151 1199 314 1264 satis
355 1198 649 1263 clausam
688 1219 764 1264 ac
791 1197 1110 1263 munitam
1137 1198 1385 1264 fuisse?
1422 1198 1637 1263 Urbes
1674 1198 1807 1263 iam
1833 1199 2193 1284 locupletes

151 1291 220 1351 et
282 1286 592 1371 copiosae
650 1287 1096 1370 requiruntur,
1162 1286 1399 1372 quibus
1461 1308 1657 1351 causa
1712 1287 1872 1350 belli
1924 1291 2196 1372 propter

151 1375 504 1461 diripiendi
549 1374 972 1458 cupiditatem
1021 1375 1361 1440 inferatur.
1424 1372 1739 1439 Libenter
1772 1374 1935 1440 haec
1973 1396 2193 1440 coram
2234 1389 2305 1439 66

152 1486 299 1528 cum
348 1461 424 1539 Q.
454 1460 690 1528 Catulo
738 1465 807 1527 et
852 1461 924 1538 Q.
953 1462 1328 1547 Hortensio,
1379 1462 1653 1527 summis
1701 1466 1769 1526 et
1816 1462 2196 1527 clarissimis

81 1568 128 1606 ¹⁵
152 1551 343 1634 viris,
408 1550 839 1634 disputarem3
904 1554 1227 1617 noverunt
1292 1552 1466 1615 enim
1522 1551 1850 1615 sociorum
1908 1552 2202 1634 vulnera,

151 1640 379 1705 vident
427 1660 652 1703 eorum
699 1639 1140 1723 calamitates,
1197 1639 1641 1723 querimonias
1690 1638 1981 1703 audiunt.
2070 1638 2200 1704 Pro

154 1728 350 1794 sociis
399 1749 518 1793 vos
564 1733 797 1793 contra
841 1727 1066 1792 hostes
1113 1727 1476 1792 exercitum
1522 1726 1787 1791 mittere
1825 1728 2077 1811 putatis
2116 1748 2203 1791 an

153 1816 445 1881 hostium
483 1814 903 1880 simulatione
940 1819 1170 1880 contra
1205 1815 1419 1881 socios
1458 1818 1656 1898 atque
1687 1814 1979 1879 amicos?
2016 1813 2200 1890 Quae

156 1905 387 1970 civitas
447 1909 549 1969 est
599 1904 670 1969 in
715 1904 906 1988 Asia,
965 1926 1131 1988 quae
1187 1926 1323 1970 non
1377 1904 1572 1969 modo
1619 1902 2037 1989 imperatoris
2086 1906 2203 1968 aut

83 2008 132 2047 ²⁰
156 1993 390 2078 legati,
447 1993 559 2057 sed
613 1992 805 2058 unius
861 1993 1111 2057 tribuni
1167 1993 1451 2057 militum
1499 1992 1754 2057 animos
1804 2014 1880 2056 ac
1923 1992 2199 2075 spiritus

155 2103 386 2166 capere
432 2081 689 2166 possit?
764 2080 992 2172 Quare,
1041 2081 1303 2146 etiamsi
1350 2103 1540 2164 quem
1586 2080 1867 2165 habetis,
1914 2081 2027 2163 qui
2065 2075 2291 2145 col-23

156 2170 310 2235 latis
359 2168 568 2255 signis
626 2170 945 2234 exercitus
1000 2171 1220 2256 regios
1279 2190 1587 2253 superare
1642 2191 1836 2252 posse
1883 2168 2200 2252 videatur,

157 2263 408 2340 tamen,
471 2257 600 2322 nisi
666 2257 792 2322 erit
858 2259 1059 2340 idem,
1125 2259 1238 2342 qui
1296 2279 1365 2322 se
1412 2281 1452 2322 a
1506 2257 1798 2342 pecuniis
1856 2257 2200 2339 sociorum,

160 2347 269 2430 qui
315 2347 400 2411 ab
449 2367 673 2410 eorum
718 2346 1104 2430 coniugibus
1143 2368 1218 2411 ac
1262 2345 1506 2428 liberis,
1554 2345 1695 2428 [qui
1742 2344 1825 2410 ab
1865 2367 2199 2410 ornamen—

89 2449 135 2488 25
162 2435 246 2498 tis
301 2433 609 2498 fanorum
663 2437 859 2518 atque
908 2433 1298 2519 oppidorum
1307 2436 1352 2517 ,]
1410 2433 1523 2517 qui
1569 2434 1652 2498 ab
1702 2455 1860 2498 auro
1911 2454 2200 2517 gazaque

159 2522 343 2608 regia
379 2544 631 2606 manuS,
678 2522 920 2604 oculos,
967 2523 1256 2586 animum
1295 2521 1600 2587 cohibere
1636 2521 1868 2606 possit,
1904 2544 2034 2586 non
2074 2523 2200 2586 erit

159 2611 447 2693 idoneus,
495 2610 607 2694 qui
646 2611 726 2674 ad
765 2611 1012 2676 bellum
1050 2610 1417 2675 Asiaticum
1454 2609 1837 2693 regiumque
1874 2611 2199 2674 mittatur.

160 2699 454 2782 Ecquam
498 2699 750 2783 putatis
799 2699 1129 2763 civitatem
1175 2702 1480 2782 pacatam
1524 2697 1758 2780 fuisse,
1806 2720 1972 2782 quae
2017 2699 2198 2764 locu·
2238 2714 2307 2763 67

162 2786 302 2872 ples
359 2786 478 2868 sit,
541 2808 817 2870 ecquam
862 2808 1003 2851 esse
1049 2787 1469 2871 locupletem,
1537 2808 1703 2871 quae
1757 2785 1907 2851 istis
1962 2791 2201 2870 pacata

93 2890 139 2930 ³0
165 2897 303 2939 esse
349 2874 690 2940 videatur?
739 2874 871 2939 Ora
917 2875 1268 2956 maritima,
1317 2871 1621 2957 Quirites,
1667 2872 1783 2938 Cn.
1812 2873 2199 2959 Pompeium

163 2985 296 3027 non
350 2963 564 3027 solum
618 2967 890 3048 propter
942 2963 1040 3027 rei
1093 2962 1404 3026 militaris
1464 2962 1771 3045 gloriam,
1829 2962 1944 3027 sed
2000 2963 2199 3027 etiam

165 3054 432 3135 propter
477 3051 678 3116 animi
724 3051 1194 3116 continentiam
1239 3049 1602 3135 requisivit.
1693 3048 1981 3115 Videbat
2027 3050 2195 3115 enim

165 3140 591 3222 imperatores
668 3139 1058 3223 locupletari
1145 3138 1495 3225 quotannis
1577 3138 1855 3223 pecunia
1938 3137 2202 3221 publica

167 3229 425 3310 praeter
486 3249 758 3312 paucOS,
819 3249 1030 3311 neque
1097 3249 1208 3292 eos
1278 3225 1623 3310 quicquam
1694 3225 1872 3289 aliud
1930 3225 2200 3308 adsequi

94 3329 138 3369 ³⁵
169 3313 470 3379 classium
517 3316 806 3397 nomine,
852 3315 980 3379 nisi
1033 3317 1108 3378 ut
1154 3313 1564 3380 detrimentis
1621 3312 2010 3397 accipiendis
2066 3334 2200 3376 ma-

168 3403 301 3467 iore
357 3403 546 3468 adfici
588 3403 994 3486 turpitudine
1040 3402 1424 3467 videremur.
1526 3399 1717 3465 Nunc
1775 3422 1903 3485 qua
1960 3399 2201 3483 cupidi-

169 3494 305 3554 tate
350 3490 648 3556 homines
693 3492 763 3556 in
808 3490 1178 3576 provincias
1221 3494 1289 3554 et
1338 3489 1575 3572 quibus
1616 3488 1909 3570 iacturis,
1966 3485 2201 3570 quibus

274 3602 474 3645 010.11.
501 3605 540 3643 2.
1846 3595 1877 3643 '1
