2534 3875
355 210 489 274 454
554 210 827 266 ORATIO
856 209 1040 266 POST
1077 210 1412 266 REDITUM
1445 209 1547 265 AD
1589 209 1928 275 QUIRITES
1964 209 2262 266 HABITA.

358 355 547 439 mihi,
629 355 818 439 meis,
892 355 988 420 rei
1060 355 1357 438 publicae
1432 355 1775 419 restitutus
1848 358 2109 419 tantum
2181 354 2396 437 vobiS,

360 449 669 527 quantum
715 442 929 508 facere
976 465 1273 528 possum,
1319 441 1622 528 Quirites,
1667 443 2044 527 pollicebor,
2088 443 2395 526 primum,

360 554 487 615 qua
525 531 922 596 sanctissimi
968 532 1264 596 homines
1311 532 1558 616 pietate
1607 552 1764 616 erga
1800 530 1954 595 deos
1990 530 2393 595 immortalis

359 641 500 684 esse
529 620 804 704 soleant,
840 619 1061 684 eadem
1090 641 1186 684 me
1212 640 1370 704 erga
1395 619 1712 704 populum
1739 619 2104 683 Romanum
2134 640 2395 703 semper

358 708 498 772 fore
544 729 910 791 numenque
956 711 1245 773 vestrum
1297 729 1499 791 aeque
1549 707 1710 771 mihi
1747 727 1946 792 grave
1983 710 2050 771 et
2089 710 2392 772 sanctum
2418 722 2442 763 ⁵

361 818 437 860 ac
475 798 743 861 deorum
781 797 1253 861 immortalium
1291 796 1362 859 in
1399 796 1576 860 omni
1613 797 1750 859 vita
1783 794 2094 878 futurum,
2141 794 2394 876 deinde,

363 885 669 968 quoniam
732 905 837 949 me
901 885 971 948 in
1031 885 1364 949 civitatem
1429 905 1532 948 res
1597 883 1861 968 publica
1917 883 2063 968 ipsa
2117 883 2394 965 reduxit,

259 985 323 1034 19
362 974 540 1037 nullo
597 994 702 1037 me
756 973 899 1037 loco
955 973 1052 1036 rei
1105 973 1403 1058 publicae
1461 971 1852 1036 defuturum.
1944 969 2190 1046 Quodsi
2246 972 2392 1054 quis

364 1061 695 1126 existimat
740 1083 844 1124 me
892 1065 1006 1124 aut
1050 1062 1391 1126 voluntate
1428 1082 1568 1124 esse
1607 1063 1862 1124 mutata
1897 1063 2010 1124 aut
2045 1059 2394 1124 debilitata

360 1149 605 1214 virtute
672 1153 783 1212 aut
846 1151 1065 1214 animo
1130 1150 1368 1231 fracto,
1440 1148 1857 1214 vehementer
1921 1152 2116 1212 errat.
2225 1147 2395 1212 Mihi
2422 1164 2468 1202 1⁰

364 1237 538 1321 quod
591 1237 809 1321 potuit
863 1237 963 1302 vis
1020 1241 1087 1302 et
1143 1238 1382 1302 iniuria
1428 1240 1494 1300 et
1542 1236 2004 1301 sceleratorum
2049 1236 2394 1301 hominum

361 1325 544 1389 furor
580 1326 937 1409 detrahere,
984 1326 1240 1410 eripuit,
1289 1325 1580 1408 abstulit,
1627 1324 1990 1410 dissipavit3
2038 1324 2213 1408 quod
2249 1325 2393 1388 viro

362 1413 522 1477 forti
579 1414 777 1478 adimi
829 1436 965 1478 non
1008 1416 1256 1498 potest,
1303 1413 1349 1495 †
1392 1413 1539 1477 ideo
1587 1417 1809 1477 manet
1854 1416 1919 1476 et
1964 1413 2393 1498 permanebit.

361 1501 517 1565 Vidi
582 1523 704 1587 ego
766 1501 1201 1566 fortissimum
1257 1501 1497 1583 virum,
1562 1501 1950 1586 municipem
2013 1523 2257 1581 meum,
2326 1500 2393 1566 G.

364 1590 649 1654 Marium
687 1589 1025 1674 (quoniam
1063 1590 1253 1654 nobis
1295 1589 1483 1674 quasi
1521 1589 1746 1672 aliqua
1782 1589 1972 1654 fatali
2000 1590 2392 1654 necessitate
2421 1604 2468 1644 1⁵

361 1701 494 1744 non
550 1679 765 1743 solum
820 1701 966 1744 cum
1021 1678 1131 1762 iis,
1189 1678 1301 1762 qui
1353 1679 1513 1742 haec
1569 1678 1779 1742 delere
1833 1677 2223 1761 voluissent,
2281 1678 2395 1742 sed

362 1768 561 1832 etiam
610 1788 755 1831 cum
800 1766 1067 1832 fortuna
1109 1765 1629 1851 belligerandum
1674 1764 1829 1851 fuit)
1864 1801 1938 1812 —
1973 1786 2122 1830 eum
2168 1770 2396 1831 tamen

362 1856 521 1939 vidi,
583 1876 730 1919 cum
777 1859 949 1919 esset
997 1877 1251 1919 summa
1300 1857 1654 1937 senectute,
1698 1875 1832 1918 non
1877 1854 2071 1919 modo
2118 1876 2256 1918 non
2301 1855 2396 1918 in·

362 1945 575 2009 fracto
634 1946 851 2009 animo
906 1948 1177 2029 propter
1236 1942 1753 2029 magnitudinem
1800 1942 2195 2008 calamitatis
2205 1994 2224 2027 ,
2282 1943 2395 2008 sed

260 2038 327 2087 20
365 2032 744 2097 confirmato
782 2036 979 2115 atque
1015 2036 1351 2098 renovato,
1414 2029 1619 2106 Quem
1647 2036 1908 2114 egomet
1935 2031 2147 2097 dicere
2176 2032 2398 2095 audivi
2424 2047 2470 2086 2⁰
2530 2060 2531 2083 ÷

363 2125 507 2187 tum
556 2143 623 2185 se
668 2119 871 2185 fuisse
919 2120 1246 2204 miserum,
1293 2142 1434 2185 cum
1476 2123 1724 2187 careret
1769 2120 2002 2204 patria,
2049 2142 2248 2203 quam
2287 2120 2398 2185 ob·

366 2209 613 2273 sidione
669 2209 1112 2291 liberavisset,
1166 2230 1314 2273 cum
1371 2229 1490 2273 sua
1542 2207 1718 2272 bona
1772 2208 2089 2291 possideri
2145 2208 2231 2272 ab
2279 2208 2396 2272 ini-

366 2298 550 2362 micis
590 2319 665 2361 ac
694 2296 886 2380 diripi
916 2296 1187 2379 audiret,
1225 2318 1370 2361 cum
1401 2296 1881 2361 adulescentem
1904 2296 2114 2360 filium
2145 2296 2398 2361 videret

365 2385 651 2450 eiusdem
699 2386 944 2449 socium
990 2386 1403 2468 calamitatiS‚
1449 2407 1595 2450 cum
1640 2384 1711 2448 in
1755 2384 2102 2469 paludibus
2151 2384 2396 2449 demer-

366 2495 477 2538 sus
544 2495 857 2538 concursu
922 2494 997 2538 ac
1051 2472 1496 2537 misericordia
1550 2472 2097 2537 Minturnensium
2157 2495 2396 2559 corpus
2421 2486 2464 2528 2⁵

363 2584 441 2625 ac
490 2562 694 2625 vitam
742 2583 927 2626 suam
974 2566 1412 2645 conservaret,
1467 2583 1612 2626 cum
1659 2582 1864 2645 parva
1907 2562 2209 2626 navicula
2257 2585 2398 2647 per·

364 2653 590 2714 vectus
636 2650 707 2713 in
752 2648 1065 2733 Africam,
1113 2650 1349 2733 quibus
1397 2670 1600 2734 regna
1644 2649 1786 2733 ipse
1833 2649 2116 2733 dederat,
2163 2650 2249 2714 ad
2287 2674 2396 2716 eos

364 2738 556 2822 inops
605 2738 1003 2820 supplexque
1047 2738 1358 2821 venisset,
1413 2738 1775 2822 reciperata
1818 2759 1972 2802 vero
2020 2760 2141 2803 sua
2188 2739 2397 2824 digni·

363 2830 503 2890 tate
551 2846 619 2889 se
663 2845 798 2889 non
842 2825 1356 2909 commissurum,
1399 2829 1490 2908 ut,
1537 2848 1684 2889 cum
1722 2847 1817 2909 ea,
1863 2847 2027 2910 quae
2065 2827 2397 2909 amiserat,

366 2914 492 2979 sibi
529 2913 836 2979 restituta
873 2917 1109 2996 essent,
1144 2914 1454 2979 virtutem
1483 2914 1683 2978 animi
1709 2935 1843 2978 non
1868 2914 2160 2995 haberet,
2197 2937 2396 2999 quam
2419 2926 2456 2967 ³⁰

364 3024 721 3086 numquam
767 3000 1171 3084 perdidisset.
1256 2999 1382 3065 Sed
1427 3002 1552 3066 hoc
1597 3002 1769 3066 inter
1815 3024 1917 3066 me
1965 3005 2162 3087 atque
2207 3004 2396 3068 illum

364 3092 663 3173 interest,
722 3088 891 3173 quod
937 3089 1078 3171 ille,
1136 3112 1263 3174 qua
1307 3112 1379 3155 re
1424 3090 1778 3174 plurimum
1823 3091 2068 3175 potuit,
2126 3112 2204 3157 ea
2252 3093 2397 3177 ipsa

364 3201 435 3244 re
482 3178 779 3243 inimicos
828 3198 979 3241 suos
1024 3178 1200 3241 ultus
1248 3182 1376 3260 est,
1423 3178 1650 3259 armis,
1697 3198 1846 3263 ego,
1894 3201 2022 3262 qua
2069 3182 2397 3263 consuevi,

365 3270 516 3331 utar
561 3275 709 3349 arte,
757 3265 1065 3348 quoniam
1102 3265 1200 3329 illi
1252 3266 1382 3329 arti
1426 3266 1496 3329 in
1531 3266 1707 3331 bello
1745 3288 1822 3331 ac
1859 3266 2176 3332 seditione
2214 3270 2396 3334 locus

258 3369 326 3416 21
366 3358 493 3436 est,
548 3354 699 3417 huic
752 3353 821 3415 in
867 3374 1025 3436 pace
1074 3357 1267 3436 atque
1315 3353 1470 3418 otio.
1563 3353 1970 3437 Quamquam
2014 3355 2128 3419 ille
2176 3357 2460 3421 animo³⁵
2530 3384 2531 3435 3

366 3442 535 3505 irato
582 3441 746 3504 nihil
794 3440 925 3505 nisi
971 3440 1048 3505 de
1094 3440 1375 3505 inimicis
1421 3441 1806 3507 ulciscendis
1853 3443 2109 3528 agebat,
2156 3466 2280 3531 ego
2321 3445 2399 3509 de

367 3528 527 3611 ipsis
575 3528 854 3591 inimicis
900 3530 1180 3613 tantum,
1226 3532 1544 3613 quantum
1588 3530 1752 3594 mihi
1797 3552 1902 3595 res
1949 3532 2212 3616 publica
2257 3554 2404 3617 per-
