2534 3875
369 159 502 224 458
657 156 756 210 DE
792 152 1002 209 DOMO
1043 151 1183 207 SUA
1218 152 1319 207 AD
1356 149 1785 206 PONTIFICES
1824 149 2111 207 ORATIO.

370 307 448 368 ut
476 299 864 384 amplissimi
896 302 961 361 et
985 296 1331 362 clarissimi
1365 295 1535 360 cives
1554 295 1910 378 republica
1929 297 2095 362 bene
2117 297 2420 383 gerenda

370 390 724 474 religiones
734 438 751 472 ,
817 385 1245 471 religionibus
1314 383 1643 468 sapienter
1698 384 2208 467 interpretandis
2263 408 2416 450 rem

370 478 701 562 publicam
758 479 1233 540 conservarent.
1325 470 1568 550 Quodsi
1621 472 1757 537 ullo
1813 476 2108 556 tempore
2155 495 2414 561 magna

371 589 569 632 causa
595 567 662 630 in
696 562 1101 629 sacerdotum
1130 559 1360 645 populi
1387 559 1670 624 Romani
1695 560 1933 625 iudicio
1964 583 2038 626 ac
2065 566 2412 646 potestate

370 657 631 720 versata
694 657 821 735 est,
883 651 1045 716 haec
1115 649 1404 733 profecto
1471 651 1660 712 tanta
1715 652 1843 733 est,
1906 652 1980 713 ut
2035 650 2248 714 omnis
2309 652 2413 715 rei
2439 669 2463 710 5

368 743 670 828 publicae
710 739 1015 825 dignitas,
1063 736 1351 802 omnium
1391 736 1629 801 civium
1667 737 1868 820 saluS,
1910 738 2069 820 vita,
2105 738 2413 822 libertaS,

371 853 539 914 arae,
574 829 722 912 foci,
760 828 825 891 di
860 829 1152 911 penateS,
1187 826 1380 906 bona,
1416 823 1741 908 fortunae,
1777 825 2105 890 domicilia
2141 832 2411 892 vestrae

372 918 756 1004 sapientiae,
826 914 1001 997 fidei,
1056 912 1372 997 potestati
1426 913 1775 977 commissa
1829 914 2202 998 creditaque
2259 937 2410 980 esse

297 1029 333 1077 2
372 1008 731 1072 videantur.
777 1003 985 1067 Vobis
1013 1002 1327 1066 hodierno
1358 1001 1460 1065 die
1489 1002 2011 1067 constituendum
2031 1007 2148 1086 est,
2177 1007 2409 1069 utrum

370 1095 646 1180 posthac
703 1091 981 1157 amentis
1038 1112 1113 1155 ac
1166 1088 1456 1174 perditos
1505 1090 1931 1172 magistratus
1977 1089 2410 1174 inproborum
2437 1111 2484 1150 ιο

372 1205 447 1247 ac
522 1181 987 1246 sceleratorum
1051 1177 1290 1243 civium
1355 1177 1677 1262 praesidio
1741 1177 1986 1242 nudare
2053 1201 2138 1243 an
2203 1181 2410 1245 etiam

373 1271 637 1335 deorum
684 1266 1156 1333 immortalium
1202 1265 1518 1350 religione
1565 1287 1818 1330 armare
1865 1267 2127 1332 malitis.
2209 1267 2409 1352 Nam,

373 1359 429 1422 si
474 1358 591 1421 illa
636 1358 819 1421 labes
868 1378 942 1420 ac
982 1355 1249 1419 flamma
1285 1353 1379 1417 rei
1416 1354 1714 1437 publicae
1753 1377 1940 1418 suum
1976 1355 2168 1420 illum
2205 1359 2408 1441 pesti-

370 1445 580 1511 ferum
612 1449 678 1509 et
704 1445 1037 1509 funestum
1064 1442 1494 1524 tribunatum,
1537 1463 1728 1526 quem
1756 1443 2086 1526 aequitate
2115 1443 2408 1510 humana

371 1534 543 1598 tueri
604 1555 739 1598 non
802 1536 1048 1617 potest,
1114 1530 1334 1595 divina
1397 1530 1713 1614 religione
1779 1531 2167 1618 defenderit,
2232 1533 2406 1598 aliae
2435 1552 2484 1591 15

372 1621 802 1687 caerimoniae
864 1619 1054 1685 nobis
1113 1622 1332 1700 erunt,
1398 1619 1513 1682 alii
1569 1619 1902 1683 antistites
1959 1619 2227 1685 deorum
2285 1623 2406 1686 im·

372 1710 773 1792 mortalium,
821 1709 934 1773 alii
979 1709 1372 1791 interpretes
1420 1706 1813 1790 religionum
1860 1708 2257 1793 requirendi3
2305 1711 2408 1775 sin

374 1802 593 1863 autem
641 1802 862 1862 vestra
918 1796 1306 1861 auctoritate
1355 1794 1832 1879 sapientiaque,
1886 1797 2254 1881 pontifices,
2314 1821 2406 1880 ea,

373 1909 537 1973 quae
602 1886 822 1951 furore
884 1884 1312 1970 inproborum
1377 1885 1447 1948 in
1500 1905 1571 1949 re
1625 1884 1888 1969 publica
1945 1885 2026 1950 ab
2085 1886 2233 1951 aliis
2297 1909 2405 1972 op-

370 1997 626 2059 pressa,
684 1976 765 2039 ab
824 1974 968 2039 aliis
1026 1974 1309 2057 deserta,
1366 1972 1448 2036 ab
1497 1972 1642 2036 aliis
1687 1973 1949 2057 prodita
1997 1978 2188 2060 gesta
2235 1980 2408 2058 sunt,
2434 1995 2484 2034 20

372 2064 851 2148 rescinduntur,
917 2062 1042 2127 erit
1098 2082 1319 2144 causa,
1383 2082 1496 2124 cur
1551 2061 1895 2125 consilium
1955 2063 2276 2128 maiorum
2338 2065 2408 2128 in

374 2152 794 2236 amplissimis
858 2150 1018 2215 viris
1093 2148 1175 2212 ad
1249 2148 1612 2213 sacerdotia
1685 2149 2043 2235 deligendis
2115 2150 2256 2216 iure
2333 2175 2406 2217 ac

300 2256 335 2304 3
374 2240 608 2305 merito
657 2239 923 2303 laudare
970 2237 1316 2322 possimus,
1402 2235 1553 2321 Sed,
1610 2238 1916 2322 quoniam
1961 2238 2075 2303 ille
2127 2239 2404 2323 (lemene,

376 2329 432 2393 si
479 2350 573 2413 ea,
620 2349 785 2411 quae
832 2348 949 2412 per
993 2327 1114 2390 hos
1162 2326 1298 2389 dies
1347 2346 1468 2411 ego
1515 2325 1584 2388 in
1631 2330 1862 2390 senatu
1909 2326 1985 2391 de
2031 2349 2102 2391 re
2143 2329 2402 2413 publica

374 2416 568 2500 sensi,
603 2416 1057 2499 vituperasset,
1096 2414 1380 2498 aliquem
1421 2434 1489 2477 se
1528 2412 1776 2478 aditum
1815 2413 1898 2479 ad
1935 2437 2123 2479 aures
2154 2420 2403 2482 vestras
2430 2434 2472 2475 2⁵

375 2525 516 2568 esse
589 2504 969 2568 habiturum
1043 2502 1327 2586 putavit,
1409 2501 1710 2567 omittam
1785 2503 2078 2568 ordinem
2155 2504 2404 2571 dicendi

374 2613 621 2673 meum3
677 2591 1082 2675 respondebo
1129 2589 1416 2655 hominis
1462 2589 1696 2654 furiosi
1739 2612 1873 2655 non
1918 2592 2233 2675 orationi,
2280 2616 2404 2678 qua

373 2678 487 2742 ille
532 2679 632 2743 uti
676 2700 808 2744 non
854 2683 1094 2763 potest,
1140 2678 1254 2742 sed
1301 2676 1612 2761 convici0,
1657 2678 1837 2743 cuius
1877 2681 2402 2747 exercitationem

375 2788 521 2831 cum
587 2767 989 2831 intolerabili
1042 2766 1434 2852 petulantia,
1498 2770 1638 2830 tum
1698 2766 1897 2832 etiam
1951 2768 2263 2835 diuturna
2315 2771 2402 2835 in-

373 2854 671 2940 punitate
719 2856 1015 2920 munivit.
2421 2874 2458 2915 ω

293 2942 338 3007 2
510 2943 608 3007 Ac
654 2944 936 3025 primum
984 2944 1148 3007 illud
1197 2966 1236 3008 a
1282 2947 1366 3025 te,
1411 2942 1673 3008 homine
1708 2966 1989 3010 vaesano
2029 2968 2105 3011 ac
2143 2946 2400 3029 furi080‚

373 3032 661 3116 requiro,
718 3054 882 3115 quae
936 3036 1004 3095 te
1059 3036 1249 3096 tanta
1294 3053 1505 3116 poena
1553 3036 1814 3097 tuorum
1861 3034 2178 3099 scelerum
2225 3035 2398 3122 fiagi-

373 3120 743 3203 tiorumque
798 3125 1016 3198 vexet,
1070 3123 1146 3183 ut
1199 3118 1321 3184 hos
1377 3120 1533 3184 talis
1589 3121 1793 3205 viros,
1850 3122 1961 3205 qui
2015 3143 2149 3186 non
2193 3125 2399 3189 solum

376 3207 663 3271 consiliis
714 3209 876 3292 suis,
924 3207 1036 3272 sed
1085 3207 1285 3272 etiam
1333 3208 1545 3292 specie
1591 3208 1738 3292 ipsa
1786 3212 1852 3273 et
1900 3210 2221 3295 dignitate
2267 3234 2400 3277 rem

375 3296 709 3377 publicam
776 3296 1100 3359 sustinent
1110 3346 1127 3379 ,
1192 3294 1365 3379 quod
1430 3317 1552 3381 ego
1618 3298 1688 3360 in
1750 3298 2077 3363 sententia
2142 3299 2400 3365 dicenda
2421 3312 2458 3355 ³⁵

378 3381 659 3447 salutem
706 3382 945 3447 civium
992 3406 1139 3448 cum
1186 3385 1432 3448 honore
1480 3382 1594 3448 On.
1630 3383 1903 3471 Pompei
1949 3387 2403 3470 coniunxerim,

376 3467 539 3532 mihi
604 3490 745 3534 esse
808 3471 1013 3535 iratos
1078 3474 1144 3535 et
1209 3470 1388 3535 aliud
1454 3471 1532 3536 de
1599 3492 1853 3538 summa
1915 3475 2228 3561 religione
2284 3477 2404 3543 hoc
