2534 3875
283 169 417 234 260
781 167 862 224 IN
898 170 960 225 L.
999 167 1408 224 CATILINAM
1443 167 1716 224 ORATIO
1753 167 1796 225 1.

281 336 409 380 uno
455 314 798 379 interfecto
835 313 1154 400 intellego
1192 313 1364 378 hanc
1398 312 1496 378 rei
1530 312 1826 398 publicae
1862 316 2114 398 pestem
2149 335 2316 399 pau-

281 404 483 488 lisper
543 402 837 488 reprimi,
907 423 1041 467 non
1100 402 1170 466 in
1235 405 1622 487 perpetuum
1688 401 2031 486 comprimi
2092 423 2312 487 posse.

284 490 527 567 Quodsi
582 512 653 555 se
709 489 968 555 eiecerit
1023 511 1368 574 secumque
1428 511 1579 555 suos
1627 490 1921 554 eduxerit
1965 494 2034 555 et
2078 490 2311 554 eodem

282 583 530 644 ceteros
576 578 857 662 undique
903 577 1213 644 collectos
1259 576 1616 664 naufragos
1655 576 2047 664 adgregarit,
2095 578 2312 643 extin-

284 672 517 753 guetur
580 671 776 751 atque
840 665 1162 731 delebitur
1223 687 1356 732 non
1421 666 1614 731 'modo
1669 665 1830 732 haec
1881 669 2019 730 tam
2076 666 2311 732 adulta
2337 682 2368 724 ⁵

282 757 377 820 rei
421 755 719 838 publicae
764 754 986 838 pestis,
1032 775 1256 818 verum
1307 755 1507 818 etiam
1553 754 1753 838 stirps
1801 775 1878 821 ac
1914 776 2136 819 semen
2172 778 2312 820 ma-

178 819 265 946 }{3
283 845 496 909 lorum
542 843 847 909 omnium.
918 841 1183 906 Etenim
1219 842 1354 907 iam
1390 843 1517 925 diu,
1561 846 1783 928 patres
1821 843 2191 928 conscripti,
2237 843 2312 908 in

284 933 387 996 his
444 931 749 1017 periculis
812 929 1278 996 coniurationis
1333 930 1712 1015 insidiisque
1769 951 2133 1016 versamur,
2193 933 2312 997 sed

283 1021 502 1085 nescio
558 1040 685 1104 quo
730 1022 922 1102 pacto
970 1018 1259 1083 omnium
1307 1019 1619 1084 scelerum
1665 1041 1741 1084 ac
1783 1019 2020 1085 veteris
2063 1019 2309 1085 furoris

286 1112 352 1172 et
425 1107 729 1172 audaciae
796 1107 1141 1171 maturitas
1204 1107 1277 1170 in
1337 1108 1548 1173 nostri
1609 1107 1983 1173 consulatus
2045 1112 2309 1192 tempus
2341 1126 2402 1165 1⁰

285 1196 518 1281 erupit.
591 1194 837 1271 Quodsi
882 1217 958 1260 ex
1003 1198 1193 1260 tanto
1241 1195 1583 1261 latrocinio
1629 1196 1757 1261 iste
1802 1218 1969 1260 unus
2015 1196 2312 1278 tolletur,

285 1283 646 1349 videbimur
689 1282 971 1348 fortasse
1017 1282 1099 1347 ad
1144 1283 1342 1348 breve
1388 1283 1713 1368 quoddam
1749 1288 2008 1369 tempus
2047 1305 2204 1350 cura
2240 1289 2312 1349 et

289 1376 467 1436 metu
512 1393 651 1436 esse
696 1371 993 1453 relevati,
1050 1371 1406 1452 periculum
1453 1377 1666 1437 autem
1713 1371 2024 1438 residebit
2068 1377 2135 1438 et
2180 1373 2310 1438 erit

287 1461 608 1526 inclusum
654 1460 914 1544 penitus
960 1459 1030 1523 in
1075 1460 1256 1524 venis
1304 1463 1498 1544 atque
1541 1460 1613 1524 in
1647 1459 2003 1526 visceribus
2050 1460 2148 1526 rei
2189 1484 2310 1547 pu-

287 1549 514 1614 blicae.
616 1546 710 1613 Ut
774 1569 965 1632 saepe
1023 1548 1318 1613 homines
1381 1549 1561 1632 aegri
1621 1549 1851 1613 morbo
1913 1549 2098 1634 gravi
2155 1571 2306 1615 cum
2339 1563 2399 1604 1⁵

290 1642 474 1702 aestu
519 1637 812 1721 febrique
858 1637 1208 1714 iactantur,
1269 1636 1327 1701 si
1373 1659 1611 1721 aquam
1656 1637 1938 1721 gelidam
1982 1637 2314 1721 biberunt,

287 1726 500 1811 primo
557 1725 832 1789 relevari
886 1724 1209 1807 videntur,
1265 1724 1493 1789 deinde
1547 1726 1755 1790 multo
1814 1725 2076 1811 gravius
2122 1727 2312 1791 vehe-

288 1814 697 1898 mentiusque
744 1812 1177 1895 adflictantur,
1224 1812 1319 1878 sic
1364 1813 1473 1878 hic
1517 1814 1801 1897 morbus,
1847 1815 1959 1898 qui
1997 1819 2095 1879 est
2132 1815 2202 1880 in
2237 1837 2310 1879 re

290 1901 580 1987 publica,
642 1900 968 1967 relevatus
1024 1900 1216 1966 istius
1274 1923 1482 1985 poena
1535 1903 1978 1968 vehementius
2035 1902 2310 1988 reliquis

189 2008 251 2057 32
290 1991 453 2056 vivis
500 1992 929 2076 ingravescet.
1019 1987 1232 2064 Quare
1280 1991 1581 2055 secedant
1623 1990 1911 2076 inprobi,
1969 1998 2315 2057 secernant
2343 2006 2402 2046 2⁰

292 2100 360 2144 se
407 2102 448 2143 a
491 2078 703 2162 bonis,
749 2100 947 2142 unum
993 2077 1062 2142 in
1107 2077 1325 2143 locum
1371 2084 1864 2164 congregentur,
1908 2101 2094 2145 muro
2132 2080 2314 2144 deni-

292 2189 441 2251 que,
497 2167 617 2249 [id]
675 2166 846 2250 quod
902 2187 1092 2249 saepe
1148 2166 1282 2231 iam
1331 2166 1494 2250 dixi,
1547 2172 1966 2233 secernantur
2010 2192 2048 2232 a
2090 2168 2312 2253 nobi83

291 2256 593 2321 desinant
636 2254 932 2319 insidiari
978 2254 1151 2320 domi
1198 2276 1353 2320 suae
1399 2255 1680 2338 consuli,
1727 2256 2147 2322 circumstare
2191 2256 2310 2321 tri-

290 2343 491 2410 bunal
545 2341 867 2429 praetoris
913 2342 1173 2425 urbani,
1228 2342 1524 2408 obsidere
1569 2366 1714 2409 cum
1762 2344 1999 2429 gladiis
2045 2345 2313 2430 curiam,

292 2431 629 2496 malleolos
667 2436 734 2495 et
766 2431 942 2495 faces
981 2431 1063 2495 ad
1097 2430 1623 2496 inflammandam
1650 2432 1876 2497 urbem
1905 2454 2312 2519 comparare3
2343 2448 2400 2489 25

293 2519 382 2583 sit
424 2519 698 2603 denique
742 2519 1126 2603 inscriptum
1170 2519 1240 2583 in
1284 2520 1500 2583 fronte
1545 2521 1737 2585 unius
1784 2520 2112 2605 cuiusque,
2155 2522 2315 2606 quid

294 2607 371 2671 de
434 2628 503 2671 re
566 2605 828 2691 publica
894 2607 1149 2672 sentiat.
1252 2606 1576 2673 Polliceor
1629 2609 1753 2673 hoc
1805 2610 2020 2693 vobis,
2085 2614 2311 2695 patres

292 2694 662 2779 conscripti,
697 2698 951 2760 tantam
986 2696 1057 2758 in
1092 2696 1283 2760 nobis
1311 2696 1686 2761 consulibus
1714 2697 1855 2762 fore
1884 2698 2314 2784 diligentiam,

290 2786 544 2848 tantam
604 2782 675 2847 in
738 2782 923 2846 vobis
988 2784 1473 2869 auctoritatem,
1535 2788 1788 2851 tantam
1852 2785 1922 2850 in
1986 2788 2313 2871 equitibus

292 2869 605 2936 Romanis
659 2870 996 2954 virtutem,
1050 2875 1305 2936 tantam
1350 2872 1420 2937 in
1467 2873 1766 2938 omnibus
1811 2874 2002 2939 bonis
2049 2896 2316 2941 consen—
2344 2891 2402 2930 3⁰

296 2960 570 3042 sionem,
646 2962 722 3023 ut
799 2956 1117 3024 Catilinae
1189 2961 1592 3045 profectione
1675 2962 1894 3027 omnia
1964 2964 2315 3048 patefacta,

294 3050 672 3131 inlustrata,
719 3068 1053 3131 oppressa,
1099 3048 1427 3113 vindicata
1473 3070 1612 3114 esse
1658 3049 1949 3116 videatis.

192 3154 259 3202 33
430 3135 629 3201 Hisce
668 3135 1013 3220 ominibuS,
1057 3134 1362 3221 Catilina,
1411 3160 1554 3203 cum
1592 3159 1848 3203 summa
1881 3139 1976 3203 rei
2012 3140 2317 3224 publicae

300 3227 534 3308 salute,
606 3247 752 3289 cum
824 3229 939 3289 tua
1009 3229 1192 3309 peste
1266 3248 1342 3291 ac
1412 3226 1694 3310 pernicie
1756 3250 2027 3311 cumque
2091 3250 2318 3293 eorum

300 3314 498 3379 exitio
507 3364 525 3396 ,
582 3314 691 3397 qui
748 3334 815 3378 se
874 3316 1089 3377 tecum
1146 3314 1324 3377 omni
1371 3315 1609 3379 scelere
1654 3315 2128 3401 parricidioque
2172 3316 2317 3382 iun·
2349 3334 2401 3375 35

298 3405 557 3484 xerunt,
619 3400 1028 3487 proficiscere
1084 3402 1166 3466 ad
1223 3403 1497 3485 impium
1549 3403 1790 3467 bellum
1845 3426 1921 3469 ac
1972 3403 2319 3471 nefarium.

301 3489 424 3565 Tu,
467 3488 782 3575 Iuppiter,
827 3490 935 3575 qui
982 3489 1186 3555 isdem
1233 3490 1467 3576 quibus
1514 3490 1673 3556 haec
1717 3492 1874 3556 urbs
1923 3492 2229 3583 auspiciis
2279 3518 2321 3560 a
