2534 3875
31 0 2495 62 Ἥ

781 305 933 362 CAP.
972 313 1183 362 44-46
1223 314 1252 373 ς
1296 314 1589 364 115—121.
2030 310 2156 374 501

140 470 297 534 ergo
374 448 631 514 adfuit?
751 448 1053 533 ‘Frater’,
1125 450 1362 535 inquit,
1438 449 1678 515 ‘uxoris
1752 451 1974 517 meae?
2093 451 2163 518 Si

139 538 595 602 auctoritatem
635 539 1020 622 quaerimuS,
1067 540 1188 602 etsi
1225 539 1293 603 id
1332 541 1431 604 est
1468 540 1721 624 aetatis,
1766 543 1841 604 ut
1876 541 2161 606 nondum

137 629 520 692 consecutus
560 625 664 707 sit,
699 629 937 709 tamen,
976 630 1219 710 quanta
1256 629 1358 691 est
1392 626 1463 690 in
1500 627 1905 693 adulescente
1942 633 2164 694 aucto-

138 713 333 799 ritaS,
404 735 481 779 ea
549 718 820 799 propter
894 719 1150 779 tantam
1217 714 1738 780 coniunctionem
1804 716 2161 782 adfinitatis

78 818 106 858 5
138 803 353 867 minor
409 805 512 867 est
564 803 874 886 putanda.
965 801 1080 866 Sin
1126 806 1344 867 autem
1391 803 1662 869 scientia
1706 808 1806 869 est
1853 806 2164 889 quaesita,

138 891 282 974 quis
321 894 463 955 erat
500 891 713 956 minus
751 891 998 974 peritus
1039 913 1233 974 quam
1272 893 1348 974 is,
1388 891 1498 976 qui
1525 892 1747 975 paucis
1776 893 1907 957 illis
1937 893 2161 958 diebus

134 979 206 1041 in
259 979 609 1064 collegium
666 980 973 1044 venerat?
1029 980 1140 1063 qui
1185 979 1385 1044 etiam
1430 979 1556 1043 tibi
1602 985 1743 1045 erat
1789 980 2001 1066 magis
2049 982 2164 1046 ob-

137 1067 403 1132 strictus
449 1067 762 1132 beneficio
808 1067 1079 1151 recenti,
1124 1090 1268 1133 cum
1319 1090 1387 1132 se
1431 1067 1701 1132 fratrem
1746 1071 1965 1133 uxoris
2011 1074 2163 1134 tuae

136 1155 329 1220 fratri
392 1159 506 1220 tuo
573 1177 883 1242 germano
949 1156 1312 1220 antelatum
1380 1156 1657 1221 videbat.
1757 1156 1904 1222 Etsi
1960 1158 2028 1221 in
2086 1180 2161 1222 eo

50 1261 106 1299 10
135 1243 480 1328 providisti
525 1266 608 1308 ne
654 1243 859 1308 frater
893 1248 960 1308 tc
999 1265 1301 1308 accusare
1338 1245 1563 1329 possit.
1628 1244 1814 1311 Hanc
1850 1250 1925 1310 tu
1960 1246 2163 1330 igitur

139 1332 612 1397 dedicationem
669 1333 989 1417 appellaS,
1046 1332 1128 1396 ad
1184 1355 1381 1416 quam
1426 1355 1559 1398 non
1604 1333 1975 1418 collegium,
2030 1355 2163 1399 non

134 1421 493 1485 honoribus
558 1420 784 1505 populi
848 1420 1128 1485 Romani
1194 1424 1496 1485 ornatum
1559 1423 1958 1505 pontificem,
2030 1444 2163 1487 non

136 1510 410 1593 denique
459 1508 937 1573 adulescentem
985 1531 1376 1592 quemquam
1422 1510 1647 1594 alium,
1694 1532 1840 1574 cum
1885 1511 2159 1575 haberes

134 1597 204 1660 in
250 1598 526 1682 collegio
573 1597 1139 1678 familiarissimOS,
1186 1597 1492 1662 adhibere
1538 1598 1855 1680 potuisti?
1930 1597 2161 1663 Adfuit

45 1701 103 1742 15
135 1685 222 1767 is,
283 1686 340 1749 si
384 1685 573 1750 modo
623 1685 857 1766 adfuit,
915 1707 1107 1768 quem
1153 1689 1224 1749 tu
1274 1685 1600 1769 inpulisti,
1655 1707 1839 1751 soror
1883 1687 2161 1771 rogavit,

135 1775 349 1837 mater
394 1774 625 1860 coegit.
703 1772 935 1837 Videte
981 1773 1201 1857 igitur,
1248 1774 1607 1857 pontifices,
1653 1774 1807 1857 quid
1854 1775 2265 1842 statuatis119

133 1866 206 1925 in
253 1883 396 1925 mea
440 1883 636 1926 causa
681 1862 759 1926 de
807 1861 1092 1926 omnium
1140 1860 1450 1941 fortunis,
1504 1862 1786 1926 verbone
1830 1862 2157 1947 pontificis

131 1952 396 2035 putetis,
435 1951 492 2015 si
527 1951 583 2015 is
621 1954 877 2034 postem
917 1949 1201 2015 tenuerit
1239 1954 1305 2014 et
1335 1950 1577 2035 aliquid
1608 1950 1858 2031 dixerit,
1896 1951 2159 2015 domum

132 2039 324 2103 unius
373 2039 679 2122 cuiusque
725 2038 1087 2104 consecrari
1134 2060 1347 2122 posse,
1394 2060 1478 2102 an
1521 2038 1687 2103 istae
1726 2038 2160 2104 dedicationes

39 2147 100 2185 20
133 2131 201 2192 et
255 2128 652 2212 templorum
714 2132 780 2191 et
840 2128 1254 2191 delubrorum
1312 2126 1661 2212 religiones
1719 2127 1800 2191 ad
1847 2127 2160 2192 honorem

134 2216 401 2280 deorum
465 2215 935 2279 immortalium
1004 2215 1143 2279 sine
1208 2215 1347 2280 ulla
1401 2215 1637 2279 civium
1692 2216 2063 2280 calamitate
2122 2238 2161 2281 a

132 2304 492 2368 maioribus
548 2303 793 2367 nostris
843 2303 1237 2367 constitutae
1288 2304 1437 2366 sint.
1527 2303 1651 2367 Est
1696 2304 1996 2368 inventus
2041 2304 2161 2367 tri-

128 2394 342 2457 bunus
406 2393 522 2476 pL,
597 2392 707 2475 qui
775 2392 1223 2456 consularibus
1292 2391 1495 2475 copiis
1560 2392 1915 2456 instructus
1983 2393 2159 2456 omni

129 2482 381 2565 impetu
418 2480 658 2544 furoris
695 2479 763 2543 in
802 2501 948 2543 eum
985 2479 1188 2543 civem
1227 2479 1515 2561 inruerit,
1562 2502 1753 2563 quem
1789 2480 2157 2565 perculsum

35 2588 96 2629 25
130 2572 278 2653 ipsa
341 2590 442 2633 res
507 2567 770 2652 publica
835 2569 967 2632 suis
1024 2568 1326 2631 manibus
1382 2568 1741 2633 extolleret.
1834 2566 2045 2643 Quid?
2102 2570 2154 2632 si
2164 2548 2264 2674 14260

131 2658 245 2741 qui
303 2656 534 2721 similis
591 2656 782 2720 istius
829 2652 1066 2742 (neque
1113 2655 1285 2720 enim
1332 2655 1464 2719 iam
1512 2656 1805 2740 deerunt,
1862 2656 1973 2740 qui
2018 2657 2156 2721 imi-

128 2747 261 2811 tari
319 2744 548 2830 velint)
607 2744 889 2827 aliquem
945 2744 1075 2808 mei
1135 2743 1544 2827 dissimilem,
1600 2745 1703 2809 cui
1747 2766 1851 2809 res
1897 2745 2160 2828 publica

127 2855 262 2897 non
316 2836 571 2897 tantum
628 2832 887 2915 debeat,
941 2853 1058 2916 per
1111 2833 1244 2897 vim
1304 2832 1652 2915 adflixerit,
1712 2832 1974 2897 domum
2022 2833 2158 2899 eius

129 2944 248 3006 per
296 2921 666 3005 pontificem
707 2920 1116 3003 dedicaverit,
1163 2920 1230 2984 id
1269 2942 1383 2985 vos
1422 2920 1553 2984 ista
1591 2922 1977 2985 auctoritate
2015 2942 2159 2985 con-

39 3031 96 3071 ιο
133 3010 422 3073 stituetis
461 3012 676 3073 ratum
716 3030 857 3073 esse
896 3008 1238 3092 oportere?
1304 3008 1569 3073 Dicitis:
1618 3006 1845 3083 ‘Quem
1881 3009 2159 3092 reperiet

127 3096 574 3184 pontificemP'
658 3095 870 3172 Quid?
933 3100 998 3160 et
1041 3098 1328 3179 pontifex
1381 3102 1439 3161 et
1489 3096 1791 3161 tribunus
1846 3096 1936 3181 pl.
1988 3096 2160 3160 idem

130 3207 274 3251 esse
317 3207 453 3251 non
497 3185 759 3270 potest?
833 3183 920 3247 M.
967 3183 1236 3267 DrusuS,
1283 3184 1397 3249 ille
1444 3184 1842 3249 clarissimus
1888 3184 2004 3266 vir,
2049 3184 2160 3248 tri-

127 3276 344 3341 bunus
409 3273 517 3359 pl„
562 3273 856 3358 pontifex
921 3272 1062 3336 fuit.
1169 3272 1371 3359 Ergo,
1433 3271 1489 3336 si
1553 3272 1609 3335 is
1676 3270 1749 3347 Q.
1797 3270 2161 3357 Caepionis,

129 3362 374 3427 inimici
433 3361 563 3445 sui,
617 3364 872 3444 postem
930 3360 1184 3425 aedium
1231 3362 1552 3425 tenuisset
1599 3363 1664 3424 et
1710 3382 1915 3445 pauca
1960 3361 2161 3424 verba

41 3474 94 3513 :5
131 3451 421 3534 fecisset,
498 3450 687 3514 aedes
765 3447 1110 3532 Caepionis
1189 3452 1407 3513 essent
1480 3448 1855 3513 dedicatae?
1972 3446 2257 3512 Nihil121

128 3542 364 3624 loquor
409 3539 486 3603 de
532 3537 867 3621 pontificio
914 3537 1077 3618 iure,
1133 3535 1299 3599 nihil
1350 3535 1427 3601 de
1475 3538 1678 3620 ipsius
1725 3536 1942 3603 verbis
1990 3536 2157 3601 dedi-

128 3627 434 3711 cationis,
500 3626 670 3690 nihil
736 3625 810 3689 de
877 3624 1222 3710 religione,
1288 3624 1721 3711 caerimoniis,
1786 3648 1917 3692 non
1976 3626 2157 3690 dissi·
