2534 3875
347 174 485 237 440
561 172 832 228 ORATIO
868 172 1052 229 POST
1088 173 1427 228 REDITUM
1463 173 1541 227 IN
1580 174 1875 228 SENATU
1910 172 2207 228 HABITA.

351 317 836 401 communisque
883 317 1218 401 sanguinis
1255 317 1433 382 facta
1467 318 1873 401 virtutesque
1909 318 2260 401 revocavit,
2306 322 2389 382 ut

349 405 625 470 haberet
686 406 754 469 in
818 405 1089 471 consilio
1155 409 1222 469 et
1285 405 1557 469 fratrem
1620 406 1731 486 [ab
1785 405 2069 489 inferisj,
2131 406 2387 470 socium

349 515 567 557 rerum
621 515 942 577 mearum,
1006 497 1072 557 et
1127 493 1337 558 omnis
1391 492 1725 577 Metellos,
1776 494 2384 577 praestantissimos

351 581 510 646 civis
520 632 539 665 ,
582 603 788 664 paene
835 603 912 645 ex
958 580 1329 645 Acheronte
1376 582 1711 665 excitatOS,
1755 581 1825 645 in
1872 581 2107 665 quibus
2151 580 2386 646 Numi·

350 669 565 734 dicum
609 669 802 733 illum
840 668 1254 753 [Metellum],
1300 669 1481 734 cuius
1520 670 1846 752 quondam
1882 670 1961 733 de
1996 672 2219 752 patria
2256 670 2383 734 dis·
2410 687 2440 729 5

351 779 570 822 cessus
622 757 935 822 honestus
992 758 1319 839 omnibus,
1374 758 1485 822 sed
1540 759 1875 822 luctuosus
1929 760 2154 822 tamen
2199 758 2385 823 visus

241 866 314 915 26
353 850 468 910 est.
532 845 765 929 Itaque
803 844 1112 909 divinitus
1151 845 1373 909 extitit
1406 867 1542 910 non
1576 846 1768 910 modo
1798 846 2033 910 salutis
2061 845 2384 930 defensor,

354 934 467 1017 qui
504 938 656 998 ante
692 934 816 997 hoc
851 956 1092 998 novum
1128 926 1513 997 beneficium
1547 933 1765 998 fuerat
1798 934 2115 1017 inimicuS,
2150 955 2384 999 verum

352 1021 552 1086 etiam
617 1022 981 1105 adscriptor
1047 1021 1388 1106 dignitatis
1452 1043 1653 1086 meae.
1752 1020 1894 1096 Quo
1960 1022 2223 1105 quidem
2276 1023 2383 1086 die

352 1131 499 1174 cum
536 1132 654 1174 vos
685 1126 1014 1173 ccccxvn
1053 1113 1387 1174 senatores
1414 1110 1665 1194 essetis,
1700 1110 2129 1194 magistratus
2158 1115 2382 1174 autem
2411 1128 2463 1167 1⁰

352 1218 576 1261 omnes
630 1197 959 1281 adessent,
1015 1197 1323 1261 dissensit
1368 1220 1561 1281 unus,
1615 1198 1673 1261 is
1720 1200 1828 1281 qui
1876 1220 1995 1262 sua
2039 1198 2187 1283 lege
2233 1221 2383 1263 con-

350 1285 600 1349 iuratos
667 1286 866 1349 etiam
923 1285 1003 1349 ab
1060 1286 1289 1349 inferis
1346 1285 1719 1350 excitandos
1774 1289 2058 1370 putarat.
2159 1285 2383 1370 Atque

350 1373 470 1437 illo
518 1372 620 1437 die
664 1395 811 1437 cum
854 1394 994 1437 rem
1029 1374 1363 1457 publicam
1400 1374 1561 1437 meis
1599 1374 1890 1438 consiliis
1926 1379 2383 1440 conservatam

353 1461 759 1545 gravissimis
796 1461 1014 1526 verbis
1054 1465 1120 1525 et
1156 1462 1456 1545 plurimis
1490 1461 1918 1546 iudicassetiS,
1952 1463 2126 1527 idem
2154 1463 2380 1527 consul

351 1549 628 1633 curavit,
681 1554 758 1614 ut
813 1550 1037 1613 eadem
1097 1572 1136 1613 a
1180 1549 1583 1635 principibus
1630 1550 1915 1615 civitatis
1961 1551 2032 1614 in
2076 1552 2381 1615 contione
2408 1566 2458 1607 15

352 1641 618 1722 postero
668 1638 770 1701 die
816 1637 1208 1720 dicerentur3
1255 1659 1399 1702 cum
1449 1638 1705 1721 quidem
1750 1638 1891 1721 ipse
1930 1640 2065 1723 egit
2102 1640 2382 1703 ornatis-

354 1726 518 1789 sime
564 1746 776 1793 meam
814 1747 1076 1790 causam
1113 1725 1511 1810 perfecitque
1550 1729 1807 1790 astante
1845 1730 2039 1809 atque
2077 1726 2381 1791 audiente

349 1811 550 1878 Italia
603 1816 772 1895 tota,
829 1817 904 1878 ut
955 1835 1148 1877 nemo
1205 1814 1587 1897 cuiusquam
1634 1814 1933 1879 conducti
1979 1818 2093 1878 aut
2138 1815 2383 1899 perditi

352 1923 578 1966 vocem
633 1901 932 1967 acerbam
991 1906 1184 1985 atque
1239 1901 1570 1969 inimicam
1624 1902 1813 1967 bonis
1867 1907 2090 1987 posset
2136 1903 2379 1968 audire.

249 1973 329 2036 11
352 1991 455 2054 Ad
500 1990 662 2055 haec
697 2012 829 2055 non
866 1991 1059 2054 modo
1099 1989 1472 2054 adiumenta
1510 1991 1760 2075 salutiS,
1806 1992 1920 2055 sed
1955 1992 2154 2055 etiam
2192 2015 2383 2056 orna·
2407 2010 2457 2049 20

245 2051 314 2098 ²⁷
352 2081 575 2142 menta
638 2078 978 2163 dignitatis
1043 2099 1224 2142 meae
1289 2079 1544 2162 reliqua
1599 2101 1717 2144 vos
1780 2079 1951 2143 idem
2008 2079 2382 2164 addidistis3

353 2166 758 2250 decrevistis,
811 2187 893 2230 ne
948 2166 1089 2250 quis
1144 2166 1285 2230 ulla
1337 2167 1590 2231 ratione
1644 2189 1783 2232 rem
1835 2167 2207 2252 impediret3
2268 2170 2381 2253 qui

350 2253 758 2336 impedisset,
831 2275 936 2319 vos
1008 2254 1299 2339 graviter
1361 2255 1765 2339 molesteque
1827 2255 2110 2339 laturos;
2184 2256 2380 2321 illum

352 2347 581 2407 contra
652 2364 792 2406 rem
863 2342 1193 2424 publicam
1259 2343 1668 2426 salutemque
1729 2344 2051 2408 bonorum
2110 2365 2379 2410 concor·

353 2429 654 2513 diamque
701 2429 939 2494 civium
984 2429 1331 2514 facturum,
1376 2434 1442 2494 et
1487 2435 1562 2494 ut
1608 2431 1691 2495 ad
1735 2452 1853 2496 vos
1901 2432 1979 2495 de
2025 2453 2103 2498 eo
2148 2432 2378 2497 statim
2403 2447 2449 2489 2⁵

352 2517 727 2600 referretur3
791 2539 1020 2601 meque
1084 2518 1312 2601 etiam,
1375 2520 1431 2581 si
1498 2519 1740 2583 diutius
1804 2519 2380 2604 calumniarentur,

351 2604 562 2668 redire
616 2605 920 2669 iussistis.
1021 2603 1231 2680 Quid?
1296 2609 1371 2669 ut
1428 2611 1777 2691 agerentur
1830 2609 2111 2692 gratiae,
2174 2609 2289 2694 qui
2344 2630 2379 2672 e

351 2692 720 2776 municipiis
784 2693 1158 2758 venissent?
1221 2693 1417 2777 quid?
1480 2699 1555 2758 ut
1619 2695 1700 2758 ad
1761 2695 1948 2760 illam
2011 2695 2209 2779 diem,
2272 2719 2377 2761 res

353 2802 500 2845 cum
546 2781 884 2864 redissent,
928 2785 1319 2866 rogarentur
1364 2786 1438 2845 ut
1474 2783 1619 2866 pari
1656 2782 1871 2848 studio
1910 2783 2378 2849 convenirent?

352 2868 550 2952 quid?
597 2867 870 2951 denique
915 2869 1031 2933 illo
1079 2869 1199 2952 die,
1245 2890 1437 2951 quem
1482 2869 1552 2934 P.
1587 2869 1901 2936 Lentulus
1948 2870 2112 2935 mihi
2153 2871 2378 2936 fratri·
2401 2888 2445 2927 ³⁰

353 2979 476 3040 que
549 2979 693 3021 meo
767 2957 1117 3040 liberisque
1178 2957 1423 3021 nostris
1486 2959 1779 3024 natalem
1840 2957 2181 3023 constituit
2242 2982 2376 3024 non

353 3045 546 3109 modo
595 3045 676 3109 ad
720 3047 1036 3126 nostram,
1080 3066 1306 3109 verum
1354 3045 1554 3109 etiam
1602 3046 1684 3110 ad
1721 3046 2099 3130 sempiterni
2134 3069 2378 3113 memo-

351 3133 518 3197 riam
564 3133 898 3217 temporiS,
945 3154 1072 3215 quo
1120 3133 1222 3196 die
1268 3153 1391 3196 nos
1437 3134 1717 3198 comitiis
1765 3134 2162 3219 centuriatiS,
2209 3158 2375 3222 quae

352 3221 630 3285 maxime
669 3221 949 3286 maiores
987 3220 1251 3285 comitia
1278 3220 1454 3285 iusta
1480 3221 1605 3285 dici
1631 3221 1985 3305 haberique
2011 3224 2377 3303 voluerunt,

353 3309 691 3373 arcessivit
745 3308 816 3372 in
858 3308 1168 3392 patriam,
1221 3311 1299 3370 ut
1344 3309 1604 3373 eaedem
1650 3311 2007 3394 centuriae,
2060 3332 2227 3395 quae
2270 3333 2375 3376 me
2398 3324 2443 3369 3⁶
2528 3311 2530 3382 j

353 3396 682 3460 consulem
718 3396 1023 3476 fecerant,
1063 3397 1471 3460 consulatum
1506 3418 1723 3462 meum
1758 3398 2261 3484 comprobarent
2292 3435 2366 3446 -

247 3497 314 3544 28
353 3503 428 3546 eo
471 3482 574 3546 die
609 3483 752 3567 quis
791 3482 950 3548 civis
985 3482 1128 3566 fuit,
1175 3483 1286 3567 qui
1319 3482 1421 3547 fas
1460 3505 1601 3549 esse
1635 3489 1926 3570 putaret,
1972 3509 2373 3573 quacumque
