2534 3875
771 171 923 227 CAP.
970 179 1181 228 16-18
1221 179 1251 236 ξ
1291 179 1520 230 36-40.
2087 178 2168 242 31

112 318 325 400 falso3
374 316 517 402 quis
563 317 808 402 negat?
869 339 1094 382 verum
1152 322 1377 383 tamen
1423 319 1506 384 ab
1561 318 1827 385 inimico
1886 321 2060 386 dicta
2106 325 2174 386 et

116 367 398 471 obiecta.
490 404 698 480 Quam
747 406 959 470 multa
1004 405 1103 471 Μ’.
1141 406 1447 491 Aquilius
1497 407 1749 473 audivit
1795 409 1864 472 in
1912 431 2028 474 suo
2077 410 2171 476 iu-

118 494 322 577 dicio,
370 517 566 578 quam
612 495 823 560 multa
867 494 939 559 L.
989 493 1203 572 Cotta,
1255 495 1530 579 denique
1576 496 1648 563 P.
1695 496 2008 562 Rutilius!
2059 498 2172 583 qui

119 583 249 648 etsi
300 583 647 648 damnatus
695 588 815 666 est,
859 582 1023 648 mihi
1060 583 1320 648 videtur
1357 587 1580 650 tamen
1625 585 1800 650 inter
1845 585 2022 651 viros
2062 609 2174 671 op·

62 687 89 728 ⁵
116 673 324 736 timos
392 675 588 773 atque
651 671 1219 738 innocentissimos
1285 693 1426 737 esse
1485 674 1944 739 numerandus.
2048 673 2171 738 Ille

116 760 331 844 igitur
394 758 535 844 ipse
600 759 800 825 homo
872 760 1326 826 sanctissimus
1391 782 1467 826 ac
1530 761 2170 845 temperantissimus

120 849 339 914 multa
379 847 628 914 audivit
673 848 744 912 in
783 870 901 914 sua
946 851 1162 932 caus'a,
1211 871 1376 933 quae
1424 850 1507 915 ad
1555 851 1992 934 suspicionem
2039 855 2173 916 stu·

118 959 396 1040 prorum
425 958 501 1001 ac
527 936 873 1002 libidinum
902 937 1326 1022 pertinerent.
1400 939 1528 1018 [29]
1565 938 1773 1004 Extat
1802 940 2014 1005 oratio
2052 939 2170 1005 ho·
2209 957 2278 1004 39

120 1026 341 1108 minis,
385 1028 463 1090 ut
499 1025 719 1110 opinio
769 1047 915 1090 mea
950 1026 1113 1109 fert,
1158 1029 1538 1092 nostrorum
1585 1025 1924 1092 hominum
1974 1029 2172 1115 longe

41 1131 96 1170 ιο
121 1114 637 1199 ingeniosissimi
692 1117 887 1198 atque
942 1114 1494 1198 eloquentissimi,
1551 1113 1622 1180 O.
1678 1115 1982 1200 Gracchi3
2041 1138 2172 1201 qua

122 1203 195 1267 in
242 1203 537 1268 oratione
592 1203 924 1288 permulta
976 1203 1049 1269 in
1091 1202 1163 1267 L.
1208 1202 1521 1268 Pisonem
1576 1203 1796 1289 turpia
1853 1227 1928 1270 ac
1982 1205 2171 1291 flagi-

118 1291 298 1356 tiosa
344 1291 662 1357 dicuntur.
756 1292 848 1355 At
892 1291 963 1355 in
1010 1312 1202 1376 quem
1250 1292 1493 1356 virum!
1541 1291 1654 1376 qui
1699 1297 1890 1358 tanta
1925 1293 2170 1358 virtute

114 1385 321 1464 atque
366 1380 747 1464 integritate
792 1380 938 1461 fuit,
984 1383 1060 1444 ut
1098 1379 1300 1444 etiam
1345 1380 1483 1445 illis
1522 1381 1812 1482 optumis
1858 1382 2166 1466 tempori-

116 1471 264 1550 buS,
311 1490 460 1534 cum
496 1467 832 1533 hominem
878 1468 1169 1533 invenire
1213 1489 1500 1551 nequam
1545 1469 1874 1534 neminem
1920 1491 2168 1554 posses.

38 1575 85 1616 ιε
116 1558 307 1623 solus
353 1561 577 1622 tamen
621 1556 827 1643 Frugi
880 1557 1349 1622 nominaretur.
1442 1554 1650 1632 Quem
1697 1579 1844 1622 cum
1902 1562 1974 1621 in
2019 1579 2168 1623 con-

112 1649 369 1711 tionem
427 1644 760 1712 Gracchus
821 1646 1041 1710 vocari
1096 1644 1353 1710 iuberet
1407 1648 1475 1709 et
1527 1646 1744 1709 viator
1809 1649 2169 1730 quaereret,

113 1757 316 1820 quem
342 1732 669 1816 Pisonem,
706 1733 879 1817 quod
908 1737 1098 1798 erant
1132 1733 1380 1817 plures:
1431 1731 1688 1817 ‘Cogis
1727 1733 1871 1798 me'
1875 1785 1892 1816 ,
1936 1734 2168 1818 inquit,

112 1824 432 1888 ‘diceret
470 1822 868 1888 inimicum
897 1844 1142 1887 meum
1171 1821 1452 1907 Frugi'.
1499 1821 1565 1888 Is
1594 1822 1801 1907 igitur
1828 1822 1945 1906 vir,
1974 1844 2168 1907 quem

108 1934 200 1979 ne
236 1911 543 1977 inimicus
583 1911 841 1996 quidem
882 1910 1045 1977 satis
1073 1910 1143 1977 in
1180 1910 1574 1996 appellando
1613 1911 1982 1997 significare
2024 1915 2169 1997 pot-

40 2020 85 2059 ιο
114 2004 283 2083 erat,
330 2000 460 2065 nisi
508 2005 662 2065 ante
709 2000 1062 2084 laudasset,
1110 1999 1222 2085 qui
1268 2022 1398 2065 uno
1449 2001 1839 2085 cognomine
1888 2000 2167 2066 declara-

110 2092 321 2154 batur
372 2110 507 2154 non
562 2088 756 2154 modo
814 2090 961 2173 quis
1016 2091 1215 2169 esset,
1281 2088 1388 2153 sed
1447 2089 1647 2153 etiam
1706 2088 1919 2172 qualis
1975 2094 2168 2172 esset,

108 2183 346 2244 tamen
390 2177 461 2241 in
505 2176 743 2241 falsam
791 2181 987 2261 atque
1043 2177 1335 2261 iniquam
1389 2178 1782 2261 probrorum
1829 2177 2163 2241 insimula-

108 2269 369 2332 tionem
408 2267 803 2349 vocabatur;
868 2268 992 2346 [30]
1042 2264 1129 2329 M.
1165 2264 1478 2329 Fonteius
1524 2266 1622 2330 ita
1667 2265 1918 2330 duabus
1967 2266 2164 2331 actio·
2204 2282 2272 2332 40

108 2356 316 2420 nibus
364 2358 701 2420 accusatus
750 2358 869 2434 est,
914 2357 989 2417 ut
1036 2354 1365 2419 obiectum
1409 2353 1577 2419 nihil
1625 2354 1741 2435 sit,
1789 2375 1918 2437 quo
1967 2354 2166 2439 signi-

42 2461 79 2503 ts
108 2443 305 2509 ficari
352 2442 701 2528 vestigium
748 2441 1058 2526 libidinis,
1104 2442 1528 2527 petulantiae,
1575 2442 2005 2526 crudelitatis,
2051 2464 2164 2507 au-

110 2532 345 2597 daciae
390 2532 629 2615 possit3
674 2552 809 2596 non
855 2530 1047 2595 modo
1093 2531 1348 2595 nullum
1399 2529 1652 2596 facinus
1698 2528 1894 2595 huius
1941 2535 2164 2615 protu-

108 2624 355 2697 lerunt,
403 2620 516 2685 sed
561 2641 643 2685 ne
690 2619 938 2684 dictum
978 2618 1237 2703 quidem
1286 2619 1549 2702 aliquod
1587 2617 2161 2703 reprehenderunt.

109 2710 265 2792 [14]
318 2706 582 2790 Quodsi,
622 2712 739 2773 aut
767 2712 1082 2792 quantam
1120 2707 1533 2772 voluntatem
1563 2708 1812 2772 habent
1862 2708 1944 2772 ad
1990 2707 2160 2774 hunc
2187 2709 2270 2775 18

110 2796 624 2883 opprimendum
653 2801 768 2861 aut
795 2800 1109 2880 quantam
1138 2796 1221 2860 ad
1248 2797 1422 2861 male
1443 2795 1785 2862 (licendum
1812 2795 2165 2877 licentiam,

44 2904 79 2945 ιο
108 2891 380 2951 tantum
435 2885 755 2950 haberent
810 2888 925 2950 aut
980 2884 1063 2949 ad
1118 2883 1596 2951 ementiendum
1653 2884 1854 2949 animi
1911 2890 2028 2949 aut
2081 2885 2166 2950 ad

106 2973 501 3060 fingendum
536 2973 802 3059 ingenii,
847 2994 981 3038 non
1018 2973 1290 3038 meliore
1326 2973 1594 3038 fortuna
1631 2971 1714 3037 ad
1751 2973 1996 3057 probra
2030 2995 2165 3038 non

109 3060 443 3129 audienda
478 3061 565 3127 M.
594 3061 904 3127 Fonteius
943 3083 1139 3146 quam
1186 3062 1307 3144 illi,
1354 3061 1432 3126 de
1472 3061 1708 3146 quibus
1747 3065 1942 3127 antea
1987 3083 2166 3126 com-

108 3151 501 3233 memoravi,
528 3149 781 3215 fuisset.
824 3150 1029 3235 Frugi
1056 3151 1261 3235 igitur
1289 3150 1642 3232 hominem,
1670 3148 1934 3230 iudices,
1968 3149 2163 3233 frugi,

108 3243 417 3323 inquam,
464 3242 532 3303 et
576 3239 645 3303 in
692 3238 997 3304 omnibus
1043 3238 1218 3303 vitae
1273 3238 1575 3323 partibus
1631 3237 2038 3301 moderatum
2088 3259 2163 3302 ac

49 3346 81 3387 5
109 3332 619 3413 temperantem,
664 3327 931 3411 plenum
977 3326 1271 3411 pudoriS,
1317 3327 1585 3410 plenum
1633 3325 1850 3407 officii,
1895 3326 2162 3406 plenum

110 3414 461 3501 religionis
506 3415 743 3479 videtis
786 3414 1076 3517 positum
1122 3415 1195 3480 in
1240 3421 1462 3480 vestra
1508 3414 1634 3478 fide
1691 3434 1766 3478 ac
1811 3416 2161 3497 potestate,

112 3509 315 3589 atque
362 3504 477 3586 ita,
524 3507 600 3568 ut
636 3504 1022 3569 commissus
1070 3504 1157 3569 sit
1200 3502 1372 3588 fidei,
1416 3500 1777 3588 permissus
1823 3500 2159 3586 potestati.
