2534 3875
352 142 478 206 128
890 140 1036 196 PRO
1074 140 1139 193 A.
1180 139 1550 195 CLUENTIO
1592 139 1883 195 ORATIO.

348 285 601 367 cuniae,
660 307 854 368 quam
909 284 1313 368 condiderat,
1368 306 1484 367 spe
1520 284 1654 349 iam
1701 288 1899 367 atque
1947 283 2165 348 animo
2211 282 2387 349 incu-

348 375 564 457 baret,
629 372 962 438 contrahit
1023 371 1312 438 frontem
1378 371 1840 455 (recordamini
1894 370 2130 437 faciem
2189 374 2383 455 atque

347 461 499 527 illos
558 461 694 526 eius
749 462 938 527 fictos
995 461 1469 544 simulatosque
1515 459 1796 546 vultus),
1852 460 2147 545 queritur
2186 482 2252 523 se
2298 459 2383 523 ab

349 549 707 634 Oppianico
755 549 1142 614 destitutum
1191 553 1277 632 et,
1323 548 1434 633 qui
1472 552 1645 613 esset
1691 552 1870 614 totus
1920 570 1998 613 ex
2042 547 2269 613 fraude
2316 551 2384 611 et

347 638 685 703 mendacio
730 638 943 703 factus
991 637 1229 721 quique
1279 658 1355 701 ea
1400 636 1584 719 vitia,
1630 658 1794 721 quae
1842 659 1882 700 a
1916 640 2156 701 natura
2192 636 2383 701 habe·
2414 658 2446 699 5

346 726 491 809 bat,
565 726 766 791 etiam
839 725 1056 790 studio
1131 729 1328 809 atque
1404 725 1681 790 artificio
1747 724 2031 809 quodam
2095 724 2382 789 malitiae

347 814 769 901 condivisset,
824 812 1095 897 pulchre
1153 812 1494 877 adseverat
1547 835 1689 878 sese
1747 814 1829 878 ab
1877 812 2236 897 Oppianico
2284 811 2385 875 de-

349 902 655 967 stitutum
713 906 910 985 atque
971 901 1095 967 hoc
1151 900 1333 966 addit
1386 900 1775 985 testimonii,
1834 923 1953 965 sua
2006 900 2198 965 illum
2244 921 2382 964 sen-

347 990 574 1074 tentia,
602 1012 748 1054 cum
778 990 1000 1074 palam
1029 1012 1255 1055 omnes
1276 989 1478 1054 laturi
1496 994 1731 1072 essent,
1760 988 2301 1055 condemnatum
2283 989 2382 1052 iri.

481 1078 788 1143 Manarat
825 1099 1038 1143 sermo
1075 1077 1147 1142 in
1183 1077 1456 1143 consilio
1496 1077 1807 1162 pecuniae
1846 1076 2173 1161 quandam
2211 1099 2381 1141 men·
2418 1102 2477 1139 ιο

278 1120 597 1231 3tionem
654 1167 824 1231 inter
879 1166 1123 1231 iudices
1179 1187 1322 1231 esse
1370 1169 1716 1231 versatam.
1809 1165 1943 1230 Res
1989 1186 2198 1249 neque
2245 1169 2383 1229 tam

346 1255 564 1318 fuerat
611 1255 883 1338 occulta,
930 1276 1126 1338 quam
1175 1258 1317 1318 erat
1360 1254 1761 1337 occultanda,
1807 1274 2016 1337 neque
2061 1257 2200 1318 tam
2244 1259 2387 1317 erat

350 1346 602 1427 aperta,
668 1365 864 1426 quam
927 1342 1025 1407 rei
1082 1342 1381 1426 publicae
1445 1364 1640 1407 causa
1705 1342 2070 1426 aperienda.
2174 1340 2251 1405 In
2311 1363 2387 1405 ea

349 1431 750 1496 obscuritate
807 1452 882 1495 ac
943 1431 1353 1495 dubitatione
1410 1430 1701 1495 omnium
1757 1428 2109 1513 Cannutio,
2171 1428 2383 1514 perito

350 1518 630 1603 homini,
687 1519 800 1603 qui
858 1519 1140 1603 quodam
1187 1519 1383 1584 odore
1432 1518 1818 1603 suspicionis
1866 1515 2203 1582 Staienum
2250 1538 2385 1581 cor·
2418 1540 2477 1580 15

349 1611 617 1692 ruptum
665 1629 806 1671 esse
853 1607 1166 1672 sensisset
1209 1607 1576 1691 nequedum
1624 1628 1761 1671 rem
1806 1606 2169 1688 perfectam
2217 1605 2387 1669 arbi-

349 1699 654 1779 traretur,
701 1696 950 1780 placuit
994 1699 1260 1778 repente
1307 1694 1755 1778 pronuntiare:
1802 1694 2197 1759 DIXERUNT.
2262 1692 2393 1758 Hic

350 1788 490 1848 tum
540 1783 936 1867 Oppianicus
991 1805 1127 1847 non
1185 1804 1427 1869 magno
1484 1805 1677 1867 opere
1732 1782 2096 1867 pertimuit3
2154 1803 2295 1845 rem
2353 1804 2394 1845 a

246 1888 313 1938 74
353 1869 618 1937 Staieno
692 1871 1051 1956 perfectam
1117 1892 1258 1935 esse
1325 1872 1789 1937 arbitrabatur.
1898 1870 1978 1935 In
2042 1869 2393 1935 consilium

353 1966 542 2025 erant
607 1961 766 2024 ituri
825 1960 1068 2026 iudices
1131 1979 1347 2025 XXXII.
1456 1959 1811 2026 Sententiis
1871 1977 1991 2024 XVI
2059 1959 2394 2023 absolutio
2428 1983 2489 2022 20

353 2049 584 2115 confici
637 2052 916 2132 poterat.
1016 2048 1451 2134 Quadragena
1503 2049 1686 2113 milia
1737 2070 2075 2114 nummum
2148 2047 2217 2110 in
2266 2048 2398 2112 sin-

355 2138 547 2222 gulos
603 2136 847 2201 iudices
904 2137 1258 2201 distributa
1314 2158 1461 2200 eum
1519 2159 1862 2202 numerum
1920 2137 2397 2200 sententiarum

353 2225 666 2291 conficere
703 2225 1046 2306 debebant,
1092 2228 1167 2289 ut
1205 2225 1287 2290 ad
1326 2225 1657 2290 cumulum
1695 2246 1809 2307 spe
1849 2224 2174 2289 maiorum
2210 2246 2399 2306 prae-

353 2313 630 2378 miorum
680 2313 889 2396 ipsius
936 2310 1187 2377 Staieni
1233 2313 1559 2378 sententia
1606 2313 1885 2398 septima
1931 2312 2181 2377 decima
2218 2334 2401 2377 acce-

356 2401 551 2465 deret.
627 2399 845 2485 Atque
891 2403 1094 2466 etiam
1133 2423 1288 2465 casu
1325 2404 1487 2482 tum,
1535 2401 1709 2485 quod
1746 2401 1908 2465 illud
1946 2405 2213 2485 repente
2255 2405 2405 2464 erat
2434 2425 2494 2463 25

353 2488 629 2572 factum,
705 2486 1009 2554 Staienus
1085 2489 1226 2574 ipse
1300 2511 1434 2553 non
1501 2490 1758 2572 aderat3
1832 2511 2097 2554 causam
2172 2489 2403 2553 nescio

321 2599 552 2661 quam
610 2577 782 2660 apud
837 2578 1117 2642 iudicem
1177 2576 1581 2641 defendebat.
1672 2577 1888 2642 Facile
1934 2577 2060 2642 hoc
2106 2575 2404 2641 Habitus

354 2664 747 2748 patiebatur,
785 2664 977 2729 facile
1025 2663 1405 2747 Cannutius,
1452 2670 1523 2729 at
1566 2687 1701 2731 non
1741 2665 2140 2750 Oppianicus
2186 2686 2407 2747 neque

357 2755 674 2836 patronus
731 2753 868 2817 eius
923 2753 997 2818 L.
1052 2751 1419 2836 Quinctius3
1476 2755 1587 2838 qui
1648 2776 1795 2819 cum
1851 2758 2024 2818 esset
2068 2752 2187 2817 illo
2236 2757 2409 2817 tem·

357 2861 516 2925 pore
561 2841 864 2905 tribunus
911 2841 1151 2926 plebis,
1198 2841 1561 2907 convicium
1608 2839 1679 2906 O.
1723 2843 1911 2906 Iunio
1959 2841 2157 2906 iudici
2203 2863 2408 2924 quae·
2444 2865 2505 2904 so

359 2928 594 2992 stionis
650 2928 1007 2992 maximum
1061 2929 1243 3013 fecit,
1299 2933 1374 2994 ut
1427 2951 1511 2994 ne
1565 2930 1705 2994 sine
1761 2930 1880 2994 illo
1936 2930 2006 2993 in
2053 2929 2415 2994 consilium

357 3016 591 3099 iretur3
631 3037 904 3100 cumque
941 3016 1007 3081 id
1046 3017 1106 3081 ei
1142 3039 1260 3102 per
1289 3018 1571 3083 viatores
1609 3019 1909 3083 consulto
1937 3017 2416 3103 neglegentius

360 3105 471 3190 agi
542 3104 899 3187 videretur,
978 3105 1119 3189 ipse
1188 3128 1224 3171 e
1293 3106 1555 3189 publico
1626 3107 1863 3171 iudicio
1924 3104 2005 3170 ad
2066 3107 2417 3189 privatum

360 3190 611 3258 Staieni
670 3193 981 3259 iudicium
1037 3194 1370 3277 profectus
1428 3199 1529 3258 est
1577 3198 1643 3260 et
1690 3195 1855 3259 illud
1899 3217 2019 3296 pro
2066 3198 2419 3278 potestate

239 1040 324 1167 237

256 3383 323 3434 ’15
365 3367 800 3455 Consurgitur
845 3371 916 3435 in
961 3371 1335 3456 consilium,
1382 3394 1528 3435 eum
1576 3371 1933 3436 sententias
1983 3370 2426 3456 OppianicuS,

365 3477 530 3540 quae
576 3463 716 3523 tum
768 3463 910 3526 erat
954 3463 1266 3544 potestaS,
1313 3460 1530 3540 palam
1575 3458 1734 3524 ferri
1778 3458 1948 3524 velle
1995 3458 2292 3544 dixisset,
2344 3467 2431 3525 ut
2513 3483 2515 3490 ·
