2534 3875
213 1552 284 1601 16

251 2243 288 2305 7

215 2697 282 2746 17

323 158 455 223 194
787 156 887 211 DE
923 155 1114 212 LEGE
1151 155 1487 211 AGRARIA
1526 154 1797 211 ORATIO
1832 156 1903 210 11.

323 301 548 367 consul
585 323 674 385 re,
707 323 838 367 non
878 300 1173 366 oratione
1209 300 1545 385 popularis
1582 303 1651 365 et
1674 300 1949 365 honeste
1976 302 2044 363 et
2070 299 2358 365 libenter

322 394 546 474 posset
610 389 964 455 defendere.
1059 389 1279 474 Atque
1345 408 1467 474 ego
1534 411 1573 454 a
1635 387 1849 472 primo
1913 387 2125 471 capite
2181 387 2353 473 legis

322 499 526 562 usque
566 478 648 543 ad
687 482 1046 543 extremum
1082 476 1357 561 reperio,
1403 476 1708 559 Quirites,
1751 475 1917 540 nihil
1956 474 2134 540 aliud
2172 476 2352 561 cogi-

323 571 566 649 tatum,
610 566 778 630 nihil
823 564 1003 631 aliud
1048 571 1449 649 susceptum,
1493 564 1660 629 nihil
1706 564 1881 629 aliud
1929 568 2173 647 actum,
2218 564 2353 628 nisi

323 655 423 719 uti
486 654 703 720 decem
779 673 966 738 reges
1031 653 1293 735 aerarii,
1355 652 1802 738 vectigalium,
1864 652 2351 737 provinciarum
2378 668 2413 710 ⁵

324 741 641 826 omnium,
712 742 916 806 totius
991 741 1088 806 rei
1149 741 1476 825 publicae,
1548 762 1926 826 regnorum,
1995 740 2353 805 liberorum

322 830 742 915 populorum,
801 829 976 894 orbis
1025 830 1300 913 denique
1345 833 1668 894 terrarum
1714 828 1961 893 domini
2006 828 2354 893 constitue-

322 922 548 983 rentur
601 918 766 1003 legis
823 918 1117 1003 agrariae
1163 918 1583 982 simulatione
1630 921 1827 1001 atque
1869 917 2152 982 nomine.
2245 916 2353 983 Sic

325 1007 667 1090 confirmo,
732 1004 1042 1089 Quirites,
1105 1005 1230 1071 hac
1289 1005 1435 1091 lege
1499 1006 1759 1091 agraria
1820 1005 2093 1088 pulchra
2152 1009 2351 1089 atque

324 1093 627 1179 populari
673 1093 813 1158 dari
857 1094 1043 1159 vobis
1088 1093 1283 1172 nihil,
1338 1094 1689 1159 condonari
1734 1094 1925 1158 certis
1972 1093 2351 1158 hominibus
2380 1111 2441 1151 ιο

325 1182 571 1266 omnia,
628 1181 949 1247 ostentari
1002 1182 1243 1266 populo
1292 1180 1589 1247 Romano
1646 1202 1840 1267 agros
1850 1232 1868 1265 ,
1932 1182 2095 1266 eripi
2150 1182 2351 1247 etiam

323 1270 727 1354 libertatem,
782 1270 1189 1353 privatorum
1242 1270 1549 1354 pecunias
1605 1270 1854 1355 augeri,
1908 1270 2199 1354 publicas
2248 1292 2352 1335 ex-

322 1358 590 1443 hauriri,
639 1357 932 1443 denique,
968 1359 1141 1442 quod
1169 1362 1269 1423 est
1298 1358 1842 1443 indignissimum,
1869 1380 1985 1443 per
2012 1358 2351 1423 tribunum

320 1446 546 1531 plebiS,
585 1468 778 1530 quem
816 1447 1094 1511 maiores
1132 1446 1497 1530 praesidem
1531 1446 1859 1511 libertatis
1887 1447 2351 1531 custodemque

324 1556 466 1599 esse
501 1536 864 1619 voluerunt,
906 1555 1092 1621 reges
1138 1534 1210 1599 in
1252 1535 1519 1601 civitate
1564 1534 1892 1601 constitui.
1965 1534 2144 1611 Quae
2182 1557 2352 1619 cum,
2380 1551 2439 1592 1⁵

322 1622 634 1708 Quirites,
698 1645 1052 1707 exposuero
1063 1673 1082 1707 ,
1147 1623 1204 1687 si
1265 1623 1438 1687 falsa
1491 1623 1677 1688 vobis
1732 1622 2123 1688 videbuntur
2186 1644 2351 1708 esse,

323 1733 557 1797 sequar
585 1712 1041 1777 auctoritatem
1065 1714 1370 1795 vestram,
1398 1712 1667 1776 mutabo
1694 1732 1908 1776 meam
1928 1711 2351 1795 sententiamr,

323 1800 425 1865 sin
485 1799 756 1864 insidias
820 1799 961 1864 fieri
1015 1799 1315 1864 libertati
1367 1803 1623 1864 vestrae
1680 1798 2093 1865 simulatione
2150 1800 2351 1885 largi-

321 1887 521 1954 tionis
584 1887 1013 1973 intellegetiS,
1075 1888 1354 1953 nolitote
1420 1888 1713 1954 dubitare
1777 1887 2057 1972 plurimo
2113 1888 2349 1953 sudore

323 1981 389 2042 et
436 1977 753 2062 sanguine
798 1976 1120 2040 maiorum
1167 1981 1533 2042 vestrorum
1571 1981 1827 2060 partam
1866 1976 2180 2061 vobisque
2216 1981 2350 2041 tra·
2379 1994 2437 2034 20

323 2065 527 2130 ditam
571 2064 944 2129 libertatem
987 2065 1168 2129 nullo
1217 2069 1435 2130 vestro
1480 2066 1703 2130 labore
1748 2065 2013 2129 consule
2050 2065 2348 2130 adiutore

324 2152 675 2218 defendere.

453 2240 747 2305 Primum
817 2244 1013 2323 caput
1088 2244 1190 2305 est
1251 2241 1422 2327 legis
1482 2241 1804 2328 agrariae,
1877 2264 2033 2327 quo,
2105 2245 2181 2306 ut
2244 2241 2349 2306 illi

320 2333 577 2413 putant,
615 2328 1020 2412 temptamini
1047 2329 1300 2412 leviter,
1336 2349 1463 2413 quo
1494 2329 1708 2394 animo
1736 2330 2060 2395 libertatis
2088 2333 2350 2394 vestrae

322 2417 830 2482 deminutionem
892 2416 1063 2481 ferre
1125 2418 1413 2502 possitis.
1521 2417 1709 2482 Iubet
1772 2419 1945 2482 enim
2009 2417 2350 2483 tribunum
2378 2433 2435 2475 2⁵

320 2505 559 2589 plebis,
615 2505 727 2588 qui
773 2526 918 2569 eam
961 2505 1174 2590 legem
1220 2505 1474 2583 tulerit,
1520 2527 1739 2570 creare
1785 2505 2182 2571 decemviros
2228 2527 2349 2590 per

321 2591 534 2656 tribus
596 2593 1084 2676 septemdecim,
1138 2596 1237 2676 ut,
1292 2615 1482 2676 quem
1516 2615 1753 2658 novem
1796 2595 2007 2659 tribus
2052 2593 2348 2678 fecerint,

322 2679 379 2743 is
426 2680 750 2744 decemvir
795 2681 900 2745 sit.
962 2678 1088 2745 Hic
1126 2703 1386 2765 quaer0,
1430 2703 1624 2765 quam
1662 2683 1745 2747 ob
1784 2704 2046 2747 causam
2082 2681 2350 2746 initium

322 2789 540 2831 rerum
613 2789 688 2832 ac
758 2768 978 2852 legum
1046 2790 1309 2833 suarum
1373 2769 1525 2834 hinc
1581 2770 1864 2854 duxerit,
1934 2773 2009 2834 ut
2061 2767 2346 2854 populiis

321 2855 659 2920 Romanus
689 2856 1001 2942 suffragio
1030 2858 1411 2940 privaretur.
1479 2857 1747 2922 Totiens
1775 2858 2033 2942 legibus
2062 2858 2347 2944 agrariis
2377 2876 2433 2916 30

323 2946 652 3008 curatores
690 2944 1032 3009 constituti
1069 2949 1222 3010 sunt
1257 2946 1601 3029 triumviri,
1638 2946 2063 3030 quinqueviri,
2100 2946 2350 3012 decem·

323 3032 478 3116 viri3
526 3053 764 3116 quaero
813 3055 852 3097 a
895 3033 1197 3116 populari
1240 3034 1508 3100 tribuno
1553 3034 1793 3119 plebis,
1840 3034 2169 3119 ecquando
2213 3035 2348 3099 nisi

321 3141 439 3204 per
512 3139 710 3186 xxxv
772 3121 985 3187 tribus
1050 3121 1253 3186 creati
1318 3122 1466 3187 sint.
1576 3122 1840 3188 Etenim
1906 3145 2051 3188 eum
2116 3144 2345 3188 omnes

321 3212 710 3293 potestates,
785 3209 1084 3294 imperia,
1157 3211 1522 3276 curationes
1588 3212 1669 3276 ab
1733 3212 2037 3276 universo
2100 3212 2345 3294 populo

322 3296 614 3362 Romano
660 3298 982 3382 proficisci
1029 3299 1347 3381 convenit,
1391 3303 1531 3362 tum
1570 3321 1681 3364 eas
1717 3300 2007 3384 profecto
2046 3299 2348 3383 maxime,
2374 3315 2429 3358 35

323 3407 485 3469 quae
559 3386 1044 3452 constituuntur
1117 3385 1199 3451 ad
1271 3387 1499 3472 populi
1569 3387 1852 3453 fructum
1928 3388 2210 3472 aliquem
2278 3392 2347 3452 et

323 3473 749 3560 commodum,
795 3475 861 3540 in
910 3497 1035 3560 quo
1084 3479 1151 3540 et
1186 3476 1473 3540 universi
1510 3475 1820 3561 deligant,
1867 3498 2057 3560 quem
2094 3477 2347 3561 populo
