2534 3875
798 161 952 217 CAP.
994 169 1204 217 11—13
1243 170 1275 230 ς
1313 169 1542 219 31—36.
2064 166 2192 230 113

149 307 438 389 tiamque
485 305 845 390 adhiberet,
890 310 965 370 ut
1008 307 1094 387 id,
1141 306 1315 393 quod
1360 311 1771 392 conceperat,
1818 329 2077 373 servare
2124 313 2193 373 et

151 394 404 458 salvum
481 416 714 479 parere
776 398 1018 478 posset.
1127 393 1361 480 Itaque
1426 396 1485 460 ei
1549 400 1943 461 testamento
2009 398 2193 482 legat

151 482 471 567 grandem
517 482 861 566 pecuniam
907 504 948 547 a
993 482 1157 565 filio,
1205 484 1259 547 si
1309 483 1421 567 qui
1466 487 1661 549 natus
1700 487 1905 568 esset3
1964 485 2048 549 ab
2096 506 2192 549 se-

151 570 360 634 cundo
418 571 658 635 herede
713 570 879 635 nihil
936 571 1132 653 legat.
1225 570 1393 646 Quid
1450 572 1528 636 de
1574 571 1931 656 Oppianico
1978 573 2190 656 suspi-
2227 590 2300 639 34

101 675 126 714 ⁵
150 662 334 722 catus
392 658 509 742 sit,
573 658 836 742 videtis;
895 658 1053 743 qnid
1106 660 1436 742 iudicarit,
1499 660 1848 725 obscurum
1893 681 2027 725 non
2072 664 2190 725 est.

147 746 325 810 Nam
374 747 557 811 cuius
604 747 810 810 filium
857 746 1100 811 faceret
1146 748 1470 831 heredem,
1518 770 1667 813 eum
1702 752 1993 814 tutorem
2030 749 2191 813 libe·

148 835 236 898 ris
272 855 416 898 non
451 834 812 919 adscripsit.
879 833 1047 909 Quid
1077 835 1475 919 Oppianicus
1511 835 1758 918 fecerit,
1796 838 2189 922 cognoscite,

148 926 220 987 ut
264 922 460 986 illum
507 922 800 1008 Magium
836 923 1241 1009 intellegatis
1283 925 1475 1009 longe
1514 925 1733 990 animo
1772 926 2189 1011 prospexisse

149 1010 557 1075 morientem.
641 1010 818 1086 Quae
863 1016 1138 1095 pecunia
1184 1012 1445 1076 mulieri
1492 1013 1712 1099 legata
1758 1018 1901 1078 erat
1946 1035 1986 1077 a
2031 1014 2193 1097 filio,

77 1116 125 1155 1⁰
151 1099 207 1162 si
263 1100 381 1183 qni
436 1103 632 1164 natus
688 1103 889 1183 esset,
945 1121 1089 1165 eam
1143 1104 1557 1185 praesentem
1604 1100 2003 1186 Oppianicus
2056 1122 2193 1167 non

151 1186 445 1251 debitam
500 1187 758 1252 mulieri
813 1188 1039 1272 solvit,
1104 1189 1162 1251 si
1206 1189 1368 1253 haec
1416 1189 1656 1254 solutio
1704 1190 2077 1276 legatorum
2124 1194 2193 1254 et

149 1297 284 1339 non
330 1296 578 1340 merces
626 1276 989 1340 abortionis
1027 1277 1423 1361 appellanda
1460 1281 1579 1343 est.
1643 1275 1783 1353 Quo
1820 1278 1942 1343 illa
1977 1278 2191 1362 pretio

151 1368 423 1447 accepto
471 1364 826 1447 multisque
872 1368 1213 1448 praeterea
1259 1365 1664 1446 muneribuS,
1712 1388 1879 1449 quae
1924 1371 2064 1431 tum
2114 1388 2193 1431 ex

150 1452 402 1515 tabulis
458 1450 800 1536 Oppianici
845 1452 1319 1535 recitabantur,
1376 1474 1559 1536 spem
1604 1454 1817 1536 illam,
1875 1476 2066 1539 quam
2118 1454 2193 1519 in

79 1556 125 1596 15
154 1540 306 1604 alvo
363 1541 885 1605 commendatam
942 1563 982 1605 a
1027 1541 1170 1606 viro
1230 1541 1635 1622 continebat,
1689 1542 1866 1607 victa
1912 1543 2192 1607 avaritia

151 1628 387 1691 sceleri
441 1626 787 1712 Oppianici
832 1629 1139 1693 vendidit.
1230 1629 1418 1693 Nihil
1470 1650 1665 1713 posse
1711 1629 1846 1693 iam
1893 1630 1974 1694 ad
2020 1631 2190 1695 hanc
2228 1646 2299 1696 35

151 1716 648 1798 improbitatem
705 1717 856 1781 addi
911 1717 1198 1799 videtur3
1261 1717 1586 1781 attendite
1648 1719 1911 1781 exitum.
2013 1717 2192 1793 Quae

28 1824 30 1912 ᾖ
151 1805 390 1869 mulier
445 1805 885 1870 obtestatione
931 1805 1057 1870 viri
1115 1806 1335 1869 decem
1392 1805 1528 1869 illis
1574 1805 1910 1870 mensibus
1955 1828 2038 1870 ne
2087 1806 2196 1870 do-

28 1913 30 1943 *
155 1915 334 1958 mum
399 1893 660 1978 quidem
722 1895 928 1959 ullam
992 1894 1123 1959 nisi
1186 1916 1409 1960 socrus
1475 1915 1631 1959 suae
1692 1916 1886 1960 nosse
1952 1894 2194 1978 debuit,

75 1999 126 2042 πο
152 1983 315 2047 haec
372 1983 601 2066 quinto
656 2004 878 2048 mense
933 1987 1085 2067 post
1129 1982 1256 2046 viri
1312 1987 1593 2048 mortem
1647 1982 1777 2067 ipsi
1833 1982 2193 2067 Oppianico

151 2070 400 2153 nupsit.
500 2068 678 2146 Quae
731 2072 1003 2155 nuptiae
1055 2073 1190 2135 non
1248 2071 1593 2136 diuturnae
1648 2071 1939 2155 fuerunt3
2007 2076 2195 2136 erant

154 2160 330 2222 enim
376 2180 512 2222 non
557 2159 962 2225 matrimonii
1008 2159 1357 2245 dignitate,
1404 2159 1518 2223 sed
1566 2159 1829 2224 sceleris
1878 2161 2193 2225 societate

155 2246 560 2311 coniunctae.

289 2333 505 2410 Quid?
580 2335 699 2400 illa
757 2336 983 2400 caedes
1048 2336 1258 2400 Asuvi
1323 2335 1680 2419 Larinatis,
1757 2335 2191 2401 adulescentis
2214 2314 2305 2440 ἐξ)

75 2439 126 2480 2⁵
155 2423 519 2507 pecuniosi,
574 2446 770 2508 quam
825 2425 1002 2488 clara
1055 2428 1199 2488 tum
1254 2425 1501 2489 recenti
1556 2446 1628 2488 re
1683 2423 1812 2487 fuit
1873 2428 1939 2488 et
1996 2446 2192 2509 quam

153 2511 450 2575 omnium
528 2534 826 2576 sermone
890 2512 1245 2577 celebrata!
1356 2511 1509 2576 Fuit
1579 2511 1865 2575 Avillius
1933 2512 2196 2598 quidam

155 2598 398 2664 Larino
443 2600 702 2684 perdita
744 2601 1037 2685 nequitia
1083 2604 1149 2664 et
1196 2621 1453 2664 summa
1499 2603 1812 2685 egestate,
1859 2607 2001 2665 arte
2040 2623 2196 2685 qua-

155 2687 308 2751 dam
366 2688 700 2771 praeditus
747 2689 830 2752 ad
877 2688 1181 2752 libidines
1229 2689 1870 2753 adulescentulorum
1916 2689 2198 2754 excitan-

156 2775 274 2840 das
330 2777 839 2841 accommodata.
940 2776 1067 2853 Qui
1122 2780 1198 2840 ut
1255 2797 1324 2841 se
1380 2775 1721 2841 blanditiis
1777 2781 1845 2840 et
1892 2778 2197 2843 adsenta-

75 2879 128 2922 ω
153 2863 447 2929 tionibus
519 2865 589 2928 in
652 2863 862 2929 Asuvi
935 2864 1467 2930 consuetudinem
1539 2865 1803 2948 penitus
1858 2865 2199 2948 immersit,

158 2950 560 3036 Oppianicus
636 2953 943 3018 continuo
1019 2974 1279 3037 sperare
1352 2952 1568 3037 coepit
1629 2953 1754 3017 hoc
1814 2975 1883 3018 se
1948 2953 2197 3019 Avillio

154 3047 494 3125 tamquam
541 3041 762 3125 aliqua
808 3041 1112 3106 machina
1157 3042 1425 3105 admota
1464 3062 1695 3125 capere
1729 3041 1939 3105 Asuvi
1978 3042 2197 3105 adule-

34 3139 36 3174 :
157 3131 473 3193 scentiam
538 3133 604 3192 et
662 3129 963 3194 fortunas
1031 3129 1170 3194 eius
1226 3130 1479 3214 patrias
1546 3150 1918 3212 expugnare
1983 3150 2199 3212 posse.

155 3216 354 3280 Ratio
420 3217 796 3303 excogitata
849 3217 1072 3282 Larini
1136 3221 1264 3300 est,
1331 3238 1436 3281 res
1501 3217 1827 3281 translata
1890 3217 2199 3300 Romam3

79 3319 130 3360 ⁸5
157 3304 324 3369 inire
381 3305 552 3368 enim
608 3305 953 3371 consilium
1013 3305 1273 3370 facilius
1330 3305 1401 3368 in
1456 3299 1833 3387 solitudine,
1889 3304 2197 3387 perficere

157 3414 297 3457 rem
345 3393 482 3457 eius
529 3394 707 3458 modi
753 3394 1154 3459 commodius
1201 3394 1272 3458 in
1317 3393 1515 3457 turba
1558 3413 1751 3476 posse
1788 3412 1852 3456 se
1890 3391 2199 3456 arbitrati
2282 3471 2286 3476 ·

157 3484 331 3545 sunt.
393 3481 677 3547 Asuvius
725 3504 873 3547 cum
910 3481 1160 3548 Avillio
1188 3481 1471 3546 Romam
1511 3483 1612 3544 est
1649 3477 1998 3562 profectus
2051 3477 2200 3542 Hos

265 3591 534 3636 c1c.11.2.
1084 3595 1090 3602 ·
1841 3585 1874 3632 8
