2534 3875
259 158 390 223 154
775 157 922 212 PRO
959 157 1025 213 A.
1067 156 1427 213 CLUENTIO
1466 155 1755 213 ORATIO.

255 302 520 386 Brutus,
568 323 757 386 quem
805 300 1135 367 hominem
1183 304 1248 364 et
1292 322 1426 367 non
1472 302 1683 367 solum
1735 323 1863 384 qua
1904 301 2299 385 eloquentia,

255 413 482 456 verum
539 391 736 455 etiam
793 412 922 475 quo
969 390 1190 474 lepore
1229 393 1295 453 et
1341 389 1575 472 quibus
1620 388 1877 455 facetiis
1923 390 2297 474 praeditum

257 478 646 563 lacessisset,
691 482 825 543 tres
872 478 1014 563 ipse
1065 477 1372 542 excitavit
1410 477 1790 543 recitatores
1829 500 1975 543 cum
2014 479 2295 565 singulis

259 568 534 650 libellis,
593 589 755 651 quos
811 566 900 631 M.
944 564 1218 649 Brutus,
1263 569 1456 648 pater
1501 565 1681 631 illius
1730 567 2153 650 accusatoris,
2214 568 2295 633 de

257 656 396 721 iure
462 656 639 721 civili
701 655 982 739 reliquit.
1083 653 1334 719 Eorum
1397 654 1589 719 initia
1644 676 1789 721 cum
1845 655 2295 739 recitarentur,
2324 672 2353 713 ⁵

256 767 334 811 ea
382 766 547 827 quae
592 743 779 809 vobis
826 747 985 808 nota
1023 763 1163 807 esse
1202 742 1513 807 arbitror:
1564 741 1828 807 ‘Forte
1876 745 2165 826 evenit,
2209 750 2298 809 ut

255 833 422 898 ruri
459 833 539 898 in
564 831 1022 897 Privernati
1049 852 1391 895 essemus
1422 852 1564 917 ego
1594 835 1668 895 et
1695 831 1991 897 Brutus
2017 832 2298 916 filius',

255 921 540 987 fundum·
565 920 1016 985 Privernatem
1063 919 1439 1005 flagitabat3
1489 919 1609 984 ‘In
1644 919 1951 985 Albano
1992 942 2295 986 eramus

255 1030 482 1163 {525
495 1006 1960 1183 ssfffffssssssussussfiffiss'effibsaffispssffssbss?
1998 1008 2381 1163 1313...

256 1184 533 1269 filius',
580 1184 922 1250 Tiburtem
966 1183 1239 1249 fundum
1286 1185 1684 1269 requirebat3
1732 1184 2009 1250 Brutum
2056 1190 2299 1269 autem,

254 1273 592 1339 hominem
629 1273 1011 1359 sapientem,
1057 1272 1229 1357 quod
1265 1273 1387 1337 filii
1423 1274 1786 1357 nequitiam
1821 1273 2088 1357 videret,
2126 1296 2297 1359 quae

255 1361 525 1448 praedia
608 1362 668 1426 ei
739 1362 1160 1446 relinqueret,
1243 1362 1585 1427 testificari
1655 1362 1943 1427 voluisse
2017 1362 2296 1427 dicebat.

257 1450 503 1526 Quodsi
555 1450 881 1533 potuisset
936 1450 1209 1515 honeste
1265 1449 1549 1515 scribere
1606 1471 1674 1515 se
1730 1450 1799 1514 in
1843 1451 2096 1515 balneis
2144 1473 2295 1516 cum

255 1540 323 1604 id
369 1541 607 1605 aetatis
652 1539 790 1603 filio
836 1538 1065 1623 fuisse,
1109 1560 1243 1603 non
1288 1538 1735 1623 praeterisset3
1795 1560 1905 1603 eas
1953 1561 2022 1603 se
2067 1544 2299 1605 tamen
2326 1556 2380 1597 15

257 1629 341 1693 ab
388 1650 463 1693 eo
511 1626 781 1693 balneas
827 1649 962 1691 non
1008 1649 1087 1692 ex
1132 1626 1318 1691 libris
1364 1627 1602 1711 patris,
1650 1627 1764 1691 sed
1810 1650 1887 1692 ex
1931 1627 2178 1692 tabulis
2226 1631 2295 1692 et

257 1738 336 1781 ex
397 1738 593 1782 censu
654 1737 981 1799 quaerere.
1082 1713 1359 1780 Crassus
1420 1718 1562 1780 tum
1619 1715 1718 1781 ita
1756 1713 2051 1780 'Brutum
2112 1716 2295 1780 ultus

258 1808 386 1889 est,
459 1808 534 1868 ut
605 1804 797 1869 illum
859 1803 1266 1868 recitationis
1332 1824 1486 1869 suae
1548 1804 1941 1889 paeniteret3
2014 1805 2295 1869 moleste

257 1893 434 1958 enim
489 1892 773 1958 fortasse
827 1893 1074 1957 tulerat
1130 1913 1200 1956 se
1253 1892 1323 1957 in
1367 1892 1449 1957 iis
1499 1892 1904 1958 orationibus
1951 1892 2297 1977 reprehen-

259 2005 421 2066 sum,
470 2004 629 2066 quas
678 1982 754 2045 de
801 2002 872 2045 re
917 1980 1181 2065 publica
1224 1981 1583 2066 habuisset,
1630 1982 1699 2046 in
1736 1982 1971 2065 quibus
2010 1981 2297 2048 forsitan
2326 1998 2382 2039 20

154 2082 254 2132 142
276 2071 489 2157 magis
528 2069 899 2153 requiratur
935 2070 1322 2134 constantia.
1394 2069 1541 2156 Ego
1590 2074 1809 2136 autem
1854 2069 1971 2134 illa
2017 2070 2299 2136 recitata

152 3209 239 3273 52

257 2181 398 2224 esse
442 2180 577 2224 non
623 2158 899 2222 moleste
944 2157 1103 2222 fero.
1185 2157 1415 2241 Neque
1463 2157 1635 2222 enim
1683 2159 1766 2222 ab
1812 2158 1931 2224 illo
1977 2162 2297 2243 tempore,

257 2247 433 2332 quod
467 2250 612 2312 tum
647 2250 808 2330 erat,
845 2266 1054 2328 neque
1093 2247 1177 2311 ab
1215 2267 1294 2311 ea
1330 2268 1544 2330 causa,
1581 2268 1746 2329 quae
1782 2250 1924 2311 tum
1953 2247 2298 2333 agebatur,

258 2336 472 2402 aliena
524 2334 818 2417 fuerunt3
873 2356 1080 2418 neque
1137 2334 1303 2399 mihi
1356 2335 1700 2418 quicquam
1757 2336 1970 2400 oneris
2018 2339 2296 2419 suscepi,

257 2445 404 2488 cum
468 2424 600 2487 ista
665 2423 822 2507 dixi,
888 2445 1016 2506 quo
1082 2423 1297 2487 minus
1350 2422 1625 2502 honeste
1681 2423 1849 2490 hanc
1905 2445 2170 2490 causam
2226 2429 2295 2488 et
2324 2439 2379 2480 25

256 2511 464 2575 libere
518 2533 782 2595 possem
841 2509 1199 2576 defendere.
1291 2509 1535 2585 Quodsi
1580 2511 1780 2576 velim
1835 2512 2131 2577 confiteri
2188 2534 2293 2576 me

257 2620 522 2664 causam
570 2599 647 2663 A.
678 2597 938 2664 Cluenti
982 2621 1153 2663 nunc
1199 2619 1537 2684 cognosse,
1583 2603 1776 2665 antea
1819 2599 2023 2666 fuisse
2066 2601 2137 2664 in
2173 2600 2293 2664 illa

254 2687 561 2772 populari
599 2686 924 2771 opinione,
961 2687 1105 2769 quis
1141 2687 1408 2751 tandem
1445 2687 1513 2751 id
1540 2688 1751 2772 possit
1776 2688 2293 2773 reprehendere?

254 2774 671 2858 praesertim,
735 2775 1016 2857 iudices,
1071 2797 1217 2839 cum
1280 2798 1319 2840 a
1380 2774 1569 2840 vobis
1631 2798 1886 2860 quoque
1945 2777 2107 2860 ipsis
2166 2777 2293 2843 hoc

256 2862 600 2947 impetrari
673 2862 760 2926 sit
825 2863 1323 2947 aequissimum,
1398 2864 1572 2947 quod
1637 2886 1759 2950 ego
1824 2868 1891 2929 et
1951 2866 2035 2931 ab
2099 2865 2291 2930 initio
2322 2881 2380 2922 30

257 2952 462 3036 petivi
499 2954 566 3015 et
599 2973 771 3015 nunc
807 2955 981 3036 peto,
1026 2956 1120 3030 ut,
1159 2954 1214 3016 si
1253 2975 1451 3036 quam
1487 2953 1615 3018 huc
1652 2953 2018 3036 graviorem
2057 2953 2134 3018 de
2172 2953 2291 3018 illo

259 3039 498 3104 iudicio
547 3037 922 3123 opinionem
969 3041 1307 3125 attulistis,
1355 3042 1523 3106 hanc
1570 3063 1764 3106 causa
1807 3046 2151 3126 perspecta
2197 3046 2295 3108 at-

259 3149 384 3212 que
430 3127 611 3192 omni
655 3128 933 3192 veritate
980 3130 1248 3214 cognita
1294 3130 1656 3216 deponatis.

411 3215 619 3300 Nunc,
667 3216 978 3300 quoniam
1017 3218 1098 3282 ad
1137 3219 1373 3299 omnia,
1421 3240 1588 3302 quae
1635 3218 1753 3282 abs
1798 3222 1866 3282 te
1914 3218 2085 3284 dicta
2123 3223 2293 3303 sunt,

155 3289 255 3338 143
278 3303 348 3369 Τ.
377 3303 554 3389 Acci,
602 3305 680 3370 de
717 3303 1063 3390 Oppianici
1101 3306 1534 3390 damnatione,
1580 3307 1905 3390 respondi,
1942 3307 2294 3372 confiteare
2322 3323 2377 3364 8⁵

256 3413 519 3458 necesse
565 3398 668 3458 est
713 3397 780 3458 te
829 3395 1198 3479 opinionem
1246 3396 1528 3460 multum
1574 3393 1906 3478 fefellisse,
1952 3395 2125 3478 quod
2162 3396 2296 3460 exi-

259 3481 547 3546 stimaris
603 3503 708 3546 me
763 3503 1028 3548 causam
1082 3485 1160 3548 A.
1215 3481 1475 3549 Cluenti
1526 3503 1661 3548 non
1716 3483 1892 3548 facto
1948 3485 2113 3566 eius,
2180 3484 2294 3549 sed
