2534 3875
381 197 515 265 390
970 200 1114 255 PRO
1154 181 1216 255 1'..
1254 199 1536 255 FLAoco
1578 199 1869 256 oRA‘rm.

515 342 684 419 Quid
728 366 882 411 vero
927 343 1300 411 Decianus?

514 430 1008 561 Utinasssessess
1052 434 1313 520 proprie
1361 435 1531 498 mea!
1600 431 1879 497 Senatus
1924 431 2127 517 igitur
2174 446 2433 517 magna

382 541 459 585 ex
504 524 973 693 II))air,¹;einquam,
1019 610 1458 675 immortales!
1548 609 1898 674 Lentulum
1925 604 2045 650 *²¹²*

835 749 1331 815 FRAGMENTUM
1378 748 1959 815 MEmonANENsss.

518 870 638 915 *³¹³*
669 878 1006 938 externum
1061 896 1209 941 cum
1266 874 1621 940 domestica
1666 876 1805 938 vita
1850 877 2214 958 naturaque
2262 896 2417 938 con·
2442 887 2466 928 ⁵

385 967 608 1029 staret.
672 961 904 1047 Itaque
940 984 1074 1026 non
1110 963 1343 1047 patiar,
1379 962 1459 1027 D.
1494 962 1697 1046 Laeli,
1732 966 1799 1027 te
1837 962 1963 1027 tibi
1999 963 2123 1028 hoc
2159 983 2417 1026 sumere

385 1055 582 1135 atque
644 1050 814 1115 hanc
879 1050 1112 1115 ceteris
1175 1053 1244 1116 in
1308 1055 1671 1135 posterum,
1734 1050 1926 1148 nobis
1980 1050 2052 1115 in
2103 1072 2417 1135 praesens

383 1142 644 1224 tempus
680 1139 896 1224 legem
942 1139 1512 1223 condicionemque
1540 1136 1663 1179 *³⁸*

519 1226 682 1291 Cum
730 1227 1238 1292 adulescentiam
1283 1228 1553 1312 notaris,
1600 1250 1749 1293 cum
1792 1226 2117 1311 reliquum
2151 1229 2416 1310 tempus

387 1314 624 1380 aetatis
679 1315 1106 1400 turpitudinis
1162 1316 1438 1381 maculis
1487 1315 1950 1400 consperseris,
2006 1336 2155 1381 cum
2200 1316 2416 1399 priva·
2442 1330 2488 1369 10

384 1406 601 1468 tarum
646 1425 865 1469 rerum
911 1404 1160 1487 ruinas,
1215 1427 1362 1470 cum
1410 1404 1797 1470 domesticas
1843 1403 2054 1487 labes,
2112 1424 2264 1469 cum
2313 1426 2419 1467 ur-

383 1491 623 1557 banam
687 1492 1051 1577 infamiam,
1123 1515 1267 1558 cum
1332 1491 1719 1595 Hispaniae,
1784 1490 2067 1573 Galliae,
2132 1490 2419 1573 Ciliciae,

387 1578 633 1665 Cretae,
671 1580 906 1666 quibus
951 1582 1021 1645 in
1066 1581 1421 1663 provinciis
1465 1602 1599 1647 non
1644 1581 1914 1646 obscure
1953 1584 2251 1645 versatus
2300 1583 2418 1660 est,

384 1667 547 1733 vitia
584 1673 651 1733 et
685 1668 940 1755 flagitia
975 1669 1349 1753 protuleris,
1390 1672 1531 1733 tum
1569 1668 1861 1753 denique,
1899 1669 2053 1752 quid
2087 1666 2417 1731 Tmolitae

385 1761 453 1821 et
486 1756 840 1841 Lorymeni
877 1757 956 1821 de
982 1756 1054 1821 L.
1083 1757 1316 1823 Flacco
1354 1756 1748 1841 existiment,
1786 1757 2140 1821 audiemus·
2204 1754 2411 1831 Quem
2443 1769 2487 1810 15

383 1867 538 1910 vero
577 1849 684 1910 tot
718 1849 857 1910 tam
889 1867 1249 1930 gravesque
1279 1846 1649 1931 provinciae
1676 1846 1926 1910 salvum
1958 1866 2101 1909 esse
2128 1844 2419 1928 cupiant,

384 1957 574 2018 quem
638 1934 905 2019 plurimi
968 1934 1138 1999 cives
1202 1939 1351 2001 tota
1414 1957 1492 2000 ex
1546 1933 1744 1999 Italia
1797 1932 2077 1999 devincti
2132 1933 2416 1998 necessi-

383 2023 608 2096 tudine
663 2044 738 2088 ac
792 2026 1122 2088 vetustate
1168 2022 1549 2107 defendant,
1603 2044 1795 2108 quem
1840 2023 2004 2088 haec
2048 2021 2415 2087 communis

381 2115 683 2177 nostrum
721 2111 1011 2177 omnium
1048 2111 1267 2196 patria
1302 2116 1571 2196 propter
1597 2114 1925 2176 recentem
1954 2109 2193 2174 summi
2224 2110 2413 2174 bene-

381 2199 515 2264 ficii
581 2200 964 2264 memoriam
1020 2201 1361 2284 complexa
1416 2202 1663 2283 teneat,
1726 2199 1898 2264 hunc
1956 2198 2213 2263 etiamsi
2271 2201 2415 2264 tota
2439 2212 2483 2251 ²⁰

384 2285 546 2353 Asia
623 2286 917 2372 deposcit
989 2286 1071 2352 ad
1146 2287 1567 2373 supplicium,
1647 2287 2013 2370 defendam,
2086 2285 2412 2350 resistam.

385 2373 594 2450 Quid?
652 2378 709 2441 si
761 2398 969 2461 neque
1029 2379 1174 2440 tota
1227 2398 1435 2460 neque
1483 2376 1733 2459 optima
1776 2396 1983 2460 neque
2030 2373 2415 2458 incorrupta

383 2484 591 2549 neque
650 2486 768 2528 sua
827 2468 1064 2549 sponte
1121 2486 1241 2528 nec
1297 2465 1437 2529 iure
1496 2486 1616 2530 nec
1674 2485 1855 2529 more
1912 2484 2033 2528 nec
2086 2483 2240 2527 vere
2298 2483 2413 2526 nec

384 2551 708 2653 religiose
732 2573 852 2617 nec
895 2553 1170 2654 integre,
1214 2552 1274 2617 si
1318 2552 1598 2638 inpulsa,
1644 2552 1702 2616 si
1744 2550 2120 2633 sollicitata,
2166 2550 2225 2614 si
2263 2572 2411 2616 con-

383 2639 611 2723 citata,
657 2640 714 2704 si
759 2645 1001 2723 coacta,
1049 2642 1105 2705 si
1149 2641 1366 2724 impie,
1412 2639 1469 2705 si
1513 2643 1776 2721 temere,
1820 2640 1879 2705 si
1923 2639 2170 2724 cupide,
2214 2637 2277 2704 si
2322 2638 2411 2702 in-
2433 2650 2474 2691 2⁵

384 2731 762 2793 constanter
825 2750 1062 2794 nomen
1124 2750 1316 2794 suum
1384 2728 1567 2793 misit
1623 2728 1693 2792 in
1743 2729 1869 2794 hoc
1922 2726 2233 2792 iudicium
2296 2747 2411 2812 per

383 2815 841 2917 egentissimos
895 2821 1131 2901 testes,
1183 2818 1330 2901 ipsa
1386 2821 1604 2881 autem
1657 2815 1827 2881 nihil
1883 2815 2066 2900 queri
2122 2836 2276 2880 vere
2332 2813 2408 2878 de

380 2902 638 2969 iniuriis
674 2908 910 2987 potest,
947 2909 1271 2990 tamenne,
1306 2905 1566 2989 iudices,
1601 2904 1763 2971 haec
1798 2904 1882 2969 ad
1918 2905 2114 2969 breve
2149 2906 2409 2987 tempus

383 2993 605 3057 audita
667 2992 1013 3079 longinqui
1073 2995 1391 3080 temporis
1454 2994 1866 3079 cognitarum
1929 3013 2150 3059 rerum
2212 2991 2407 3055 fidem

383 3081 832 3166 derogabant?
933 3081 1193 3147 Tenebo
1256 3081 1463 3168 igitur
1514 3081 1687 3147 hunc
1741 3080 2035 3146 ordinem
2088 3077 2406 3160 defensor,
2430 3091 2480 3132 30

381 3191 574 3254 quem
618 3169 793 3256 fugit
836 3170 1154 3253 inimicus,
1200 3174 1269 3234 et
1314 3172 1755 3236 accusatorem
1798 3169 2046 3253 urgebo
2085 3172 2279 3252 atque
2315 3166 2405 3230 in·

381 3279 617 3342 sequar
663 3265 729 3321 et
773 3258 950 3323 ultro
997 3258 1242 3323 crimen
1290 3258 1373 3322 ab
1420 3258 1793 3323 adversario
1838 3257 2175 3343 flagitabo.
2238 3252 2404 3330 Quid

381 3348 500 3429 est,
535 3344 768 3410 Laeli?
806 3367 964 3410 num
1002 3345 1156 3429 quid
1193 3367 1313 3410 ea.
1434 3345 1590 3430 ,qui
1624 3345 1882 3430 quidem
1917 3366 2052 3410 non
2078 3344 2149 3408 in
2174 3342 2404 3407 umbra

378 3453 589 3517 neque
643 3433 713 3496 in
767 3433 946 3497 illius
993 3434 1230 3498 aetatis
1279 3433 1641 3518 disciplinis
1687 3433 2064 3517 artibusque
2107 3433 2402 3497 versatus

377 3521 526 3584 est‘?
615 3519 878 3585 Etenim
936 3543 1098 3606 puer
1154 3543 1303 3586 cum
1347 3525 1534 3607 patre
1581 3521 1846 3587 consule
1884 3521 1967 3586 ad
2010 3520 2256 3586 bellum
2302 3519 2402 3581 est
2426 3529 2476 3570 ³5
