2534 3875
824 172 979 230 cAP.
1018 180 1228 230 33-35
1266 181 1298 242 s
1337 181 1565 233 87—94.
2067 178 2196 243 491

164 319 397 385 sceleri
443 319 849 385 restitissem.
932 317 1057 385 Sed
1101 319 1433 404 publicam
1481 341 1744 386 causam
1789 326 2022 387 contra
2065 323 2200 388 vim

166 411 489 473 armatam
546 408 685 472 sine
738 407 1001 492 publico
1058 407 1384 492 praesidio
1432 408 1758 494 suscipere
1803 410 2012 488 nolui,
2065 432 2198 476 non

164 517 293 581 quo
331 496 494 560 mihi
519 495 591 561 P.
622 495 959 581 ScipioniS,
992 495 1338 561 fortissimi
1375 495 1515 579 viri,
1552 496 1650 561 vis
1679 497 1748 560 in
1775 495 1872 562 Ti.
1902 497 2199 582 Graeclam

162 584 408 668 privati
454 585 765 668 hominis,
810 583 1199 668 displiceret,
1247 583 1362 648 sed
1407 582 1727 669 Scipionis
1773 585 2022 653 factum
2069 591 2198 652 sta·
2275 621 2284 628 ·

106 690 134 730 5
162 673 287 736 tim
342 671 416 738 P.
468 671 724 738 Mucius
787 672 1042 755 consul,
1105 674 1216 756 qui
1281 673 1351 736 in
1416 673 1698 759 gerenda
1751 695 1821 738 re
1879 674 2194 760 [publiea]

7 767 9 828 J
162 761 524 845 putabatur
590 761 793 826 fuisse
850 761 1140 846 segnior,
1204 766 1394 846 gesta
1450 761 1674 826 multis
1731 766 1996 827 senatus
2051 784 2197 828 con-

163 849 357 914 sultis
402 871 536 914 non
581 850 774 915 modo
814 848 1115 932 defendit,
1161 849 1275 914 sed
1313 851 1511 914 etiam
1551 849 1838 934 ornavit3
1884 850 2046 915 mihi
2084 856 2197 916 aut

162 941 233 1002 te
278 936 622 1003 interfecto
670 960 817 1004 cum
865 937 1239 1002 consulibus
1287 942 1402 1002 aut
1445 942 1512 1003 te
1557 937 1708 1004 vivo
1757 942 1826 1003 et
1867 942 2085 1004 tecum
2131 944 2196 1004 et

164 1047 311 1091 cum
358 1026 493 1090 illis
541 1026 740 1090 armis
788 1024 1244 1090 decertandum
1289 1025 1435 1090 fuit.
1516 1025 1730 1091 Erant
1777 1048 1853 1092 eo
1898 1031 2196 1113 tempore
2232 1045 2302 1094 92

82 1133 136 1173 ιο
164 1114 374 1180 multa
427 1114 627 1179 etiam
683 1113 815 1180 alia
869 1114 1240 1198 metuenda3
1299 1114 1383 1178 ad
1439 1135 1659 1180 servos
1707 1115 1956 1180 medius
2004 1115 2194 1181 fidius

162 1224 268 1268 res
303 1203 567 1287 publica
602 1202 921 1286 venisset3
964 1205 1225 1266 tantum
1260 1201 1559 1268 homines
1595 1203 1832 1288 impios
1871 1225 1949 1268 ex
1977 1208 2193 1269 vetere

162 1291 283 1356 illa
337 1291 781 1356 coniuratione
834 1291 1124 1356 inustum
1179 1290 1450 1355 nefariis
1497 1291 1826 1357 mentibus
1873 1292 2224 1358 bonorum·

164 1379 385 1444 odium
431 1380 715 1444 tenebat.

295 1466 423 1534 Hic
456 1472 530 1531 tu
571 1489 676 1532 me
712 1468 910 1533 etiam
950 1467 1224 1553 gloriari
1258 1471 1470 1550 vetas3
1506 1486 1710 1552 negas
1739 1488 1883 1531 esse
1907 1467 2193 1552 ferenda,

82 1575 135 1616 15
165 1577 331 1640 quae
390 1557 634 1622 soleam
689 1555 769 1620 de
825 1577 927 1620 me
981 1555 1384 1639 praedicare,
1439 1558 1507 1620 et
1560 1554 1758 1620 homo
1801 1555 2054 1620 facetus
2101 1557 2193 1620 in-

164 1645 342 1710 ducis
416 1645 616 1709 etiam
689 1665 1052 1710 sermonem
1116 1644 1438 1708 urbanum
1504 1664 1580 1708 ac
1643 1647 2017 1722 venustum,
2092 1666 2192 1708 me

164 1732 375 1799 dicere
449 1734 656 1799 solere
732 1753 873 1797 esse
937 1753 1042 1796 me
1104 1732 1356 1815 Iovem,
1430 1730 1830 1816 eundemque
1895 1731 2193 1797 dictitare

160 1821 521 1886 Minervam
587 1842 727 1886 esse
794 1842 1084 1886 sororem
1148 1841 1378 1885 meam.
1488 1819 1640 1885 Non
1702 1823 1837 1884 tam
1903 1820 2192 1885 insolens

1 1982 3 1985 ,
166 1933 335 1993 sum,
408 1910 576 1995 quod
641 1909 866 1976 Iovem
931 1931 1072 1975 esse
1136 1931 1241 1975 me
1308 1908 1480 1993 dico,
1555 1929 1750 1993 quam
1811 1907 2193 1992 inerudituS,

80 2019 135 2058 20
164 2000 338 2083 quod
406 1998 769 2065 Minervam
841 2019 1130 2064 sororem
1202 1998 1378 2063 Iovis
1458 2019 1599 2063 esse
1675 1996 2001 2081 existim03
2079 1962 2193 2062 sed

163 2093 384 2151 tamen
440 2108 563 2173 ego
610 2086 771 2152 mihi
816 2108 1108 2152 sororem
1152 2086 1477 2172 virginem
1524 2084 1841 2167 adsciscO,
1895 2090 1998 2149 tu
2019 2108 2191 2152 soro-

163 2196 303 2238 rem
356 2179 540 2239 tuam
595 2175 914 2260 virginem
970 2196 1111 2240 esse
1154 2196 1290 2240 non
1335 2174 1499 2239 sisti.
1592 2171 1716 2238 Sed
1761 2172 1936 2257 vide,
1989 2196 2072 2239 ne
2117 2178 2192 2239 tu

164 2268 233 2327 te
280 2263 491 2327 soleas
536 2262 757 2328 Iovem
796 2263 1043 2347 ducere,
1090 2263 1263 2346 quod
1299 2267 1374 2326 tu
1409 2262 1552 2326 iure
1590 2262 1859 2326 eandem
1900 2283 2189 2327 sororem

166 2354 233 2415 et
286 2372 554 2416 uxorem
612 2351 937 2435 appellare
992 2350 1225 2436 possis.
1318 2350 1408 2414 Et
1455 2350 1764 2433 quoniam
1809 2348 1934 2414 hoc
1978 2372 2188 2436 repre·
2213 2330 2298 2458 ἓξ)

82 2459 136 2501 25
163 2440 412 2523 hendis,
456 2439 629 2523 quod
675 2439 882 2504 solere
928 2462 1032 2503 me
1081 2438 1255 2504 dicas
1305 2437 1382 2502 de
1428 2460 1530 2502 me
1576 2437 1789 2522 ipsum
1838 2408 2296 2541 gloriosius-,⁹3

161 2528 554 2613 praedicare,
598 2527 745 2611 quis
795 2549 1100 2612 umquam
1138 2526 1407 2605 audivit,
1453 2548 1599 2591 cum
1647 2546 1770 2612 ego
1807 2525 1886 2591 de
1922 2547 2026 2591 me
2062 2528 2191 2593 nisi

164 2622 423 2683 coactus
480 2638 554 2682 ac
608 2616 971 2681 necessario
1019 2615 1346 2680 dicerem?
1437 2613 1639 2693 Nam,
1694 2615 1777 2699 si,
1835 2637 1984 2681 cum
2028 2616 2191 2680 mihi

163 2705 353 2789 furta,
399 2704 804 2790 largitiones,
849 2704 1152 2769 libidines
1199 2702 1591 2786 obiciuntur,
1635 2722 1757 2788 ego
1796 2704 2190 2788 respondere

165 2794 338 2859 soleo
386 2792 547 2857 meis
594 2792 912 2877 consiliis,
958 2791 1290 2877 pericu11S,
1335 2791 1670 2857 laboribus
1715 2791 1998 2875 patriam
2047 2814 2190 2857 esse

84 2900 139 2941 30
166 2885 507 2965 servatam,
552 2902 683 2945 non
727 2884 869 2945 tam
914 2902 1058 2945 sum
1104 2878 1572 2944 existimandus
1621 2880 1698 2945 de
1745 2881 1948 2965 gestis
1995 2881 2188 2945 rebus

165 2969 433 3054 gloriari
478 2990 673 3054 quam
721 2969 796 3033 de
843 2967 1113 3033 obiectis
1160 2968 1472 3033 confiteri.
1546 2966 1689 3051 Sed,
1735 2968 1793 3032 si
1839 2967 2002 3031 mihi
2039 2972 2189 3033 ante

163 3058 323 3122 haec
387 3058 735 3123 durissima
798 3056 891 3121 rei
955 3055 1253 3141 publicae
1309 3060 1606 3141 tempora
1659 3055 1826 3120 nihil
1881 3077 2189 3139 umquam

164 3144 337 3211 aliud
384 3145 712 3211 obiectum
759 3148 860 3209 est
894 3144 1019 3209 nisi
1061 3144 1412 3210 crudelitas
1451 3145 1587 3209 eius
1625 3145 1816 3209 unius
1854 3144 2189 3227 temporiS,

164 3256 308 3299 cum
355 3256 395 3298 a
440 3233 655 3316 patria
698 3233 1048 3319 perniciem
1097 3233 1341 3317 depuli,
1397 3232 1594 3317 quid?
1650 3254 1752 3296 me
1798 3230 1949 3295 huic
1995 3230 2190 3297 male·

88 3340 140 3381 35
168 3322 337 3388 dicto
403 3326 624 3386 utrum
687 3344 821 3387 non
879 3322 1269 3406 respondere
1327 3342 1412 3385 an
1469 3320 1744 3385 demisse
1799 3319 2188 3404 respondere

168 3410 421 3477 decuit?
485 3410 632 3497 Ego
678 3432 832 3477 vero
879 3410 1075 3476 etiam
1110 3410 1207 3475 rei
1243 3408 1546 3494 publicae
1585 3428 1842 3492 semper
1877 3406 2188 3474 interesse
2227 3426 2298 3475 94

165 3500 391 3583 putavi
436 3520 542 3564 me
576 3499 757 3565 illius
794 3499 1213 3585 pulcherrimi
1246 3497 1427 3582 facti,
1475 3497 1645 3581 quod
1683 3518 1760 3561 ex
1799 3497 2188 3563 auctoritate
