2534 3875
297 163 429 226 284
782 161 862 216 IN
897 161 956 217 L.
996 161 1400 216 CATILINAM
1438 159 1704 216 ORATIO
1742 161 1838 214 111.

296 308 539 390 sioneS,
594 327 727 371 non
781 307 994 371 solum
1050 327 1185 386 eaS,
1240 327 1403 390 quas
1451 305 1724 369 audistis
1735 355 1753 388 ,
1809 303 1922 368 sed
1967 325 2104 388 eas,
2159 327 2328 388 quas

296 398 551 460 vosmet
612 394 740 479 ipsi
809 393 1193 458 meministis
1258 397 1454 477 atque
1516 393 1791 458 vidistis
1895 391 1963 458 L.
2012 391 2196 456 Sulla
2251 391 2328 457 P.

298 481 656 566 Sulpicium
692 481 1017 566 oppressit
1058 481 1273 561 [eiecit
1311 503 1386 545 ex
1423 481 1640 564 urbe];
1671 479 1736 545 O.
1764 480 2062 562 Marium,
2107 483 2329 545 custo-

297 570 442 635 dem
486 569 679 634 huius
726 570 935 648 urbis,
982 571 1351 653 multosque
1397 569 1588 634 fortis
1633 569 1808 633 viros
1851 569 2092 652 partim
2131 568 2329 633 eiecit

297 680 374 723 ex
442 658 730 738 civitate,
794 659 1036 743 partim
1102 657 1452 723 interemit.
1560 655 1675 721 Cn.
1721 655 2030 721 Octavius
2093 657 2397 721 consuls

296 746 494 811 armis
531 746 779 829 expulit
816 767 892 810 ex
932 745 1090 810 urbe
1138 747 1482 829 collegam3
1528 744 1737 810 omnis
1782 744 1890 808 hic
1925 745 2107 809 locus
2145 767 2328 810 acer-

296 836 395 898 vis
434 855 777 917 corporum
818 837 885 897 et
911 832 1149 897 civium
1180 834 1494 918 sanguine
1521 832 1921 897 redundavit.
1978 830 2330 917 Superavit

295 926 528 1006 postea
582 921 789 986 Cinna
834 943 979 986 cum
1025 920 1265 1002 Marior,
1321 925 1463 984 tum
1518 943 1668 985 vero
1725 920 2106 985 clarissimis
2161 921 2326 985 viris

296 1009 657 1074 interfectis
720 1009 968 1074 lumina
1022 1009 1308 1074 civitatis
1375 1009 1657 1074 extincta
1711 1012 1880 1074 sunt.
1974 1007 2164 1074 Ultus
2221 1015 2327 1073 est

296 1099 487 1162 huius
561 1097 869 1162 victoriae
944 1096 1394 1162 crudelitatem
1465 1101 1698 1181 postea
1761 1095 1968 1180 Sulla3
2039 1118 2121 1161 ne
2195 1096 2326 1161 dici
2361 1114 2430 1152 10

300 1184 555 1268 quidem
594 1206 757 1269 opus
795 1188 913 1268 est,
951 1188 1195 1269 quanta
1230 1184 1665 1250 deminutione
1703 1185 1938 1250 civium
1975 1187 2042 1248 et
2079 1189 2328 1268 quanta

298 1273 672 1338 calamitate
717 1273 811 1337 rei
855 1274 1172 1357 publicae.
1236 1273 1564 1337 Dissensit
1590 1272 1676 1337 M.
1703 1272 1984 1357 Lepidus
2023 1295 2064 1336 a
2099 1273 2324 1338 claris-

298 1362 464 1426 simo
521 1365 588 1426 et
638 1361 996 1426 fortissimo
1053 1361 1220 1441 vir0‚
1277 1359 1349 1436 Q.
1397 1359 1660 1444 Catu103
1715 1362 1942 1425 attulit
1996 1382 2128 1426 non
2181 1366 2325 1424 tam

297 1449 502 1534 ipsius
557 1449 859 1513 interitus
914 1450 1010 1514 rei
1054 1449 1355 1533 publicae
1402 1449 1650 1514 luctum
1697 1471 1890 1534 quam
1938 1453 2324 1514 ceterorum.

193 1554 260 1602 25
300 1538 514 1621 Atque
560 1538 715 1601 illae
753 1542 974 1602 tamen
1011 1559 1232 1605 omnes
1272 1537 1704 1602 dissensiones
1744 1541 1930 1602 erant
1965 1537 2102 1601 eius
2141 1537 2323 1601 modi
2354 1553 2418 1594 1⁵

301 1624 661 1708 [Quirites],
691 1648 852 1711 quae
881 1648 1014 1691 non
1042 1625 1122 1689 ad
1153 1624 1505 1708 delendam,
1545 1625 1656 1689 sed
1685 1626 1767 1690 ad
1795 1625 2324 1691 commutandam

298 1736 437 1778 rem
464 1713 797 1798 publicam
824 1714 1241 1798 pertinerent.
1286 1711 1438 1777 Non
1465 1713 1566 1777 illi
1591 1714 1842 1777 nullam
1873 1734 2012 1777 esse
2039 1735 2174 1778 rem
2203 1735 2328 1796 pu-

299 1802 557 1885 blicam,
609 1801 721 1866 sed
756 1802 824 1864 in
864 1823 955 1884 ea,
1007 1823 1171 1885 quae
1208 1805 1396 1885 esset,
1449 1823 1520 1865 se
1556 1822 1695 1866 esse
1731 1801 2071 1886 principes,
2109 1823 2326 1885 neque

298 1890 465 1955 hanc
492 1891 723 1955 urbem
752 1890 1171 1974 conflagrare,
1210 1889 1324 1954 sed
1353 1911 1421 1955 se
1449 1889 1518 1953 in
1547 1889 1672 1955 hac
1694 1891 1854 1955 urbe
1881 1889 2110 1956 florere
2139 1891 2324 1955 volu-

302 1982 507 2043 erunt.
578 1978 797 2061 Atque
845 1978 1000 2042 illae
1038 1982 1259 2042 tamen
1298 2000 1520 2043 omnes
1560 1978 2008 2061 dissensioneS,
2045 2000 2322 2063 quarum
2354 1996 2415 2035 20

298 2068 478 2131 nulla
498 2067 765 2131 exitium
794 2067 887 2129 rei
906 2066 1204 2151 publicae
1224 2067 1562 2149 quaesivit,
1591 2066 1726 2130 eius
1746 2066 1922 2131 modi
1939 2066 2218 2149 fuerunt,
2246 2070 2325 2130 ut

298 2176 431 2219 non
466 2154 990 2219 reconciliatione
1028 2154 1423 2237 concordiae,
1461 2154 1573 2218 sed
1609 2154 2042 2219 internecione
2080 2153 2321 2219 civium

300 2242 688 2307 diiudicatae
752 2243 903 2307 sint.
992 2240 1070 2306 In
1124 2242 1249 2305 hoc
1309 2245 1526 2305 autem
1584 2265 1711 2307 uno
1772 2247 1924 2326 post
1981 2242 2321 2306 hominum

299 2332 680 2395 memoriam
719 2330 1001 2395 maximo
1030 2329 1600 2415 crudelissimoque
1629 2331 1818 2413 bello,
1855 2331 2046 2414 quale
2073 2330 2321 2395 bellum

298 2420 481 2482 nulla
531 2440 835 2502 umquam
877 2418 1183 2483 barbaria
1224 2440 1371 2482 cum
1418 2439 1534 2481 sua
1576 2423 1769 2502 gente
1811 2419 2028 2502 gessit,
2077 2439 2204 2502 quo
2246 2420 2316 2482 in
2349 2434 2406 2475 2⁵

300 2507 476 2570 bello
504 2507 608 2569 lex
644 2506 803 2569 haec
840 2505 964 2569 fuit
1004 2527 1042 2568 a
1067 2504 1366 2589 LentuIO,
1403 2504 1703 2588 Catilina,
1741 2504 2049 2591 Cethego,
2087 2505 2317 2572 Cassio

299 2593 673 2675 constituta,
706 2597 780 2657 ut
818 2615 1060 2676 omneS‚
1098 2594 1206 2675 qui
1244 2594 1428 2657 salva
1465 2596 1623 2659 urbe
1659 2595 1824 2659 salvi
1863 2616 2003 2658 esse
2029 2599 2320 2679 possent,

300 2681 369 2744 in
413 2681 699 2745 hostium
743 2702 1014 2745 numero
1059 2680 1458 2764 ducerentur,
1503 2682 1600 2746 ita
1636 2704 1737 2747 me
1775 2682 1968 2766 gessi,
2013 2680 2319 2765 Quirites,

300 2772 374 2832 ut
421 2768 589 2833 salvi
634 2790 859 2833 omnes
908 2770 1476 2853 conservaremini,
1523 2774 1614 2853 et,
1661 2792 1806 2835 cum
1849 2770 2070 2835 hostes
2116 2771 2319 2835 vestri

300 2859 558 2920 tantum
612 2856 846 2921 civium
904 2856 1386 2941 superfuturum
1443 2861 1802 2943 putassent,
1858 2862 2170 2942 quantum
2223 2860 2318 2922 in·
2347 2877 2405 2916 80

298 2944 521 3008 finitae
566 2944 745 3009 caedi
790 2946 1155 3029 restitisset,
1201 2950 1459 3010 tantum
1507 2950 1723 3010 autem
1759 2946 1955 3027 urbis,
2002 2950 2317 3030 quantum

299 3032 562 3097 flamma
586 3032 796 3097 -obire
847 3055 980 3098 non
1034 3035 1388 3118 potuisset,
1443 3037 1507 3098 et
1552 3035 1779 3098 urbem
1833 3037 1900 3099 et
1950 3034 2108 3099 civis
2151 3034 2318 3099 inte·

197 3170 274 3233 11
303 3142 457 3207 gros
501 3120 983 3206 incolumesque
1030 3123 1299 3187 servavi.

193 3247 263 3295 ‘26
434 3208 681 3285 Quibus
734 3231 854 3295 pro
908 3210 1113 3275 tantis
1174 3210 1367 3274 rebus
1377 3260 1394 3291 ,
1450 3208 1758 3293 Quirites,
1809 3211 2062 3275 nullum
2107 3232 2230 3297 ego
2279 3234 2320 3275 a

299 3298 485 3362 vobis
533 3298 891 3382 praemium
938 3296 1219 3380 virtutis,
1264 3297 1516 3362 nullum
1553 3297 1810 3384 insigne
1846 3298 2132 3381 honoris,
2174 3300 2318 3363 nul·
2346 3316 2400 3357 35

298 3385 433 3449 lum
498 3391 983 3451 monumentum
1043 3384 1254 3449 laudis
1308 3386 1572 3470 postulo
1617 3391 2070 3472 praeterquam
2123 3386 2318 3451 huius

300 3472 425 3536 diei
480 3474 857 3539 memoriam
912 3474 1388 3557 sempiternam.
1478 3472 1555 3539 In
1613 3474 1848 3539 animis
1909 3496 2031 3561 ego
2078 3474 2318 3540 vestris
