2534 3875
348 111 481 177 498
531 179 535 182 ,
636 112 733 166 DE
772 110 979 166 DOMO
1018 110 1159 166 SUA
1194 109 1296 164 AD
1332 107 1758 165 PONTIFICES
1797 107 2085 164 ORATIO.

353 257 609 341 quidem
665 259 766 320 est
821 277 939 338 aps
986 258 1052 318 te
1101 253 1412 318 dedicata.
1505 251 1872 338 ‘Libertas',
1914 252 2154 336 inquit,
2209 249 2382 318 ‘est'

350 345 517 410 Eam
574 349 648 409 tu
702 344 908 428 igitur
964 343 1139 407 domi
1187 364 1370 406 meae
1425 341 1793 425 collocasti,
1849 362 2043 426 quam
2090 363 2169 404 ex
2213 340 2384 405 urbe

351 438 496 499 tota
534 432 906 497 sustulisti?
971 431 1069 496 Tu
1099 453 1245 496 cum
1275 431 1559 514 collegas
1587 436 1737 495 tuos
1765 451 2018 494 summa
2043 431 2384 512 potestate

352 521 677 607 praeditos
732 540 1005 606 negares
1061 519 1304 584 liberos
1361 540 1530 601 esse,
1583 540 1729 582 cum
1775 518 1844 582 in
1886 518 2212 602 templum
2260 515 2386 582 Ca·

353 611 551 675 storis
609 609 823 674 aditus
880 611 1052 673 esset
1106 609 1372 691 apertus
1418 603 1690 691 nemini,
1745 628 1888 672 cum
1936 606 2108 671 hunc
2152 606 2380 671 claris·
2412 621 2438 660 ⁵

354 699 590 763 simum
645 697 859 762 virum
914 718 1165 761 summo
1222 716 1457 780 genere
1510 700 1766 776 natum,
1822 694 2093 759 summis
2144 693 2386 778 populi

354 785 679 851 beneficiis
726 807 933 869 usum,
978 784 1350 868 pontificem
1400 786 1465 848 et
1511 784 1916 849 consularem
1954 787 2022 847 et
2057 781 2388 867 singulari

357 874 644 939 bonitate
710 878 775 938 et
839 873 1156 938 modestia
1216 872 1610 957 praeditum,
1675 893 1867 956 quem
1931 871 2094 936 satis
2147 871 2387 936 mirari

354 964 589 1048 quibus
637 962 839 1027 oculis
887 961 1175 1045 aspicere
1222 962 1461 1024 audeas
1508 982 1638 1024 non
1688 982 1871 1044 queo,
1918 959 2221 1025 audiente
2268 981 2384 1043 po-

353 1053 507 1135 pulo
560 1051 854 1115 Romano
920 1072 959 1113 a
1020 1048 1391 1133 pedisequis
1455 1049 1822 1114 conculcari
1883 1048 2166 1131 iubereS,
2232 1070 2383 1112 cum
2412 1063 2457 1100 1⁰

353 1139 799 1204 indemnatum
863 1157 959 1201 me
1012 1137 1391 1202 exturbares
1450 1137 1816 1222 privilegiis
1868 1135 2227 1220 tyrannicis
2285 1137 2384 1200 in-

353 1229 603 1312 rogatis
612 1277 631 1310 ,
686 1248 832 1290 cum
884 1225 1246 1310 principem
1302 1225 1480 1289 orbis
1535 1229 1746 1289 terrae
1802 1224 2010 1289 virum
2057 1225 2383 1290 inclusum

356 1315 531 1379 domi
588 1316 979 1398 contineres,
1043 1336 1188 1378 cum
1242 1313 1454 1378 forum
1513 1313 1782 1377 armatis
1838 1313 2114 1378 catervis
2170 1313 2383 1397 perdi-

354 1408 571 1468 torum
617 1402 956 1466 hominum
1002 1401 1395 1486 possideres,
1441 1400 1794 1466 Libertatis
1843 1401 2267 1466 simulacrum
2314 1401 2380 1464 in

357 1513 434 1556 ea
487 1491 678 1556 domo
736 1489 1129 1574 collocabaS,
1185 1511 1351 1574 quae
1408 1489 1636 1555 domus
1692 1493 1834 1554 erat
1877 1491 2022 1573 ipsa
2065 1489 2380 1554 indicium
2409 1503 2453 1544 1⁵

358 1579 787 1646 crudelissimi
814 1578 911 1642 tui
939 1579 1308 1643 dominatus
1338 1582 1402 1641 et
1431 1578 1832 1643 miserrimae
1852 1577 2078 1662 populi
2097 1577 2382 1643 Romani

250 1667 732 1734 111servitutis‘?
841 1666 1094 1731 Eumne
1156 1667 1572 1751 potissimum
1637 1665 1936 1731 Libertas
2001 1666 2194 1730 domo
2263 1688 2382 1732 sua

360 1757 584 1821 debuit
620 1756 881 1839 pellere,
919 1755 1029 1840 qui
1065 1755 1193 1819 nisi
1227 1754 1479 1833 fuisset,
1516 1755 1585 1818 in
1614 1776 1949 1819 servorum
1976 1758 2380 1837 potestatem

251 1823 339 1888 43
405 1845 635 1909 civitas
672 1847 815 1907 tota
853 1843 1180 1908 venisset?
1244 1841 1339 1906 At
1374 1843 1542 1907 unde
1581 1846 1680 1907 est
1707 1843 1970 1908 inventa
1999 1843 2130 1908 ista
2157 1842 2378 1908 Liber-

254 1898 553 1997 (¹¹I)tas‘?
627 1929 931 2007 Quaesivi
977 1933 1148 1997 enim
1196 1931 1561 2017 diligenter.
1635 1930 2016 2017 Tanagraea
2062 1932 2374 2015 quaedam
2405 1946 2450 1985 2⁰

361 2020 663 2087 meretrix
724 2019 923 2085 fuisse
979 2020 1231 2085 dicitur.
1331 2020 1492 2084 Eius
1547 2042 1678 2085 non
1732 2021 1928 2105 longe
1983 2043 2022 2085 a
2077 2019 2380 2107 Tanagra

361 2111 777 2175 simulacrum
819 2131 853 2172 e
891 2130 1211 2172 marmore
1248 2107 1318 2172 in
1357 2108 1653 2193 sepulcro
1692 2108 1978 2193 positum
2017 2109 2162 2173 fuit.
2236 2110 2377 2174 Hoc

361 2199 620 2284 quidam
684 2197 879 2261 homo
942 2196 1183 2261 nobilis
1246 2218 1378 2261 non
1437 2196 1687 2260 alienus
1748 2197 1831 2262 ab
1892 2197 2016 2262 hoc
2071 2197 2378 2282 religioso

359 2284 711 2351 Libertatis
750 2285 1082 2350 sacerdote
1119 2285 1201 2350 ad
1238 2288 1542 2349 ornatum
1579 2285 1936 2350 aedilitatis
1973 2306 2128 2350 suae
2157 2286 2376 2372 depor-

360 2376 547 2439 tavit.
653 2373 914 2437 Etenim
988 2372 1313 2459 cogitarat
1375 2387 1596 2438 omnes
1663 2374 2026 2458 superiores
2093 2376 2375 2439 muneris
2403 2388 2447 2429 2⁵

362 2462 698 2547 splendore
738 2483 1059 2545 superare.
1123 2462 1352 2546 Itaque
1382 2461 1600 2526 omnia
1627 2463 1834 2547 signa,
1873 2463 2153 2546 tabulaS,
2192 2484 2374 2528 orna-

360 2554 725 2614 mentorum
767 2550 938 2632 quod
976 2549 1295 2633 superfuit
1330 2549 1395 2613 in
1436 2549 1606 2614 fanis
1645 2554 1712 2613 et
1740 2550 2192 2615 communibus
2222 2552 2378 2633 locis,

360 2658 437 2702 ex
480 2642 624 2702 tota
669 2636 941 2702 Graecia
988 2641 1182 2722 atque
1228 2638 1459 2702 insulis
1505 2638 1805 2703 omnibus
1841 2638 2107 2704 honoris
2153 2641 2378 2725 populi

360 2725 639 2791 Romani
704 2747 900 2789 causa
964 2746 1116 2790 sane
1178 2725 1524 2813 frugaliter
1583 2727 1846 2791 domum
1907 2748 2092 2791 suam
2154 2727 2374 2813 depor-

257 2814 546 2880 112tavit.
641 2812 709 2877 Is
771 2817 1196 2897 posteaquam
1260 2814 1588 2879 intellexit
1652 2836 1844 2899 posse
1899 2836 1966 2879 se
2021 2817 2378 2881 interversa
2401 2830 2444 2869 ³0

364 2903 694 2968 aedilitate
760 2923 799 2965 a
852 2900 921 2966 L.
974 2900 1209 2969 Pisone
1268 2904 1528 2967 consule
1583 2908 1948 2987 praetorem
2004 2904 2377 2983 renuntiari,

364 2992 421 3055 si
467 2992 660 3056 modo
710 2990 930 3055 eadem
978 2991 1191 3074 prima
1235 2991 1462 3057 littera
1507 2992 1996 3075 competitorem
2042 2992 2378 3058 habuisset

364 3080 669 3163 aliquem,
716 3079 1115 3143 aedilitatem
1161 3078 1413 3144 duobus
1458 3080 1527 3143 in
1575 3080 1764 3161 locis,
1810 3080 2052 3163 partim
2098 3080 2170 3145 in
2215 3103 2375 3164 arca,

362 3168 605 3250 partim
672 3167 739 3230 in
795 3167 1004 3231 hortis
1061 3166 1223 3251 suis,
1287 3167 1678 3251 conlocavit;
1736 3168 1995 3253 signum
2052 3168 2130 3233 de
2187 3169 2374 3235 busto

363 3254 718 3319 meretricis
758 3256 1051 3319 ablatum
1089 3254 1201 3319 isti
1239 3255 1432 3337 dedit,
1471 3256 1641 3340 quod
1680 3260 1851 3321 esset
1879 3257 2139 3342 signum
2170 3258 2374 3343 magis
2398 3270 2438 3312 ³⁵

361 3341 635 3407 istorum
665 3364 859 3425 quam
887 3343 1183 3427 publicae
1211 3343 1558 3408 libertatis.
1604 3342 1791 3410 Hanc
1819 3344 2006 3410 deam
2036 3344 2374 3429 quisquam

362 3429 608 3493 violare
656 3430 903 3515 audeat,
954 3432 1074 3512 [et]
1114 3430 1465 3515 imaginem
1505 3432 1878 3516 meretriciS,
1926 3439 2372 3500 ornamentum
