2534 3875
10 134 12 203 l
823 164 1212 221 cAP.10-12
1251 172 1283 232 s
1318 171 1548 223 25-30.
2080 168 2209 233 199

172 310 254 375 ad
306 332 411 375 me
468 308 730 375 attinet.
827 307 1021 375 Iubet
1076 309 1275 394 enim,
1332 309 1443 395 qui
1497 309 1745 396 primus
1802 311 1892 378 sit
1944 317 2209 395 praetor

169 399 412 478 factus,
478 420 627 463 eum
682 397 896 483 legem
950 398 1267 463 curiatam
1322 398 1517 482 ferre3
1584 400 1686 463 sin
1737 399 1797 464 is
1850 399 2023 464 ferre
2075 423 2211 467 non

170 486 412 572 possit,
478 486 590 570 qui
654 489 1027 570 postremus
1091 486 1206 570 sit,
1269 490 1347 551 ut
1410 490 1524 551 aut
1588 487 1824 553 lusisse
1878 487 1948 551 in
2000 490 2207 553 tantis

171 575 364 640 rebus
441 578 555 639 aut
624 573 921 659 profecto
993 575 1211 641 nescio
1280 574 1435 659 quid
1498 579 1829 661 spectasse
1891 574 2207 641 videatur.

6 738 8 743 ³
119 680 148 721 5
173 662 419 727 Verum
463 663 607 745 hoc,
653 662 825 746 quod
873 665 973 727 est
1011 666 1126 728 aut
1159 663 1256 727 ita
1292 685 1687 748 perversum,
1732 668 1808 729 ut
1842 664 2205 747 ridiculum,

4 758 10 1059 Ι
175 755 290 815 aut
333 752 431 816 ita
476 750 900 829 malitiosum,
944 754 1022 816 ut
1065 751 1416 816 obscurum
1452 751 1559 835 sit,
1605 753 2074 837 relinquamus3
2122 754 2206 817 ad

172 839 562 925 religionem
614 838 901 903 hominis
958 843 1384 905 revertamur.
1472 837 1671 905 Videt
1718 840 1856 905 sine
1903 841 2049 927 lege
2096 862 2204 906 cu-

171 929 343 993 riata
385 926 555 991 nihil
603 927 712 1012 agi
756 948 873 1011 per
918 927 1317 993 decemviros
1365 950 1574 1012 posse.
1640 927 1808 1004 Quid
1852 933 2100 1014 postea,
2148 929 2204 994 si
2242 945 2309 995 29

4 1072 6 1093 ,
173 1038 252 1081 ea
324 1016 464 1081 lata
533 1036 668 1080 non
740 1014 910 1080 erit?
1019 1016 1363 1080 Attendite
1436 1016 1789 1102 ingenium.
1901 1016 2081 1082 ‘TUM
2150 1035 2205 1082 11

4 1096 6 1105 '
95 1120 148 1161 ιο
177 1100 612 1187 nncanvnu’,
658 1104 898 1187 inquit,
956 1102 1225 1169 ‘nonan
1269 1120 1437 1169 mar:
1487 1122 1677 1189 sm'r,
1732 1123 1875 1184 Quo
1922 1123 2045 1184 om
2091 1123 2205 1172 OP-

172 1210 364 1257 TUMA
410 1191 639 1258 LEGE?
731 1190 804 1257 Si
847 1191 972 1257 hoc
1018 1191 1160 1257 fieri
1204 1196 1452 1277 potest,
1513 1197 1588 1256 ut
1633 1195 1706 1257 in
1749 1194 1874 1260 hac
1919 1193 2206 1278 civitate,

171 1302 337 1365 quae
382 1281 580 1366 longe
617 1280 758 1344 iure
803 1280 1129 1345 libertatis
1166 1280 1400 1346 ceteris
1438 1280 1812 1347 civitatibus
1850 1282 2204 1367 antecellit,

170 1369 516 1453 quisquam
585 1368 785 1433 nullis
858 1368 1139 1433 comitiis
1211 1369 1561 1453 imperium
1634 1374 1749 1435 aut
1810 1375 2206 1454 potestatem

171 1457 442 1541 adsequi
484 1456 714 1542 possit,
761 1456 916 1541 quid
963 1456 1202 1521 attinet
1246 1456 1446 1522 tertio
1493 1456 1708 1541 capite
1749 1457 1964 1543 legem
2000 1460 2207 1525 curia·

91 1562 144 1603 15
170 1549 310 1610 tam
353 1544 527 1610 ferre
573 1545 816 1628 iubere,
865 1566 1009 1610 cum
1057 1549 1291 1630 quarto
1338 1545 1703 1630 permittas,
1748 1549 1826 1610 ut
1870 1547 2009 1611 sine
2057 1547 2205 1633 lege

168 1634 423 1699 curiata
467 1632 640 1697 idem
685 1634 848 1699 iuris
892 1633 1202 1717 habeant,
1251 1634 1423 1717 quod
1468 1634 1806 1716 haberent,
1852 1634 1910 1698 si
1952 1636 2206 1719 optima

167 1723 317 1808 lege
377 1744 419 1787 a
479 1722 724 1807 populo
789 1725 1007 1787 essent
1072 1722 1318 1787 creati?
1418 1721 1633 1807 Reges
1698 1723 2204 1805 constituuntur,

166 1832 302 1876 non
355 1810 734 1893 decemviri,
787 1808 1103 1892 Quirites,
1157 1810 1380 1894 itaque
1437 1809 1521 1875 ab
1566 1810 1674 1875 his
1720 1810 1928 1874 initiis
1971 1809 2202 1875 funda-

167 1898 538 1984 mentisque
592 1901 976 1983 nascuntur,
1031 1901 1106 1963 ut
1158 1920 1293 1964 non
1347 1899 1539 1964 modo
1598 1920 1745 1965 cum
1802 1919 2028 1986 gerere
2072 1918 2204 1965 rem

87 2006 142 2045 2⁰
167 1989 520 2073 coeperint,
567 1986 679 2052 sed
720 1988 918 2052 etiam
955 2009 1103 2053 cum
1139 1987 1635 2071 constituentur,
1682 2009 1872 2052 omne
1907 1991 2202 2053 vestrum
2225 2037 2309 2102 12

166 2077 298 2160 ius,
359 2078 658 2162 potestas
712 2075 1110 2160 libertasque
1166 2076 1463 2142 tollatur.
1553 2075 1649 2140 At
1700 2075 1944 2160 videte,
2006 2097 2201 2160 quam
2238 2117 2311 2164 30

168 2165 521 2252 diligenter
575 2163 856 2228 retineat
910 2163 1012 2228 ius
1058 2162 1447 2229 tribuniciae
1492 2164 1863 2248 potestatis.
1955 2161 2203 2229 Consu-

166 2253 345 2318 libus
419 2253 635 2336 legem
709 2251 1028 2317 curiatam
1101 2251 1463 2317 ferentibus
1538 2275 1579 2317 a
1638 2251 1922 2316 tribunis
1988 2251 2202 2336 plebis

167 2362 364 2428 saepe
411 2344 514 2405 est
556 2341 981 2406 intercessum
1027 2337 1263 2426 (neque
1307 2344 1531 2406 tamen
1573 2360 1694 2405 nos
1738 2340 1809 2404 id
1854 2340 2205 2424 querimur,

85 2445 140 2486 8⁵
169 2451 314 2495 esse
350 2428 521 2494 hanc
556 2428 972 2494 tribunorum
1000 2429 1210 2512 plebis
1238 2431 1664 2514 potestatem3
1703 2432 1961 2494 tantum
1989 2428 2205 2513 mod0,

167 2518 230 2583 si
274 2517 424 2603 quis
471 2538 550 2582 ea
592 2519 920 2602 potestate
964 2520 1208 2582 temere
1246 2520 1347 2581 est
1382 2538 1558 2599 usus,
1603 2518 1648 2597 †
1693 2514 2203 2603 existimamus);

163 2606 276 2672 hic
320 2605 626 2671 tribunus
669 2603 882 2690 plebis
929 2604 1061 2689 legi
1107 2604 1414 2690 curiatae,
1460 2626 1655 2690 quam
1702 2607 1968 2689 praetor
2011 2605 2203 2690 ferat,

167 2694 405 2759 adimit
447 2692 888 2758 intercedendi
931 2696 1344 2779 potestatem.
1411 2691 1630 2777 Atque
1674 2693 1801 2759 hoc
1834 2715 1982 2758 cum
2018 2694 2087 2760 in
2125 2717 2202 2760 eo

168 2781 772 2869 reprehendendum
827 2784 956 2864 est,
1025 2781 1198 2866 quod
1252 2803 1370 2866 per
1424 2781 1762 2847 tribunum
1816 2782 2029 2867 plebis
2086 2783 2203 2848 tri-

81 2887 138 2928 80
165 2870 431 2936 bunicia
466 2872 762 2955 potestas
800 2868 1131 2953 minuitur,
1166 2874 1311 2934 tum
1347 2870 1419 2935 in
1446 2891 1522 2935 eo
1554 2868 1989 2955 deridendum,
2029 2871 2204 2955 quod

166 2957 452 3042 consuli,
509 2958 568 3022 si
610 2960 823 3043 legem
868 2957 1187 3023 curiatam
1231 2979 1366 3023 non
1410 2958 1639 3042 habet,
1694 2958 2016 3044 attingere
2062 2980 2203 3024 rem

165 3048 526 3112 militarem
562 3067 698 3112 non
739 3045 912 3130 licet,
956 3045 1090 3129 hic,
1134 3047 1238 3111 cui
1286 3049 1466 3112 vetat
1509 3046 1927 3130 intercedere,
1963 3046 2024 3110 ei
2059 3051 2203 3130 pot-

167 3139 480 3219 estatem,
535 3134 791 3200 etiamsi
834 3134 1263 3200 intercessum
1309 3135 1425 3218 sit,
1470 3137 1692 3198 tamen
1738 3134 2007 3199 eandem
2053 3155 2203 3198 con·

167 3224 408 3307 stituit,
447 3244 642 3307 quam
681 3224 737 3287 si
775 3223 913 3288 lata
941 3226 1114 3287 esset
1141 3223 1267 3307 lex,
1303 3226 1379 3288 ut
1404 3243 1538 3288 non
1564 3222 1967 3306 intellegam,
2003 3242 2202 3305 quare

80 3327 137 3370 35
169 3315 290 3378 aut
323 3312 434 3378 hic
467 3315 648 3376 vetet
682 3310 1078 3376 intercedere
1117 3316 1233 3376 aut
1268 3331 1660 3396 quemquam
1696 3309 2204 3374 intercessurum

165 3405 385 3485 putet,
441 3421 590 3466 eum
645 3399 1023 3464 intercessio
1082 3399 1441 3464 stultitiam
1497 3396 1949 3463 intercessoris
2005 3397 2206 3481 signi·

163 3488 446 3556 ficatura
490 3487 602 3573 sit,
647 3509 782 3554 non
817 3508 954 3552 rem
999 3487 1410 3573 impeditura.
