2534 3875
197 269 268 395 13

199 1257 266 1307 18

302 130 390 195 80
680 128 779 183 DE
816 127 1122 183 IMPERIO
1163 127 1279 185 CN.
1306 126 1582 183 POMPEI
1620 126 1911 184 ORATIO.

433 273 534 339 Ac
577 294 661 337 ne
706 272 871 336 illud
918 272 1179 356 quidem
1225 272 1414 337 vobis
1460 271 1938 359 neglegendum
1986 276 2114 355 est,
2169 275 2345 357 quod

303 361 465 426 mihi
511 382 633 446 ego
671 364 1034 425 extremum
1081 382 1572 445 proposueram,
1618 382 1767 426 cum
1815 381 2026 426 essem
2066 360 2142 424 de
2182 362 2346 426 belli

303 471 541 535 genere
588 448 898 532 dicturuS,
945 448 1119 532 quod
1167 448 1247 512 ad
1297 449 1655 514 multorum
1700 449 1876 514 bona
1921 448 2162 513 civium
2207 448 2343 514 Ro-

301 559 645 603 manorum
682 536 992 622 pertinet3
1033 558 1311 620 quorum
1348 537 1535 602 vobis
1582 559 1704 622 pro
1742 541 1962 602 vestra
2000 537 2341 621 sapientia,

301 625 607 709 Quirites,
651 624 955 690 habenda
999 627 1101 689 est
1146 625 1317 689 ratio
1366 624 1731 710 diligenter.
1796 623 1971 689 Nam
2018 627 2086 690 et
2128 624 2343 709 publi·
2374 643 2409 683 5

300 714 472 798 cani,
552 713 852 779 homines
915 712 1367 778 honestissimi
1431 718 1628 797 atque
1694 712 2124 796 ornatissimi,
2190 735 2345 779 suas

300 802 590 868 rationes
657 806 725 867 et
783 804 1006 886 copias
1070 802 1142 865 in
1205 801 1388 865 illam
1449 801 1853 886 provinciam
1909 801 2343 884 contulerunt,

302 912 578 974 quorum
632 889 927 974 ipsorum
981 910 1099 973 per
1155 910 1225 953 se
1282 910 1388 953 res
1445 893 1511 953 et
1557 888 1862 954 fortunae
1916 889 2106 954 vobis
2153 910 2343 954 curae

302 1000 446 1043 esse
503 978 762 1042 debent.
861 976 1153 1060 Etenim,
1219 977 1279 1041 si
1332 978 1683 1062 vectigalia
1742 998 1981 1042 nervos
2048 998 2190 1042 esse
2246 980 2343 1041 rei

301 1066 603 1151 publicae
663 1086 919 1151 semper
981 1064 1307 1149 duximus,
1384 1086 1532 1130 eum
1596 1069 1771 1131 certe
1836 1065 2156 1149 ordinem,
2232 1066 2346 1149 qui
2378 1085 2442 1124 ιο

305 1157 559 1219 exercet
618 1153 764 1237 illa,
827 1154 1313 1218 firmamentum
1378 1159 1742 1219 ceterorum
1807 1154 2107 1218 ordinum
2166 1158 2346 1218 recte

306 1264 449 1307 esse
509 1241 814 1306 dicemus.
904 1240 1154 1306 Deinde
1217 1264 1296 1305 ex
1356 1243 1591 1309 ceteris
1653 1241 1990 1308 ordinibus
2044 1240 2345 1307 homines

304 1330 502 1417 gnavi
549 1334 746 1415 atque
790 1329 1095 1393 industrii
1142 1330 1386 1414 partim
1431 1329 1560 1413 ipsi
1596 1330 1667 1393 in
1704 1330 1868 1395 Asia
1902 1330 2345 1415 negotiantur,

303 1418 540 1502 quibus
577 1440 698 1482 vos
736 1418 1118 1482 absentibus
1156 1419 1493 1483 consulere
1530 1417 1797 1499 debetis,
1834 1418 2077 1503 partim
2116 1440 2345 1481 eorum

303 1507 374 1571 in
434 1528 511 1572 ea
570 1504 908 1591 provincia
961 1506 1269 1588 pecunias
1326 1526 1600 1591 magnas
1658 1506 2010 1571 collocatas
2071 1506 2437 1571 habent.1⁵

302 1594 427 1659 Est
471 1594 679 1696 igitur
723 1594 1155 1659 humanitatis
1193 1598 1450 1659 vestrae
1495 1614 1811 1680 magnum
1853 1615 2201 1659 numerum
2239 1615 2346 1658 eo-

302 1706 446 1747 rum
512 1682 750 1747 civium
817 1682 1194 1746 calamitate
1258 1682 1632 1765 prohibere,
1697 1682 2058 1765 sapientiae
2122 1681 2346 1746 videre

304 1772 659 1835 multorum
704 1769 946 1835 civium
993 1770 1438 1835 calamitatem
1484 1792 1526 1834 a
1570 1792 1639 1835 re
1675 1770 1942 1853 publica
1979 1770 2345 1836 seiunctam

305 1880 447 1923 esse
499 1880 636 1924 non
689 1880 899 1943 posse.
998 1857 1262 1923 Etenim
1320 1859 1604 1944 primum
1658 1857 1824 1923 illud
1880 1857 2070 1943 parvi
2122 1858 2346 1942 refert,

235 2016 243 2023 ,
301 1969 424 2013 nos
469 1947 836 2033 publicanis
887 1947 1148 2012 omissis
1193 1948 1547 2033 vectigalia
1590 1952 1823 2032 postea
1858 1947 2133 2012 victoria.
2168 1969 2345 2012 recu·
2374 1965 2437 2005 20
2512 1979 2514 2036 g

201 2227 264 2276 19

302 2057 560 2120 perare3
630 2056 839 2119 neque
913 2036 1086 2099 enim
1158 2034 1366 2100 isdem
1438 2035 1797 2100 redimendi
1870 2036 2151 2100 facultas
2218 2036 2348 2100 erit

304 2128 574 2209 propter
629 2123 1073 2189 calamitatem
1130 2145 1341 2209 neque
1397 2124 1545 2189 aliis
1590 2124 1900 2188 voluntas
1946 2127 2220 2208 propter
2265 2125 2346 2186 ti-

305 2233 572 2277 morem.
662 2210 940 2294 Deinde,
1005 2210 1179 2296 quod
1240 2234 1362 2277 nos
1419 2211 1644 2276 eadem
1699 2212 1864 2276 Asia
1918 2215 2114 2296 atque
2169 2211 2345 2277 idem

301 2299 430 2364 iste
465 2299 879 2364 Mithridates
924 2299 1115 2364 initio
1163 2300 1324 2365 belli
1368 2299 1646 2364 Asiatici
1692 2299 1930 2384 docuit,
1975 2301 2042 2364 id
2080 2300 2347 2383 quidem

304 2391 479 2452 certe
562 2387 938 2453 calamitate
1021 2388 1196 2453 docti
1269 2389 1587 2453 memoria
1657 2388 1940 2452 retinere
2013 2387 2345 2452 debemus
2374 2406 2434 2446 2⁶

303 2473 479 2541 Nam
535 2480 704 2559 tum,
759 2498 906 2541 cum
953 2477 1024 2540 in
1071 2475 1234 2540 Asia
1278 2498 1383 2540 res
1430 2497 1707 2562 magnas
1754 2475 2066 2560 permulti
2114 2477 2347 2541 amise-

303 2567 473 2646 rant,
501 2565 738 2629 scimus
767 2564 1016 2628 Romae
1045 2565 1373 2629 solutione
1399 2563 1716 2648 impedita
1741 2563 1938 2629 fidem
1966 2564 2344 2629 concidisse.

302 2649 458 2717 Non
511 2651 686 2716 enim
741 2656 1020 2734 possunt
1063 2673 1194 2716 una
1239 2655 1309 2716 in
1354 2652 1621 2716 civitate
1668 2653 1861 2717 multi
1905 2675 2043 2717 rem
2094 2674 2170 2717 ac
2214 2653 2346 2717 for-

303 2743 496 2804 tunas
557 2739 886 2824 amittere,
942 2744 1021 2804 ut
1062 2761 1197 2805 non
1241 2740 1464 2824 plures
1512 2761 1730 2805 secum
1776 2741 1847 2806 in
1893 2740 2163 2805 eandem
2208 2745 2345 2804 tra·
2512 2793 2514 2820 ἡ

303 2828 468 2892 hant
539 2828 1002 2894 calamitatem.
1110 2827 1173 2891 A
1247 2849 1375 2912 quo
1438 2829 1729 2913 periculo
1792 2828 2135 2911 prohibete
2201 2851 2343 2894 rem
2373 2847 2432 2888 30
2512 2841 2514 2904 ξ

257 2908 278 2923 “
299 2915 635 3000 publicam
691 2920 759 2980 et
810 2915 975 2980 mihi
1030 2915 1298 2999 credite,
1353 2915 1421 2979 id
1469 2916 1640 2999 quod
1686 2917 1815 3001 ipsi
1860 2916 2124 3000 videtis,
2178 2916 2346 2984 haec

303 3003 463 3068 fides
502 3008 696 3088 atque
742 3003 904 3067 haec
949 3004 1119 3067 ratio
1167 3004 1606 3088 pecuniarum,
1654 3027 1820 3088 quae
1857 3004 2125 3088 Romae,
2173 3027 2346 3089 quae

302 3093 372 3156 in
415 3091 562 3156 foro
598 3094 917 3175 versatur,
962 3091 1281 3176 inplicata
1325 3096 1428 3156 est
1474 3114 1620 3157 cum
1660 3093 1797 3156 illis
1835 3092 2125 3176 pecuniis
2153 3093 2347 3158 Asia-

301 3179 452 3244 ticis
500 3184 568 3244 et
612 3179 943 3262 cohaeret3
990 3201 1176 3244 ruere
1221 3179 1338 3244 illa
1381 3202 1515 3245 non
1560 3185 1857 3266 possunt,
1898 3185 1975 3246 ut
2011 3181 2172 3247 haec
2207 3204 2347 3248 non

305 3266 532 3331 eodem
595 3267 921 3333 labefacta
977 3272 1161 3332 motu
1216 3268 1580 3334 concidant.
1682 3267 1895 3344 Quare
1958 3269 2201 3352 videte,
2265 3293 2347 3336 ne
2374 3289 2429 3328 ³5

301 3375 436 3420 non
491 3353 921 3421 dubitandum
969 3356 1156 3420 vobis
1213 3356 1304 3421 sit
1359 3357 1537 3421 omni
1584 3357 1799 3422 studio
1848 3357 1930 3422 ad
1974 3357 2042 3421 id
2088 3357 2344 3424 bellum

303 3441 697 3528 incumbere,
723 3443 795 3508 in
824 3465 949 3530 quo
980 3444 1193 3529 gloria
1221 3445 1507 3510 nominis
1533 3444 1757 3530 vestri,
1788 3446 1965 3510 salus
1996 3445 2346 3527 sociorum,
