2534 3875
330 153 466 215 444
539 153 810 209 ORATIO
847 152 1030 209 POST
1068 152 1399 207 REDITUM
1436 152 1515 206 IN
1552 150 1847 206 SENATU
1881 149 2175 206 HABITA.

225 314 294 362 35
333 319 475 362 esse
519 298 932 362 redeundum.
1025 295 1223 362 Cuius
1271 298 1402 361 mei
1448 318 1674 361 sensus
1721 296 2127 360 certissimus
2172 296 2372 359 testis

333 389 434 449 est
478 385 587 449 hic
624 386 815 468 idem,
863 386 975 469 qui
1012 390 1232 450 custos
1271 384 1505 467 capitis
1540 384 1689 467 fuit,
1736 383 1853 449 Cn.
1878 382 2207 465 PlanciuS,
2253 384 2375 465 qui

333 472 634 537 omnibus
671 472 1181 557 provincialibus
1219 472 1622 537 ornamentis
1660 472 2146 555 commodisque
2175 470 2374 553 depo·

334 561 479 624 sitis
544 566 756 625 totam
816 583 1003 625 suam
1057 566 1476 644 quaesturam
1530 559 1603 622 in
1655 582 1759 623 me
1815 559 2242 623 sustentando
2303 562 2374 622 et

332 649 774 713 conservando
821 650 1201 714 conlocavit.
1278 646 1402 723 Qui
1448 648 1505 711 si
1550 648 1712 711 mihi
1750 650 2058 731 quaestor
2093 647 2371 729 impera·
2402 666 2429 705 5

333 737 464 817 tori
516 736 778 820 fuisset,
847 737 916 800 in
971 736 1092 799 filii
1147 737 1292 801 loco
1346 735 1607 820 fuisset3
1661 757 1833 800 nunc
1887 738 2061 798 certe
2118 736 2245 797 erit
2301 734 2374 797 in

331 825 644 909 parentiS,
689 846 835 889 cum
880 824 1080 888 fuerit
1115 824 1164 906 †
1201 828 1511 908 quaestor
1545 844 1679 887 non
1714 822 1993 907 imperii,
2040 822 2152 886 sed
2190 822 2373 887 dolo-

332 934 424 976 ns
473 934 619 977 me1.

227 1017 296 1066 36
469 999 911 1085 Quapropter,
973 1005 1196 1085 patres
1274 998 1655 1082 conscripti,
1721 999 2029 1082 quoniam
2094 999 2162 1063 in
2228 1019 2370 1062 rem

333 1088 665 1172 publicam
712 1111 857 1152 sum
904 1089 1154 1172 pariter
1198 1110 1345 1152 cum
1390 1109 1463 1151 re
1508 1087 1774 1171 publica
1817 1087 2191 1169 restitutuS,
2234 1108 2371 1150 non
2402 1106 2456 1144 ιο

334 1176 530 1241 modo
593 1177 663 1239 in
727 1197 804 1240 ea
870 1176 1271 1240 defendenda
1332 1174 1499 1239 nihil
1564 1175 1853 1238 minuam
1919 1174 1997 1237 de
2060 1174 2372 1239 libertate

232 1264 316 1329 15
337 1285 484 1327 mea
537 1264 844 1346 pristina,
901 1263 1015 1327 sed
1069 1264 1271 1327 etiam
1326 1263 1684 1347 adaugebO.
1773 1262 2065 1344 Etenim,
2121 1262 2177 1325 si
2224 1283 2371 1326 eam

335 1355 478 1414 tum
525 1350 968 1433 defendebam,
1014 1373 1162 1416 cum
1207 1350 1370 1415 mihi
1416 1350 1661 1435 aliquid
1705 1350 1825 1414 illa
1870 1349 2167 1430 debebat,
2215 1349 2373 1433 quid

333 1460 506 1503 nunc
543 1460 646 1503 me
682 1439 894 1504 facere
933 1442 1211 1523 oportet,
1249 1461 1398 1502 cum
1436 1460 1558 1523 ego
1596 1438 1700 1501 illi
1734 1437 2093 1521 plurimum
2121 1437 2373 1502 debeo?

334 1524 508 1590 Nam
583 1526 739 1610 quid
811 1533 939 1611 est,
1013 1526 1186 1610 quod
1250 1526 1539 1590 animum
1604 1547 1820 1589 meum
1883 1525 2189 1611 frangere
2255 1528 2373 1589 aut
2400 1544 2451 1584 1⁵

338 1614 678 1679 debilitare
724 1615 962 1697 possit,
1018 1616 1200 1679 cuius
1246 1614 1459 1699 ipsam
1506 1614 1948 1678 calamitatem
1993 1636 2128 1678 non
2175 1613 2373 1677 modo

336 1703 582 1767 nullius
641 1702 889 1784 delicti,
947 1702 1060 1766 sed
1116 1704 1315 1767 etiam
1370 1702 1674 1766 binorum
1727 1702 1799 1766 in
1852 1723 1988 1765 rem
2034 1702 2374 1785 publicam

336 1790 797 1855 beneficiorum
861 1795 1097 1854 testem
1160 1812 1302 1855 esse
1365 1790 1688 1854 videatis?
1776 1787 1952 1853 Nam
2012 1789 2376 1872 importata

337 1883 455 1961 est,
502 1878 656 1962 quia
703 1877 1115 1943 defenderam
1161 1878 1517 1960 civitatem,
1563 1880 1631 1942 et
1676 1898 1822 1942 mea
1857 1877 2195 1943 voluntate
2234 1898 2375 1942 sus·
2426 1940 2432 1948 .

337 1970 529 2051 cepta
583 1972 710 2044 est,
765 1989 848 2031 ne
909 1989 948 2030 a
1004 1989 1107 2030 me
1165 1966 1432 2030 defensa
1476 1987 1579 2030 res
1625 1966 1889 2050 publica
1933 1987 2051 2050 per
2095 1966 2374 2030 eundem
2401 1973 2452 2025 ευ·

230 2072 298 2121 37
338 2075 442 2118 me
500 2058 860 2118 extremum
914 2054 984 2118 in
1039 2054 1386 2118 discrimen
1439 2059 1796 2118 vocaretur.
1887 2053 2015 2118 Pro
2070 2075 2176 2118 me
2238 2075 2374 2118 non
2525 2063 2526 2076 ¹

337 2147 412 2206 ut
466 2164 586 2226 pro
641 2141 712 2208 P.
765 2140 1052 2226 Popilio,
1105 2141 1519 2206 nobilissimo
1575 2141 1865 2224 homine,
1921 2141 2372 2206 adulescentes

335 2230 476 2314 filii,
521 2252 654 2294 non
697 2230 1210 2313 propinquorum
1257 2229 1607 2293 multitudo
1644 2229 1959 2313 populum
1994 2227 2366 2293 Romanum

338 2323 440 2382 est
475 2317 838 2402 deprecata,
882 2339 1015 2381 non
1052 2321 1126 2381 ut
1163 2339 1283 2401 pro
1322 2315 1396 2391 Q.
1424 2315 1716 2398 Metello,
1752 2338 2005 2380 summo
2042 2321 2111 2380 et
2146 2317 2369 2382 claris·
2525 2393 2526 2396 Ἴ

337 2405 505 2469 simo
552 2405 714 2488 vir0,
761 2410 1053 2490 spectata
1097 2407 1232 2468 iam
1279 2405 1722 2469 adulescentia
1765 2404 1958 2488 filius,
2003 2426 2136 2469 non
2181 2404 2255 2470 L.
2302 2409 2369 2468 et
2395 2423 2441 2464 25
2525 2411 2526 2454 ἐ

339 2491 410 2556 C.
437 2492 708 2574 Metelli,
737 2493 1130 2582 consulareS,
1156 2513 1291 2557 non
1320 2509 1540 2557 eorum
1571 2492 1777 2574 liberi,
1805 2513 1938 2557 non
1964 2490 2038 2566 Q.
2057 2491 2368 2557 Metellus

338 2578 582 2663 NePOS,
630 2581 740 2663 qui
778 2584 920 2645 tum
959 2581 1373 2645 consulatum
1410 2579 1696 2664 petebat,
1738 2601 1873 2644 non
1907 2579 2183 2664 Luculli,
2226 2579 2370 2645 Ser·

335 2667 504 2750 vilii,
569 2665 904 2751 Sc1p10nes
914 2717 933 2750 ,
988 2667 1403 2731 Metellarum
1456 2668 1579 2730 filii
1633 2667 1865 2731 flentes
1920 2689 1996 2732 ac
2052 2669 2368 2733 sordidati

337 2755 582 2839 populo
629 2754 928 2819 Romano
985 2755 1545 2840 supplicaverunt,
1599 2755 1711 2819 sed
1755 2777 1921 2819 unus
1966 2756 2199 2840 frater,
2257 2757 2368 2841 qui

337 2843 408 2907 in
455 2864 558 2908 me
603 2843 847 2928 pietate
894 2842 1095 2926 filius,
1151 2844 1437 2907 consiliis
1484 2863 1747 2927 parens,
1793 2864 2040 2925 amore,
2086 2846 2161 2906 ut
2207 2850 2365 2927 erat,
2390 2862 2432 2902 3⁰

337 2930 542 2995 frater
586 2931 889 2994 inventus
938 2935 1066 3011 est,
1113 2931 1416 3015 squalore
1463 2934 1531 2993 et
1577 2930 1863 2994 lacrimis
1911 2934 1977 2994 et
2022 2931 2365 2996 cotidianis

337 3019 637 3102 precibus
705 3018 1095 3083 desiderium
1150 3020 1279 3082 mei
1333 3018 1615 3082 nominis
1672 3021 1972 3082 renovari
2029 3022 2094 3082 et
2148 3041 2365 3084 rerum
2524 3043 2526 3142 Ι

340 3111 672 3191 gestarum
728 3106 1112 3170 memoriam
1165 3107 1470 3189 usurpari
1526 3107 1759 3190 coiigit.
1850 3104 1975 3180 Qui
2029 3127 2177 3170 cum
2232 3113 2363 3172 sta-

338 3195 605 3274 tuisset,
659 3193 786 3257 nisi
847 3215 964 3278 per
1008 3215 1124 3257 vos
1171 3215 1276 3256 me
1321 3193 1774 3277 reciperasset,
1829 3193 2099 3258 eandem
2144 3192 2363 3259 subire

338 3279 671 3345 fortunam
747 3284 942 3363 atque
1015 3279 1186 3343 idem
1260 3280 1388 3344 sibi
1462 3280 1858 3346 domicilium
1930 3284 1998 3345 et
2060 3281 2233 3346 vitae
2298 3287 2362 3345 et
2384 3295 2427 3338 ³⁵
2525 3321 2526 3358 3

338 3368 571 3430 mortis
621 3367 980 3450 deposcere,
1026 3372 1247 3430 tamen
1292 3388 1646 3451 numquam
1691 3389 1811 3432 nec
1844 3367 2361 3468 magnitudinem

337 3453 590 3536 negotii
635 3474 755 3517 nec
801 3453 1217 3518 solitudinem
1265 3475 1451 3518 suam
1496 3475 1614 3519 nec
1659 3455 1792 3518 vim
1838 3455 2249 3521 inimicorum
2286 3477 2359 3520 ac
