2534 3875
278 132 407 196 282
761 130 843 185 IN
877 131 940 186 L.
978 127 1381 186 CATILINAM
1417 128 1685 184 ORATIO
1715 127 1808 185 111.

276 298 445 342 nunc
489 276 673 360 fiunt,
719 268 947 341 canere
996 275 1062 340 di
1098 274 1477 339 inmortales
1515 273 1898 356 viderentur,
1942 273 2066 338 hoc
2102 276 2304 356 certe,

278 365 450 448 quod
516 386 658 429 sum
723 364 1039 447 dicturus,
1100 383 1310 446 neque
1375 361 2022 448 praetermittendum
2083 383 2301 446 neque

174 471 238 518 19
277 453 766 536 relinquendum
841 455 958 517 est.
1061 449 1234 516 Nam
1306 449 1600 535 profecto
1673 449 1984 514 memoria
2053 450 2298 514 tenetis

278 540 476 606 Cotta
530 544 596 605 et
642 540 971 624 Torquato
1028 539 1399 603 consulibus
1445 538 1808 622 complures
1850 537 1924 602 in
1965 535 2297 621 Capitolio

277 650 381 693 res
428 629 507 693 de
553 629 729 693 caelo
777 649 919 692 esse
954 649 1314 712 percussae,
1361 649 1504 691 cum
1542 631 1608 692 et
1643 626 1991 691 simulacra
2026 625 2297 690 deorum
2329 647 2364 686 5

278 717 549 802 depulsa
594 720 744 780 sunt
792 720 859 779 et
904 719 1159 779 statuae
1196 717 1487 780 veterum
1532 715 1868 779 hominum
1904 713 2190 779 deiectae
2229 718 2297 778 et

277 806 499 890 legum
553 825 705 870 aera
758 803 1107 888 liquefacta
1162 806 1229 868 et
1271 806 1488 868 tactus
1533 803 1732 866 etiam
1775 802 1916 885 ille,
1969 801 2081 887 qui
2122 802 2297 867 hanc

276 895 503 958 urbem
560 891 872 975 condidit,
926 890 1267 975 Romulus,
1324 913 1516 975 quem
1567 891 1939 955 inauratum
1991 891 2064 954 in
2105 889 2296 974 Capi-

274 981 439 1046 tolio
494 1001 766 1065 parvum
822 983 1017 1063 atque
1070 980 1425 1045 lactantem
1478 979 1784 1044 uberibus
1841 978 2084 1061 lupinis
2129 977 2296 1042 inhi-

278 1072 496 1133 antem
550 1067 753 1132 fuisse
808 1067 1214 1132 meministis,
1307 1066 1448 1143 Quo
1508 1065 1766 1151 quidem
1808 1071 2100 1150 tempore
2146 1087 2297 1130 cum
2329 1090 2396 1128 10

275 1155 649 1239 haruspices
696 1177 775 1220 ex
819 1158 963 1220 tota
998 1155 1265 1219 Etruria
1312 1155 1779 1237 convenissent,
1824 1155 2048 1219 caedes
2095 1157 2297 1237 atque

275 1243 571 1308 incendia
616 1248 683 1308 et
729 1245 949 1329 legum
986 1243 1322 1309 interitum
1360 1248 1426 1308 et
1462 1243 1706 1307 bellum
1743 1241 1930 1307 civile
1966 1263 2042 1308 ac
2078 1241 2298 1307 dome-

277 1331 509 1396 sticum
565 1336 632 1396 et
684 1331 889 1397 totius
945 1331 1125 1396 urbis
1182 1335 1376 1415 atque
1421 1331 1678 1414 imperii
1723 1352 2020 1396 occasum
2065 1331 2298 1415 adpro-

274 1420 590 1505 pinquare
654 1419 979 1503 dixerunt,
1042 1419 1170 1484 nisi
1232 1420 1299 1484 di
1360 1419 1738 1483 inmortales
1805 1419 1982 1483 omni
2038 1418 2296 1482 ratione

30 1533 43 1554 ⁶
171 1525 237 1574 20
274 1509 522 1592 placati
568 1529 683 1572 suo
728 1507 993 1572 numine
1038 1529 1241 1593 prope
1286 1506 1428 1572 fata
1462 1507 1606 1591 ipsa
1643 1506 1992 1571 flexissent.
2060 1505 2295 1590 Itaque
2329 1529 2388 1570 15

272 1597 537 1660 illorum
603 1595 929 1680 responsis
983 1599 1126 1660 tum
1180 1599 1247 1660 et
1301 1595 1438 1660 ludi
1491 1617 1607 1680 per
1661 1595 1879 1659 decem
1939 1595 2074 1659 dies
2128 1595 2296 1660 facti

277 1688 444 1768 sunt,
479 1705 687 1768 neque
724 1706 828 1748 res
866 1684 1021 1764 ulla,
1060 1706 1221 1768 quae
1252 1683 1334 1748 ad
1359 1683 1712 1768 placandos
1742 1683 1894 1746 deos
1920 1683 2296 1766 pertineret,

273 1773 733 1857 praetermissa
770 1775 888 1837 est.
958 1770 1263 1856 Idemque
1299 1772 1631 1836 iusserunt
1665 1771 2078 1835 simulacrum
2115 1769 2296 1836 Iovis

273 1860 485 1926 facere
532 1860 740 1924 maius
788 1864 854 1925 et
898 1860 967 1923 in
1012 1861 1263 1924 excelso
1309 1860 1646 1924 conlocare
1693 1862 1758 1924 et
1805 1863 2050 1942 contra,
2095 1862 2294 1942 atque

276 1953 468 2013 antea
519 1949 758 2031 fuerat,
815 1948 896 2013 ad
952 1948 1266 2013 orientem
1323 1953 1723 2031 converter03
1777 1970 1853 2012 ac
1908 1969 1977 2013 se
2030 1969 2294 2033 sperare
2325 1972 2384 2011 20

276 2038 591 2120 dixerunt,
636 2037 693 2101 si
738 2036 901 2100 illud
947 2038 1222 2120 signum,
1269 2036 1439 2121 quod
1477 2036 1729 2119 videtis,
1775 2035 1934 2100 solis
1971 2040 2187 2100 ortum
2223 2040 2296 2099 et

273 2125 487 2189 forum
524 2126 895 2209 curiamque
932 2125 1349 2209 conspiceret,
1394 2124 1532 2188 fore
1570 2128 1644 2188 ut
1681 2145 1758 2188 ea
1794 2124 2087 2207 consilia,
2126 2146 2293 2207 quae

274 2214 443 2277 clam
492 2218 708 2277 essent
750 2212 918 2277 inita
962 2216 1191 2277 contra
1236 2212 1516 2276 salutem
1560 2212 1742 2276 urbis
1789 2215 1981 2297 atque
2017 2212 2294 2296 imperii,

274 2302 796 2383 inlustrarentur,
833 2304 907 2363 ut
944 2322 984 2364 a
1020 2304 1247 2365 senatu
1283 2301 1652 2384 populoque
1689 2299 1985 2365 Romano
2011 2300 2294 2386 perspici

273 2392 559 2472 possent.
659 2388 875 2472 Atque
937 2387 1101 2452 illud
1164 2389 1423 2471 signum
1487 2387 1932 2453 collocandum
1994 2389 2292 2453 consules
2323 2403 2379 2447 25

274 2476 371 2540 illi
409 2476 813 2557 locaverunt3
858 2475 971 2539 sed
1006 2478 1191 2540 tanta
1226 2475 1354 2540 fuit
1391 2476 1604 2560 operis
1639 2476 1934 2559 tarditas,
1975 2480 2052 2540 ut
2083 2497 2293 2562 neque

274 2563 713 2647 superioribus
770 2563 1140 2628 consulibus
1194 2585 1402 2647 neque
1455 2564 1645 2629 nobis
1705 2568 1854 2629 ante
1907 2564 2293 2629 hodiernum

167 2632 234 2755 291
275 2651 444 2715 diem
491 2651 932 2716 collocaretur.
1005 2650 1132 2715 Hic
1168 2653 1311 2735 quis
1349 2656 1569 2736 potest
1605 2673 1763 2731 esse,
1809 2650 2108 2735 Quirites,
2151 2656 2292 2717 tam

274 2760 540 2803 aversus
590 2761 628 2802 a
673 2759 846 2822 vern,
890 2743 1023 2804 tam
1069 2762 1396 2824 praeceps,
1439 2745 1578 2805 tam
1625 2743 1842 2805 mente
1887 2744 2133 2825 captus,
2179 2741 2292 2825 qui

271 2831 468 2911 neget
520 2826 682 2892 haec
728 2828 972 2910 omnia,
1028 2850 1190 2911 quae
1234 2828 1556 2912 videmus,
1608 2828 2075 2913 praecipueque
2120 2828 2292 2893 hanc
2321 2846 2377 2886 30

273 2914 501 2979 urbem
547 2914 813 2979 deorum
859 2915 1306 2981 inmortalium
1340 2920 1503 2981 nutu
1542 2938 1616 2981 ac
1651 2920 1979 3001 potestate
2017 2916 2296 2981 admini-

274 3002 516 3067 strari?
588 3002 868 3086 Etenim,
914 3025 1059 3068 cum
1106 3008 1278 3069 esset
1321 3006 1417 3068 ita
1461 3024 1864 3088 responsum,
1909 3003 2153 3088 caedes,
2199 3006 2294 3070 in·

274 3091 522 3174 cendia,
586 3090 921 3156 interitum
973 3093 1065 3156 rei
1122 3092 1420 3177 publicae
1474 3092 1864 3175 comparari,
1927 3094 1993 3156 et
2044 3112 2122 3157 ea
2174 3114 2295 3177 per

274 3179 471 3262 cives,
527 3201 691 3263 quae
738 3184 879 3244 tum
924 3184 1193 3264 propter
1239 3179 1754 3264 magnitudinem
1799 3180 2114 3246 scelerum
2158 3202 2296 3247 non

271 3267 469 3331 nullis
514 3266 919 3332 incredibilia
963 3267 1366 3351 videbantur,
1413 3290 1490 3333 ea
1523 3289 1654 3333 non
1692 3268 1885 3334 modo
1923 3269 2216 3354 cogitata
2251 3292 2294 3334 a
2322 3285 2374 3326 35

272 3354 536 3419 nefariis
592 3355 865 3439 civibuS,
922 3377 1145 3419 verum
1201 3354 1400 3419 etiam
1447 3360 1748 3440 suscepta
1793 3378 1932 3421 esse
1979 3357 2294 3422 sensistis,

271 3440 441 3507 Illud
478 3464 632 3508 vero
668 3465 883 3508 nonne
920 3443 1017 3507 ita
1053 3464 1360 3527 praesens
1399 3448 1517 3528 est,
1553 3446 1627 3509 ut
1661 3448 1827 3509 nutu
1853 3444 2029 3510 Iovis
2060 3445 2296 3530 optimi
