2534 3875
314 162 447 228 304
872 161 1015 217 PRO
1052 163 1116 218 L.
1154 161 1467 217 MURENA
1504 159 1799 216 ORATIO.

313 307 382 372 in
417 305 833 372 contentione
862 305 1221 392 dignitatis,
1256 304 1523 370 tertiam
1549 304 1620 369 in
1647 303 2027 369 criminibus
2057 303 2347 369 ambitus

314 416 455 460 esse
517 397 865 460 versatam.
964 393 1182 478 Atque
1246 392 1480 458 harum
1535 393 1736 458 trium
1790 392 2077 475 partium
2129 393 2348 475 prima

314 483 447 566 illa,
494 505 660 567 quae
707 479 1096 568 gravissima
1141 481 1422 546 debebat
1467 502 1625 564 esse,
1668 479 1766 545 ita
1810 479 1936 544 fuit
1981 479 2240 544 infirma
2277 484 2350 545 et

313 535 501 655 leviS,
556 574 630 635 ut
684 571 838 635 illos
894 570 999 635 lex
1053 570 1267 654 magis
1323 568 1638 653 quaedam
1696 567 2099 633 accusatoria
2144 589 2350 652 quam

313 681 469 724 vera
515 659 682 724 male
727 657 979 723 dicendi
1022 657 1304 723 facultas
1352 656 1431 720 de
1474 657 1611 721 vita
1654 655 1724 721 L.
1769 653 2083 720 Murenae
2127 655 2348 721 dicere
2376 671 2406 713 ⁶

314 746 564 832 aliquid
611 745 910 830 coegerit.
979 744 1251 810 Obiecta
1297 748 1399 809 est
1443 745 1617 810 enim
1663 744 1850 828 Asia3
1895 762 2060 828 quae
2097 744 2180 808 ab
2215 744 2351 810 hoc

313 857 445 900 non
503 834 584 899 ad
640 835 1049 918 voluptatem
1104 836 1171 897 et
1225 832 1550 897 luxuriam
1595 833 1886 917 expetita
1932 835 2056 916 est,
2113 830 2228 896 sed
2274 833 2350 896 in

316 922 591 988 militari
653 921 879 986 labore
941 925 1308 1007 peragrata.
1416 919 1542 997 Qui
1605 920 1663 985 si
1726 919 2100 985 adulescens
2154 923 2347 1004 patre

316 1033 431 1076 suo
476 1011 869 1094 imperatore
912 1030 1044 1074 non
1088 1009 1461 1092 meruisset,
1506 1011 1622 1073 aut
1665 1008 1925 1073 hostem
1971 1011 2087 1073 aut
2129 1009 2348 1092 patris

315 1099 663 1184 imperium
708 1097 1004 1162 timuisse
1051 1101 1167 1162 aut
1202 1119 1243 1161 a
1279 1099 1546 1182 parente
1582 1097 1956 1181 repudiatus
1992 1095 2346 1161 videretur.
2378 1113 2434 1154 ιο

315 1187 449 1270 An,
504 1207 651 1250 cum
706 1185 927 1250 sedere
979 1185 1053 1248 in
1105 1185 1288 1270 equis
1343 1183 1891 1269 triumphantium
1945 1184 2349 1268 praetextati

315 1273 732 1359 potissimum
774 1273 897 1338 filii
941 1274 1212 1357 soleant,
1256 1273 1410 1337 huic
1454 1271 1642 1336 donis
1689 1271 2086 1336 militaribus
2130 1274 2348 1356 patris

318 1361 719 1446 triumphum
784 1360 1087 1427 decorare
1140 1359 1521 1446 fugiendum
1574 1359 1728 1444 fuit,
1791 1363 1867 1424 ut
1919 1360 2112 1424 rebus
2169 1381 2364 1425 com--

318 1451 601 1515 munitet
654 1450 858 1533 gestis
911 1470 1117 1534 paene
1174 1447 1367 1513 simul
1423 1469 1569 1513 cum
1627 1451 1814 1532 patre
1859 1447 2344 1532 triumpharet?

215 1555 281 1602 12
319 1537 442 1602 Hic
494 1559 677 1622 vero,
731 1537 1000 1622 iudices,
1055 1540 1123 1602 et
1164 1535 1295 1601 fuit
1338 1535 1408 1599 in
1453 1536 1615 1600 Asia
1659 1539 1726 1600 et
1770 1535 1913 1601 viro
1957 1535 2345 1638 fortissimo,
2377 1554 2434 1596 ιε

319 1625 574 1709 parenti
619 1647 755 1710 su0,
800 1647 1038 1708 magno
1086 1624 1458 1690 adiumento
1503 1623 1574 1688 in
1618 1623 1942 1708 periculis,
1987 1624 2232 1689 solacio
2271 1626 2347 1689 in

317 1713 680 1797 laboribus,
734 1712 1165 1814 gratulationi
1217 1713 1289 1777 in
1340 1711 1619 1777 victoria
1670 1712 1816 1778 fuit.
1904 1711 1996 1776 Et
2041 1711 2098 1776 si
2141 1711 2348 1779 habet

317 1801 479 1866 Asia
524 1803 960 1886 suspicionem
1009 1801 1302 1865 luxuriae
1341 1798 1680 1885 quandam,
1724 1821 1856 1865 non
1894 1799 2122 1864 Asiam
2157 1821 2346 1865 num-

320 1893 514 1975 quam
561 1889 819 1975 vidisse,
865 1887 978 1955 sed
1024 1889 1093 1953 in
1129 1888 1293 1954 Asia
1336 1888 1742 1964 continenter
1787 1888 2030 1953 vixisse
2074 1888 2344 1954 laudan-

320 1978 472 2044 dum
518 1982 635 2043 est.
700 1977 908 2053 Quam
955 1977 1041 2041 ob
1086 1998 1221 2042 rem
1256 1997 1390 2041 non
1427 1977 1622 2041 Asiae
1657 1997 1895 2041 nomen
1930 1976 2344 2042 obiciendum
2373 1997 2434 2038 πο

318 2066 627 2132 Murenae
671 2065 827 2149 fuit,
881 2086 959 2129 ex
1004 2086 1133 2148 qua
1179 2064 1325 2129 laus
1370 2063 1686 2148 familiae,
1742 2065 2056 2130 memoria
2099 2067 2345 2151 generi,

317 2155 525 2256 honos
573 2158 641 2219 et
686 2154 897 2240 gloria
931 2152 1180 2217 nomini
1215 2152 1574 2218 constituta
1611 2156 1729 2237 est,
1775 2152 1888 2217 sed
1926 2152 2187 2237 aliquod
2226 2159 2346 2219 aut

317 2243 387 2307 in
432 2243 594 2307 Asia
646 2244 1017 2325 susceptum
1072 2245 1185 2305 aut
1231 2261 1308 2304 ex
1353 2240 1515 2305 Asia
1557 2239 1969 2341 deportatum
2013 2242 2343 2326 flagitium

320 2353 395 2396 ac
441 2330 732 2395 dedecus.
795 2328 1109 2393 Meruisse
1144 2350 1301 2394 vero
1347 2327 1725 2412 stipendia
1705 2352 1777 2393 m
1812 2350 1887 2393 eo
1925 2328 2117 2413 bello,
2164 2331 2342 2413 quod

317 2422 459 2483 tum
495 2418 773 2503 populus
810 2416 1142 2481 Romanus
1180 2437 1315 2481 non
1348 2415 1541 2481 modo
1578 2418 1950 2500 maximum,
1988 2417 2100 2481 sed
2138 2418 2345 2483 etiam
2371 2436 2432 2479 ευ

320 2506 533 2571 solum
581 2505 863 2590 gerebat,
908 2504 1190 2587 virtutiS,
1234 2506 1422 2589 patre
1468 2502 1861 2589 imperatore
1906 2467 2342 2571 libentissime

319 2593 632 2658 meruisse
676 2591 962 2677 pietatis,
1007 2591 1202 2656 finem
1241 2592 1709 2675 stipendiorum
1746 2593 1956 2677 patris
1993 2593 2340 2659 victoriam

321 2703 396 2746 ac
430 2680 834 2763 triumphum
869 2679 1070 2745 fuisse
1104 2679 1440 2745 felicitatis
1477 2680 1620 2745 fuit.
1692 2679 2040 2746 Maledicte
2077 2681 2343 2765 quidem

318 2768 557 2834 idcirco
603 2767 770 2831 nihil
813 2768 884 2831 in
926 2767 1102 2834 hisce
1147 2770 1342 2833 rebus
1388 2768 1517 2833 loci
1561 2772 1677 2852 est,
1722 2767 1895 2853 quod
1939 2769 2158 2834 omnia
2192 2771 2340 2835 laus

320 2856 673 2940 occupavit.
2371 2877 2434 2919 so
2533 2877 2534 2890 ¹

240 2924 283 2988 6
453 2943 843 3009 Saltatorem
881 2944 1174 3030 appellat
1208 2942 1281 3009 L.
1307 2943 1642 3010 Murenam
1682 2941 1866 3010 Cato.
1920 2943 2340 3012 Maledictum
2533 2924 2534 2965 ¹

216 3001 282 3049 13
322 3037 440 3116 est,
487 3032 543 3097 si
579 3053 729 3097 vere
774 3032 1070 3117 obicitur,
1113 3032 1513 3099 vehementis
1552 3032 1968 3116 accusatorie,
2013 3034 2115 3099 sin
2151 3035 2342 3116 falso,

318 3120 616 3186 maledici
653 3121 1125 3187 conviciatoris.
1186 3119 1416 3204 Quare,
1453 3141 1599 3185 cum
1636 3120 1768 3185 ista
1803 3122 1893 3186 sis
1933 3122 2341 3207 auctoritate,

315 3230 448 3274 non
494 3209 720 3292 debes,
774 3207 1021 3293 Marce,
1068 3210 1351 3293 arripere
1396 3207 1808 3273 maledictum
1856 3231 1934 3273 ex
1978 3211 2177 3276 trivio
2226 3217 2342 3277 aut

318 3320 396 3362 ex
451 3319 815 3365 scurrarum
862 3296 1081 3380 aliquo
1129 3295 1418 3361 convicio
1465 3317 1670 3380 neque
1716 3300 1960 3362 temere
2005 3300 2339 3364 consulem
2367 3317 2424 3359 οε

317 3385 543 3469 populi
587 3384 866 3450 Romani
922 3385 1304 3449 saltatorem
1359 3404 1619 3462 vocare,
1673 3384 1787 3449 sed
1830 3385 2341 3472 circumspicere,
2529 3382 2531 3401 ²

320 3473 555 3555 quibus
600 3477 935 3560 praeterea
980 3470 1156 3536 vitiis
1204 3471 1527 3538 adfectum
1572 3492 1712 3537 esse
1749 3494 2010 3538 necesse
2047 3475 2135 3539 sit
2171 3497 2341 3557 eum,
