2534 3875
336 196 473 261 416
905 194 1047 251 PRO
1086 194 1149 249 L.
1185 191 1468 249 FLACCO
1509 190 1794 249 ORATIO.

339 346 434 407 et·
471 340 663 406 multi
728 341 902 406 cives
959 339 1242 405 Romani
1308 341 1460 403 sunt
1516 342 1584 404 et
1637 338 1740 403 ius
1794 360 1835 403 a
1888 341 2117 403 nostro
2174 336 2375 421 magi·

340 434 554 495 stratu
591 429 870 495 dicitur?
938 426 1162 493 Otium
1190 431 1258 491 te
1288 427 1583 508 delectat,
1621 426 1789 509 lites,
1823 426 2077 509 turbae,
2113 429 2377 511 praetor

340 519 488 584 odio
535 522 654 601 est,
701 516 1101 583 Graecorum
1147 516 1454 580 libertate
1503 514 1765 601 gaudes.
1837 512 1970 579 Cur
2014 534 2173 599 ergo
2210 534 2380 578 unus

339 611 414 671 tu
462 604 1003 689 Apollonidenses
1059 604 1549 669 amantissimos
1597 601 1828 687 populi
1871 601 2179 683 Romani,
2223 601 2379 666 fide·

340 694 631 759 lissimos
687 694 936 777 sociOS‚
992 692 1362 758 miseriores
1418 690 1656 772 habeS,
1714 712 1911 775 quam
1957 694 2074 755 aut
2116 688 2378 755 Mithri·
2408 707 2437 747 ⁵

341 784 526 847 dates
575 786 691 847 aut
735 782 938 846 etiam
983 784 1173 865 pater
1210 783 1363 844 tuus
1402 779 1636 844 habuit
1670 779 2027 863 umquam?
2103 775 2238 842 Cur
2272 777 2381 842 his

340 894 458 956 per
503 874 572 935 te
616 870 748 934 frui
786 870 1093 934 libertate
1133 890 1267 951 sua,
1314 890 1429 933 cur
1467 867 1743 951 denique
1781 888 1923 931 esse
1960 866 2207 931 liberos
2245 886 2383 931 non

341 959 538 1024 licet?
596 957 913 1023 Homines
953 960 1106 1021 sunt
1141 961 1286 1021 tota
1323 978 1402 1020 ex
1431 956 1594 1022 Asia
1619 954 2071 1040 frugalissimi,
2109 955 2381 1019 sanctis-

341 1047 518 1129 simi,
582 1068 622 1111 a
686 1044 1082 1109 Graecorum
1146 1045 1406 1109 luxuria
1470 1048 1536 1108 et
1597 1044 1869 1109 levitate
1933 1042 2381 1127 remotissimi,

339 1138 558 1221 patres
602 1132 892 1198 familias
931 1154 1047 1197 suo
1088 1134 1390 1217 contenti,
1436 1135 1750 1213 aratores,
1793 1131 2140 1214 rusticani3
2180 1152 2379 1216 agros
2408 1148 2458 1188 ιο

338 1221 588 1288 habent
648 1224 715 1286 et
777 1226 1012 1286 natura
1073 1222 1397 1305 perbonos
1466 1225 1534 1284 et
1599 1219 1943 1306 diligentia
1996 1218 2382 1303 culturaque

341 1310 663 1375 meliores,
754 1309 832 1374 In
886 1309 1066 1375 hisce
1122 1310 1302 1395 agris
1356 1312 1433 1373 tu
1486 1308 1757 1392 praedia
1802 1307 2045 1373 habere
2088 1308 2381 1373 voluisti.

343 1396 626 1463 Omnino
673 1397 957 1481 mallem,
1004 1401 1071 1461 et
1117 1396 1327 1481 magis
1376 1403 1518 1461 erat
1552 1400 1759 1480 tuum,
1805 1396 1862 1460 si
1896 1396 2031 1460 iam
2068 1399 2135 1460 te
2175 1396 2384 1460 crassi

344 1486 488 1572 agri
553 1486 988 1567 delectabant,
1051 1485 1159 1549 hic
1225 1485 1467 1550 alicubi
1532 1486 1603 1549 in
1656 1483 2075 1549 Crustumino
2136 1488 2257 1548 aut
2311 1484 2383 1547 in

235 1590 302 1640 72
342 1574 660 1659 Capenati
704 1575 1095 1659 paravisses.
1166 1571 1416 1638 Verum
1464 1576 1633 1657 esto3
1682 1570 1951 1637 Catonis
1990 1575 2093 1636 est
2129 1572 2382 1637 dictum
2408 1588 2453 1629 1⁵

340 1662 701 1748 ‘pedibus
749 1662 1240 1746 compensari
1287 1659 1743 1746 pecuniam.’
1834 1659 2061 1745 Longe
2109 1661 2379 1725 omnino

341 1775 382 1815 a
427 1749 650 1816 Tiberi
705 1750 788 1815 ad
835 1749 1129 1834 Caicum,
1186 1771 1315 1835 quo
1367 1749 1439 1814 in
1482 1750 1625 1815 loco
1674 1748 1874 1814 etiam
1921 1749 2380 1834 Agamemnon

341 1861 488 1904 cum
526 1838 812 1903 exercitu
849 1842 1151 1921 errasset,
1187 1838 1319 1902 nisi
1356 1837 1583 1902 ducem
1611 1836 1973 1921 Telephum
2000 1836 2380 1901 invenisset.

343 1925 470 1993 Sed
516 1926 795 1993 concedo
843 1926 912 1993 id
957 1948 1241 2011 quoque3
1285 1926 1535 2010 placuit
1571 1925 1901 2010 oppidum,
1946 1924 2129 2010 regio
2168 1924 2380 1991 delec-

234 2017 321 2080 30
342 2016 530 2081 tavit.
619 2015 930 2081 Emisses.
1020 2015 1348 2098 Amyntas
1396 2018 1499 2079 est
1544 2036 1798 2100 genere,
1841 2015 2107 2097 honore,
2156 2015 2379 2078 existi·
2407 2031 2454 2071 20
2527 1987 2528 1990 Ἴ

234 2646 300 2696 73

235 3520 303 3569 '14

339 2104 652 2187 matione,
707 2103 983 2189 pecunia
1036 2104 1338 2186 princeps
1394 2103 1571 2167 illius
1618 2103 1922 2168 civitatis.
2012 2101 2228 2166 Huius
2278 2123 2379 2168 so·

341 2213 548 2276 crum,
611 2191 952 2257 mulierem
1015 2190 1330 2256 imbecilli
1395 2191 1677 2274 consilii,
1745 2189 1906 2256 satis
1961 2190 2379 2276 locupletem,

339 2280 608 2366 pellexit
654 2279 977 2344 Decianus
1024 2278 1107 2344 ad
1155 2300 1297 2344 sese
1344 2282 1428 2360 et,
1476 2301 1623 2344 cum
1667 2279 1804 2363 illa,
1850 2278 2003 2362 quid
2051 2285 2378 2364 ageretur,

337 2368 636 2451 nesciret,
669 2367 741 2432 in
777 2369 1190 2453 possessione
1226 2367 1644 2451 praediorum
1672 2367 1809 2431 eius
1838 2366 2158 2431 familiam
2188 2388 2378 2433 suam
2526 2415 2528 2454 ᾗ

339 2456 712 2540 collocavit3
767 2477 1036 2521 uxorem
1093 2455 1365 2520 abduxit
1418 2456 1502 2520 ab
1549 2455 1837 2540 Amynta
1879 2460 2376 2540 praegnantem,
2404 2473 2451 2513 25
2527 2455 2528 2470 *

339 2564 505 2627 quae
568 2545 823 2628 peperit
879 2545 1052 2629 apud
1104 2542 1467 2609 Decianum
1520 2543 1755 2626 filiam,
1820 2543 2144 2626 hodieque
2202 2545 2377 2630 apud

339 2631 697 2697 Decianum
755 2636 866 2720 est¹
910 2636 976 2696 et
1029 2653 1192 2696 uxor
1240 2632 1569 2715 Amyntae
1625 2636 1692 2696 et
1744 2631 1900 2696 filia.
1990 2629 2170 2696 Num
2218 2633 2377 2717 quid

337 2719 572 2784 harum
627 2741 845 2784 rerum
901 2741 942 2783 a
995 2741 1099 2784 me
1152 2720 1453 2804 fingitur,
1509 2717 1837 2785 Deciane‘?
1928 2716 2158 2784 Sciunt
2212 2720 2377 2786 haec

339 2828 561 2872 omnes
605 2807 879 2891 nobiles,
925 2808 1141 2873 sciunt
1185 2809 1343 2872 boni
1388 2807 1531 2890 viri,
1578 2808 1793 2873 sciunt
1838 2807 2114 2891 denique
2159 2809 2375 2875 nostri

336 2895 664 2978 homineS,
743 2896 960 2961 sciunt
1042 2895 1397 2960 mediocres
1468 2897 1933 2980 negotiatores.
2049 2894 2367 2982 Exsurge,
2393 2913 2443 2954 ³⁰

338 2984 646 3067 Amynta,
688 2987 910 3067 repete
949 3005 988 3048 a
1024 2982 1309 3049 Deciano
1346 3005 1478 3049 non
1513 2984 1874 3068 pecuniam,
1910 3006 2045 3049 non
2080 2986 2367 3070 praedia,

339 3093 598 3137 socrum
645 3070 918 3157 denique
965 3072 1092 3136 sibi
1135 3072 1409 3157 habeat3
1456 3073 1765 3137 restituat
1808 3094 2095 3157 uxorem,
2140 3074 2369 3139 reddat

337 3161 576 3225 misero
632 3161 807 3242 patri
859 3160 1082 3224 filiam.
1183 3159 1507 3245 Membra,
1560 3181 1723 3244 quae
1779 3159 2155 3226 debilitavit
2208 3163 2369 3246 lapi-

339 3247 556 3327 dibus,
610 3247 920 3330 fustibus,
975 3247 1149 3312 ferro
1161 3297 1180 3331 ,
1223 3268 1483 3332 manuS,
1531 3270 1694 3333 quas
1741 3250 2062 3332 contudit,
2107 3249 2369 3336 digitos,

339 3355 502 3416 quos
549 3334 901 3419 confregit,
954 3356 1215 3419 nervoS‚
1272 3356 1436 3420 quos
1483 3335 1789 3420 concidit,
1844 3337 2191 3402 restituere
2232 3359 2366 3404 non
2390 3352 2437 3394 ³⁵

337 3424 586 3506 potest3
612 3423 837 3506 filiam,
863 3422 1089 3505 filiam,
1115 3424 1402 3506 inquam,
1432 3445 1821 3490 aerumnoso
1841 3427 2035 3510 patri,
2064 3425 2364 3508 Deciane‚

340 3508 551 3573 redde.
641 3508 822 3574 Haec
867 3508 1096 3575 Flacco
1151 3531 1287 3574 non
1338 3511 1653 3594 probasse
1707 3516 1775 3576 te
1832 3513 2136 3579 miraris?
2228 3511 2364 3597 cui,
