2534 3875
351 150 488 213 434
561 148 830 205 ORATIO
869 150 1052 204 POST
1089 149 1422 205 REDITUM
1458 149 1539 203 IN
1578 148 1871 205 SENATU
1906 148 2202 203 HABITA.

350 294 626 377 valeret,
681 317 846 379 quae
912 296 1126 359 nostri
1190 295 1471 360 maiores
1529 294 1893 359 certissima
1946 294 2240 359 subsidia
2291 294 2390 358 rei

352 382 652 467 publicae
729 387 958 448 contra
1028 383 1414 448 tribunicios
1485 382 1741 447 furores
1814 404 1953 447 esse
2021 384 2386 448 voluerunt.

247 482 313 529 12
352 468 662 555 Idemque
698 475 945 555 postea,
982 493 1130 535 cum
1156 471 1653 536 innumerabilis
1682 470 2035 534 multitudo
2063 471 2388 535 bonorum

353 558 432 621 de
479 556 808 641 Capitolio
855 560 1126 644 supplex
1173 559 1256 624 ad
1302 581 1449 623 eum
1496 558 1828 625 sordidata
1864 558 2167 639 venisset,
2214 580 2388 623 cum-

353 666 477 731 que
515 647 964 711 adulescentes
1000 647 1395 712 nobilissimi
1434 648 1775 729 cunctique
1814 646 2063 729 equites
2102 646 2389 711 Romani
2417 664 2445 703 5

353 755 424 799 se
487 735 572 801 ad
633 735 890 800 lenonis
953 734 1451 820 impudicissimi
1512 735 1709 819 pedes
1774 734 2189 817 abiecissent,
2256 756 2386 818 quo

351 824 540 888 vultu
596 823 998 890 cincinnatus
1054 844 1262 906 ganeo
1318 844 1452 887 non
1506 823 1720 887 solum
1775 822 2011 886 civium
2059 822 2387 906 lacrimas,

353 932 579 975 verum
645 911 845 975 etiam
909 912 1160 995 patriae
1224 932 1449 995 preces
1513 910 1905 993 repudiavit!
2014 908 2247 993 Neque
2310 932 2387 975 eo

353 1003 700 1065 contentus
745 999 892 1082 fuit,
939 999 1052 1063 sed
1098 1000 1299 1063 etiam
1339 999 1410 1063 in
1446 999 1819 1063 contionem
1854 998 2143 1063 escendit
2180 1020 2386 1083 eaque

355 1087 543 1171 dixit,
591 1109 773 1171 quae,
820 1088 879 1151 si
924 1088 1062 1151 eius
1108 1087 1210 1152 vir
1256 1086 1543 1153 Catilina
1587 1086 1949 1171 revixisset,
1993 1086 2205 1151 dicere
2231 1101 2389 1151 'non
2413 1104 2465 1141 10

353 1179 527 1240 esset
573 1197 794 1258 ausus,
841 1197 910 1239 se
955 1174 1301 1240 Nonarum
1346 1174 1828 1258 Decembrium,
1875 1196 2039 1259 quae
2084 1196 2188 1238 me
2236 1195 2387 1239 con-

352 1263 496 1328 sule
539 1262 844 1345 fuissent,
900 1263 1180 1346 clivique
1229 1261 1586 1348 Capitolini
1630 1284 1878 1347 poenas
1922 1263 2006 1327 ab
2053 1262 2387 1347 equitibus

352 1351 668 1416 Romanis
716 1373 858 1416 esse
895 1352 1342 1436 repetiturum.
1406 1350 1633 1434 Neque
1672 1352 1885 1416 solum
1922 1350 1989 1414 id
2026 1350 2209 1433 dixit,
2258 1352 2389 1432 sed,

354 1460 516 1523 quos
555 1439 616 1504 ei
652 1440 1064 1504 commodum
1099 1439 1246 1522 fuit,
1292 1439 1730 1523 compellavit,
1775 1438 1848 1504 L.
1874 1460 2030 1503 vero
2068 1437 2388 1521 Lamiam,
2525 1518 2526 1521 Ἴ

355 1528 636 1610 equitem
681 1527 1078 1612 Romanum,
1133 1527 1499 1611 praestanti
1553 1527 1875 1612 dignitate
1926 1527 2266 1591 hominem
2324 1532 2389 1591 et
2413 1542 2461 1583 1⁵
2525 1566 2526 1603 3

356 1616 558 1680 saluti
592 1638 775 1681 meae
813 1638 932 1701 pro
969 1615 1440 1697 familiaritate,
1476 1614 1573 1679 rei
1608 1614 1907 1699 publicae
1944 1637 2062 1699 pro
2098 1614 2389 1679 fortunis

357 1704 490 1768 suis
556 1702 1051 1787 amicissimum,
1115 1705 1341 1769 consul
1404 1704 1792 1787 imperiosus
1858 1704 2031 1767 exire
2093 1724 2172 1769 ex
2226 1704 2389 1769 urbe

353 1791 566 1857 iussit.
664 1790 754 1858 Et
817 1814 963 1857 cum
1026 1814 1144 1857 vos
1208 1797 1457 1856 vestem
1522 1791 1901 1857 mutandam
1967 1791 2388 1857 censuissetis

357 1880 694 1964 cunctique
742 1880 1118 1946 mutassetis
1166 1885 1362 1966 atque
1398 1880 1569 1945 idem
1608 1901 1831 1945 omnes
1870 1879 2026 1945 boni
2062 1880 2196 1945 iam
2236 1884 2390 1946 ante
2524 1900 2526 1972 5

355 1969 688 2051 fecissent,
747 1970 858 2033 ille
913 1970 1264 2053 unguentis
1328 1969 1571 2033 oblitus
1630 1990 1777 2033 cum
1824 1973 1984 2054 toga
2026 1974 2392 2054 praetexta,
2418 1986 2463 2025 2⁰

358 2079 554 2141 quam
629 2079 853 2122 omnes
926 2062 1263 2141 praetores
1338 2057 1706 2140 aedilesque
1781 2062 1923 2121 tum
1998 2057 2393 2138 abiecerant,

355 2145 572 2210 inrisit
619 2146 990 2229 squalorem
1036 2149 1327 2210 vestrum
1374 2149 1439 2210 et
1483 2146 1730 2209 luctum
1778 2145 2194 2230 gratissimae
2242 2146 2393 2210 civi-

357 2234 515 2298 tatis
562 2233 861 2317 fecitque,
907 2233 1081 2316 quod
1126 2255 1319 2298 nemo
1367 2255 1676 2316 umquam
1721 2236 2062 2317 tyrannuS,
2106 2238 2212 2317 ut,
2262 2255 2389 2317 quo

357 2322 573 2386 minus
654 2322 902 2386 occulte
974 2326 1263 2386 vestrum
1338 2321 1587 2385 malum
1662 2321 2034 2404 gemeretis,
2107 2321 2157 2402 ἦ·
2220 2322 2386 2386 nihil
2524 2383 2526 2394 2

311 2410 626 2526 6diceret,
679 2431 761 2474 ne
819 2413 1041 2494 aperte
1095 2409 1510 2474 incommoda
1555 2410 1809 2492 patriae
1855 2409 2199 2493 lugeretis,
2258 2409 2387 2474 edi-
2413 2421 2457 2463 2⁵

276 2534 346 2584 13
359 2500 548 2562 ceret.
649 2494 812 2562 Cum
877 2519 1030 2562 vero
1096 2499 1163 2562 in
1228 2499 1399 2562 circo
1456 2497 1777 2561 Flaminio
1840 2518 1974 2562 non
2028 2519 2069 2561 a
2121 2498 2389 2562 tribuno

358 2587 443 2669 pl.
508 2586 732 2650 consul
795 2585 865 2649 in
927 2585 1329 2668 contionem,
1392 2584 1505 2649 sed
1570 2608 1609 2649 a
1671 2585 1925 2650 latrone
1992 2585 2393 2670 archipirata

357 2673 710 2754 productus
750 2678 940 2754 esset,
976 2674 1260 2757 primum
1298 2673 1636 2756 processit,
1673 2695 1802 2757 qua
1839 2673 2234 2738 auctoritate
2263 2675 2389 2739 vir!

357 2760 541 2841 Vini,
588 2762 828 2843 somni,
875 2761 1086 2846 stupri
1133 2762 1364 2845 plenus
1376 2812 1393 2845 ,
1426 2761 1727 2826 madenti
1774 2782 1976 2844 coma,
2023 2763 2389 2845 composito

357 2849 618 2933 capi110,
665 2849 974 2933 gravibus
1025 2851 1248 2932 oculis,
1292 2849 1643 2914 fluentibus
1683 2849 1919 2932 buccis,
1965 2871 2195 2934 pressa
2232 2872 2390 2915 voce
2414 2865 2457 2906 3⁰

359 2941 425 3001 et
466 2937 848 3020 temulenta,
896 2937 1067 3020 quod
1115 2938 1185 3002 in
1231 2937 1389 3002 civis
1436 2937 1846 3002 indemnatos
1886 2941 2059 3002 esset
2096 2939 2391 3004 animad-

357 3047 643 3107 versum,
706 3026 772 3089 id
839 3026 967 3090 sibi
1031 3024 1194 3089 dixit
1258 3025 1477 3110 gravis
1534 3029 1759 3090 auctor
1818 3025 2392 3092 vehementissime

361 3113 717 3196 displicere.
809 3112 942 3178 Ubi
994 3114 1186 3178 nobis
1241 3114 1404 3179 haec
1458 3115 1809 3178 auctoritas
1856 3118 1997 3178 tam
2044 3113 2153 3177 diu
2200 3117 2394 3180 tanta

358 3201 595 3266 latuit?
652 3223 766 3266 cur
819 3203 889 3265 in
942 3201 1170 3265 lustris
1219 3205 1287 3265 et
1331 3201 1840 3266 helluationibus
1886 3203 2079 3266 huius
2127 3203 2393 3267 calami-

362 3289 556 3352 strati
611 3289 950 3354 saltatoris
997 3293 1135 3352 tam
1184 3289 1421 3353 eximia
1470 3289 1673 3354 virtus
1720 3292 1857 3353 tam
1905 3289 2015 3354 diu
2060 3292 2459 3356 cessavitP³⁵
2525 3283 2526 3332 3

361 3374 535 3439 Nam
580 3376 694 3440 ille
742 3378 908 3442 alter
953 3375 1356 3441 Caesoninus
1402 3375 1775 3442 Calventius
1824 3378 1907 3442 ab
1946 3378 2391 3444 adulescentia

361 3468 658 3528 versatus
724 3467 824 3528 est
887 3465 957 3528 in
1018 3463 1188 3548 for0,
1263 3486 1408 3528 cum
1475 3486 1621 3529 eum
1684 3471 1945 3550 praeter
2008 3465 2389 3532 simulatam
