2534 3875
238 165 371 228 242
799 162 942 220 PRO
979 165 1039 222 C.
1076 164 1377 220 RABIRIO
1418 162 1708 221 ORATIO.

244 313 486 376 sectam
526 310 727 396 sequi,
771 310 951 376 cuius
988 309 1261 395 imperio
1299 331 1526 394 parere
1564 309 1978 394 potissimum
2016 309 2270 375 velles?

244 398 586 482 ‘Patruus',
639 399 879 483 inquit,
933 397 1138 463 ‘meus
1194 421 1342 464 cum
1389 395 1737 462 Saturnino
1793 397 1961 462 fuit’.
2054 396 2271 473 Quid?

241 490 431 572 pater
459 487 762 570 quicum?
800 487 999 573 quid?
1037 487 1387 571 propinqui
1414 486 1638 569 vestri,
1667 485 1915 570 equites
1944 486 2271 551 Romani?

247 574 445 659 quid‘?
484 578 696 641 omnis
733 575 1161 661 praefectura,
1198 575 1400 660 regio,
1436 573 1738 639 vicinitas
1776 575 2038 639 vestra?
2069 574 2273 659 quid?

246 685 405 750 ager
440 663 710 729 Picenus
757 665 1096 728 universus
1141 666 1362 728 utrum
1404 662 1821 728 tribunicium
1857 661 2145 727 furorem
2185 685 2273 727 an
2302 677 2334 720 5

136 767 207 816 23
248 753 652 818 consularem
710 752 1167 818 auctoritatem
1222 754 1479 817 secutus
1538 751 1680 816 est?
1769 750 2088 835 Equidem
2142 751 2274 816 hoc

246 840 543 923 adfirmo,
602 841 772 924 quod
826 843 901 905 tu
953 862 1123 904 nunc
1180 839 1257 904 de
1303 843 1418 905 tuo
1465 843 1700 924 patruo
1747 839 2109 924 praedicas,
2152 861 2273 904 ‘ne-

245 929 486 993 minem
544 950 856 1012 umquam
913 928 1121 993 adhuc
1168 929 1246 992 de
1307 950 1376 994 se
1433 949 1572 992 esse
1627 928 2022 1011 confessum3
2074 949 2270 992 nemo

247 1020 375 1101 est,
429 1015 725 1100 inquam,
778 1017 1081 1083 inventus
1127 1021 1266 1082 tam
1311 1016 1728 1103 profligatus,
1772 1021 1909 1081 tam
1955 1016 2272 1102 perdituS,

244 1108 384 1168 tam
431 1105 513 1168 ab
562 1104 739 1169 omni
784 1127 917 1170 non
960 1105 1153 1170 modo
1198 1106 1560 1188 honestate,
1607 1105 1720 1170 sed
1765 1105 1964 1169 etiam
2003 1105 2268 1170 simula·
2302 1123 2356 1162 1⁰

246 1193 423 1258 tione
487 1192 851 1258 honestatis
906 1193 1200 1277 relictae,
1269 1193 1382 1278 qui
1435 1214 1504 1258 se
1557 1193 1629 1257 in
1683 1192 2011 1278 Capitolio
2064 1193 2271 1258 fuisse

247 1303 391 1347 cum
466 1279 816 1346 Saturnino
888 1281 1221 1347 fateretur.
1331 1281 1424 1345 At
1493 1281 1619 1346 fuit
1691 1285 1908 1346 vester
1977 1285 2270 1366 patruus,

244 1368 496 1453 Fuerit,
560 1374 625 1435 et
686 1370 885 1435 fuerit
945 1371 1129 1435 nulla
1193 1370 1641 1454 desperatione
1704 1392 1921 1434 rerum
1985 1391 2271 1453 suarum,

244 1457 445 1522 nullis
511 1458 882 1523 domesticis
945 1459 1324 1523 vulneribus
1387 1463 1676 1542 coactus;
1739 1458 2063 1523 induxerit
2119 1481 2268 1523 eum

244 1545 316 1612 L.
346 1543 683 1611 Saturnini
726 1547 1159 1630 familiaritas,
1206 1551 1280 1610 ut
1317 1546 1673 1620 amicitiam
1707 1547 1960 1630 patriae
1997 1568 2268 1632 praepo·
2299 1562 2354 1604 1⁵

245 1640 456 1719 neret;
510 1634 830 1700 idcircone
878 1635 1168 1720 oportuit
1214 1633 1282 1699 O.
1328 1634 1668 1700 Rabirium
1716 1635 2065 1700 desciscere
2112 1657 2152 1699 a
2197 1657 2270 1700 re

244 1724 533 1807 publica,
595 1745 727 1788 non
791 1745 1161 1808 comparere
1225 1722 1295 1786 in
1358 1723 1477 1788 illa
1541 1726 1795 1788 armata
1848 1723 2268 1788 multitudine

244 1812 583 1895 bonorum,
628 1812 964 1876 consulum
1001 1813 1143 1877 voci
1190 1815 1384 1895 atque
1430 1811 1702 1896 imperio
1740 1833 1873 1876 non
1919 1812 2268 1877 oboedire?

134 1913 209 1963 24
248 1899 452 1985 Atqui
506 1900 797 1966 videmus
854 1900 1014 1966 haec
1072 1900 1142 1964 in
1198 1922 1414 1966 rerum
1458 1903 1694 1966 natura
1737 1899 1868 1965 tria
1911 1899 2138 1985 fuisse,
2192 1905 2269 1965 ut

247 1994 360 2054 aut
416 2011 562 2054 cum
610 1987 959 2053 Saturnino
1016 1993 1189 2053 esset
1244 1994 1359 2054 aut
1413 2012 1558 2055 cum
1615 1989 1805 2053 bonis
1853 1993 1966 2053 aut
2011 1990 2266 2056 lateret.
2297 2008 2356 2049 πο

243 2077 475 2143 Latere
515 2078 745 2142 mortis
794 2080 933 2141 erat
977 2078 1188 2141 instar
1232 2078 1677 2163 turpissimae,
1722 2100 1869 2143 cum
1916 2075 2265 2143 Saturnino

245 2188 385 2231 esse
430 2165 669 2230 furoris
726 2168 792 2229 et
846 2166 1133 2250 sceleris3
1188 2166 1398 2230 virtus
1455 2170 1521 2230 et
1572 2166 1879 2230 honestas
1936 2169 2002 2231 et
2056 2166 2267 2251 pudor

245 2276 388 2319 cum
435 2253 807 2319 consulibus
856 2275 996 2318 esse
1033 2255 1326 2337 cogebat.
1387 2253 1532 2319 Hoc
1569 2258 1641 2319 tu
1677 2254 1880 2340 igitur
1915 2254 1985 2318 in
2021 2254 2266 2321 crimen

244 2364 456 2426 vocaS,
502 2342 673 2426 quod
720 2364 865 2406 cum
910 2342 991 2407 iis
1038 2341 1235 2406 fuerit
1281 2340 1348 2407 G.
1385 2342 1707 2424 Rabirius,
1754 2364 1914 2428 quos
1963 2344 2268 2408 amentis-

246 2431 449 2495 simus
476 2429 710 2493 fuisset
737 2430 794 2494 si
824 2434 1284 2516 oppugnasset,
1312 2431 1746 2514 turpissimae„
1775 2431 1832 2495 si
1848 2431 2265 2515 reliquisset?
2293 2448 2348 2491 25

166 2514 207 2579 9
246 2518 340 2581 At
387 2516 455 2583 G.
503 2517 825 2583 Decianus
837 2569 854 2602 ,
901 2518 979 2582 de
1026 2541 1152 2603 quo
1198 2522 1275 2581 tu
1322 2540 1512 2603 saepe
1559 2540 2047 2603 commemoraS,
2093 2522 2266 2604 quia,

244 2628 391 2670 cum
453 2604 787 2671 hominem
852 2606 1149 2671 omnibus
1212 2606 1535 2691 insignem
1588 2608 1766 2672 notis
1822 2608 2266 2693 turpitudiniS,

244 2692 313 2757 P.
358 2691 642 2776 Furium,
688 2699 1020 2759 accusaret
1057 2717 1309 2761 summo
1348 2694 1562 2761 studio
1600 2696 1916 2761 bonorum
1957 2697 2265 2782 omnium,

246 2781 427 2865 queri
474 2785 575 2845 est
620 2804 814 2846 ausus
860 2782 930 2847 in
974 2783 1274 2865 contione
1320 2783 1396 2849 de
1444 2787 1652 2849 morte
1701 2783 2063 2869 Saturnini,
2117 2807 2266 2850 con·

245 2870 584 2934 demnatus
642 2874 772 2951 est,
828 2873 893 2933 et
939 2867 1081 2935 Sex.
1125 2871 1362 2955 Titius,
1424 2872 1593 2956 quod
1635 2872 1868 2937 habuit
1911 2872 2265 2958 imaginem
2293 2891 2346 2931 3⁰

243 2957 315 3022 L.
362 2954 695 3022 Saturnini
740 2958 915 3023 domi
961 2980 1133 3038 suae,
1170 2961 1633 3026 condemnatus
1682 2965 1799 3026 est.
1881 2958 2266 3027 Statuerunt

244 3047 495 3130 equites
540 3045 821 3111 Romani
872 3047 990 3113 illo
1044 3047 1280 3113 iudicio
1337 3048 1709 3133 improbum
1754 3049 1961 3114 civem
2007 3072 2149 3115 esse
2197 3056 2265 3115 et

240 3157 375 3200 non
428 3134 835 3200 retinendum
890 3134 959 3199 in
1004 3136 1299 3220 civitate,
1357 3138 1466 3221 qui
1512 3138 1792 3202 hominis
1837 3137 2149 3203 hostilem
2194 3140 2267 3203 in

242 3223 505 3288 modum
551 3223 843 3288 seditiosi
886 3223 1171 3309 imagine
1218 3229 1332 3289 aut
1377 3229 1652 3290 mortem
1701 3227 1836 3290 eius
1882 3226 2267 3293 honestaret

244 3315 357 3376 aut
430 3312 746 3376 desideria
807 3312 1257 3395 imperitorum
1323 3313 1765 3379 misericordia
1827 3320 2266 3380 commoveret
2294 3331 2348 3375 35

244 3403 357 3462 aut
386 3420 569 3464 suam
590 3400 987 3486 significaret
1005 3401 1358 3466 imitandae
1377 3401 1816 3486 improbitatis
1837 3403 2265 3469 voluntatem.

134 3498 203 3547 25
240 3485 469 3571 Itaque
524 3488 688 3553 mihi
744 3489 981 3554 mirum
1036 3489 1319 3567 videtur,
1379 3490 1546 3555 unde
1591 3491 1760 3557 hanc
1803 3495 1908 3570 tu,
1959 3490 2267 3573 Labiene,
