2534 3875
292 198 379 264 38
850 196 992 252 PRO
1030 198 1096 250 A.
1136 193 1460 250 CAECINA
1497 193 1792 250 ORATIO.

292 342 505 408 cinam
552 364 698 407 cum
744 342 969 407 amicis
1016 345 1199 406 metu
1244 339 1666 426 perterritum
1711 337 2116 424 profugisse3
2163 357 2340 402 nune

294 452 547 516 quoque
593 433 661 494 in
706 430 942 496 iudicio
990 430 1049 494 si
1094 451 1292 495 causa
1328 449 1509 493 more
1558 427 1989 511 institutoque
2037 426 2340 491 omnium

294 519 693 601 defendatur,
739 540 861 584 nos
909 518 1251 583 inferiores
1295 517 1367 581 in
1412 516 1665 603 agendo
1712 537 1843 581 non
1889 514 2184 598 futuros;
2231 515 2340 578 sin

295 630 335 673 a
380 608 843 673 consuetudine
889 605 1253 684 recedatur,
1301 627 1389 689 se,
1437 628 1564 691 quo
1612 604 2054 688 impudentius
2105 604 2340 684 egerit,

294 697 419 761 hoc
483 697 878 780 superiorem
948 694 1402 759 discessurum.
1495 691 1696 768 Quasi
1759 712 1912 757 vero
1977 695 2095 756 aut
2159 691 2338 755 idem
2365 707 2391 744 ⁵

293 785 505 870 possit
557 785 627 849 in
685 784 924 848 iudicio
972 782 1388 866 improbitas,
1447 781 1617 866 quod
1672 781 1740 844 in
1791 781 1859 844 vi
1919 779 2339 861 confidentia,

298 875 413 938 aut
468 893 589 937 nos
649 893 783 937 non
841 893 918 936 eo
980 870 1293 935 libentius
1353 874 1496 935 tum
1555 868 1862 934 audaciae
1926 868 2341 950 cesserimus,

228 978 259 1026 3
299 982 427 1045 quo
490 982 658 1025 nunc
719 959 1139 1044 inpudentiae
1199 956 1458 1023 facilius
1525 957 2008 1022 obsisteremus.
2100 953 2340 1039 Itaque

298 1050 495 1134 longe
541 1048 671 1112 alia
704 1049 979 1131 ratione,
1021 1050 1530 1131 recuperatores,
1576 1045 1660 1110 ad
1707 1045 2027 1131 agendam
2064 1065 2339 1109 causam

298 1138 421 1202 hac
468 1136 724 1200 actione
770 1136 987 1217 venio,
1052 1138 1249 1219 atque
1295 1135 1485 1200 initio
1531 1155 1852 1199 veneram.
1941 1129 2111 1197 Tum
2158 1134 2337 1197 enim
2372 1147 2418 1186 ιο

298 1227 564 1289 nostrae
623 1245 857 1288 causae
921 1245 1069 1306 spes
1131 1228 1273 1288 erat
1329 1224 1546 1308 posita
1606 1223 1678 1287 in
1735 1220 2111 1286 defensione
2171 1242 2341 1304 mea,

299 1333 473 1377 nunc
524 1313 594 1376 in
638 1311 1043 1378 confessione
1090 1311 1471 1394 adversarii,
1525 1315 1668 1376 tum
1712 1311 1780 1374 in
1826 1309 2104 1392 nostris,
2165 1331 2344 1374 nunc

301 1422 456 1465 vero
492 1400 563 1464 in
600 1401 862 1469 illorum
906 1400 1214 1483 testibus3
1261 1400 1340 1464 de
1387 1400 1622 1484 quibus
1670 1417 1793 1482 ego
1839 1401 2034 1462 antea
2081 1397 2342 1462 labora·
2375 1463 2384 1469 ,

302 1489 483 1570 bam,
529 1510 643 1572 ne,
690 1491 746 1554 si
791 1489 1077 1574 improbi
1126 1491 1373 1571 essent,
1417 1486 1572 1552 falsi
1619 1486 1864 1570 aliquid
1909 1485 2230 1568 dicerent,
2287 1487 2346 1552 si

302 1579 493 1662 probi
537 1577 1082 1661 existimarentur,
1128 1577 1302 1660 quod
1346 1576 1660 1641 dixissent
1675 1625 1694 1658 ,
1737 1575 2121 1660 probarent3
2166 1596 2345 1638 nunc
2374 1588 2416 1627 1⁵

306 1688 449 1729 sum
494 1665 713 1730 animo
761 1665 1169 1750 aequissimo.
1262 1663 1332 1730 Si
1378 1666 1551 1729 enim
1606 1668 1761 1729 sunt
1810 1663 1934 1727 viri
1987 1663 2173 1746 boni,
2239 1685 2344 1726 me

305 1753 643 1836 adiuvant,
702 1775 847 1819 cum
906 1753 975 1817 id
1037 1754 1232 1818 iurati
1291 1753 1542 1835 dicunt,
1604 1751 1778 1836 quod
1837 1770 1958 1834 ego
2015 1750 2343 1816 iniuratus

304 1841 647 1924 insimulo;
704 1842 815 1906 sin·
861 1845 1079 1906 autem
1136 1842 1350 1906 minus
1405 1841 1649 1925 idonei,
1705 1860 1807 1903 me
1860 1860 1994 1904 non
2050 1837 2343 1924 laedunt,

304 1952 451 1997 cum
498 1931 597 2013 iis,
653 1930 787 1994 sive
831 1931 1117 2013 creditur,
1174 1927 1460 1995 creditur
1504 1929 1630 1994 hoc
1684 1929 1929 2012 ipsum,
1987 1926 2161 2011 quod
2217 1948 2342 1992 nos

307 2019 661 2103 arguimus,
698 2018 836 2083 sive
876 2018 1031 2082 fides
1068 2040 1200 2083 non
1235 2018 1532 2096 habetur,
1570 2017 1648 2082 dc
1687 2016 2038 2081 adversarii
2066 2016 2343 2080 testium
2369 2031 2418 2069 2⁰

304 2107 432 2171 fide
485 2107 855 2193 derogatur.

438 2194 685 2260 Verum
736 2200 961 2261 tamen
1022 2216 1168 2261 cum
1221 2195 1490 2260 illorum
1537 2194 1860 2260 actionem
1906 2213 2140 2258 causae
2187 2213 2345 2257 con-

306 2283 547 2366 sidero,
598 2304 733 2349 non
776 2283 993 2367 video,
1050 2281 1203 2368 quid
1248 2281 1667 2367 inpudentius
1715 2282 1840 2347 dici
1889 2280 2136 2366 possit,
2191 2302 2344 2345 cum

306 2376 527 2436 autem
572 2377 857 2437 vestram
903 2372 973 2436 in
1017 2371 1360 2437 iudicando
1409 2371 1881 2435 dubitationem
1902 2420 1918 2452 ,
1965 2389 2215 2451 vereor,
2263 2390 2344 2433 ne
2486 2420 2487 2453 3

305 2460 391 2542 id,
438 2459 607 2543 quod
654 2459 956 2524 videntur
998 2460 1389 2545 inpudenter
1434 2458 1681 2541 fecisse,
1727 2461 1941 2522 astute
1988 2462 2054 2522 et
2101 2456 2339 2521 callide
2367 2472 2414 2511 2⁵
2486 2458 2487 2467 ‘

305 2547 595 2612 fecerint.
684 2546 884 2625 Nam,
940 2548 1001 2612 si
1052 2551 1410 2633 negassent
1463 2548 1597 2612 vim
1642 2546 2014 2612 hominibus
2051 2547 2344 2620 ‚armatis
2486 2550 2487 2557 ³

308 2656 449 2700 esse
504 2634 774 2719 factam,
827 2635 1017 2701 facile
1071 2636 1554 2701 honestissimis
1610 2635 1892 2699 testibus
1945 2634 2014 2698 in
2069 2654 2141 2697 re
2201 2655 2345 2717 per·

309 2724 534 2807 spicua
570 2726 971 2806 tenerentur3
1012 2724 1114 2789 sin
1150 2723 1432 2789 confessi
1469 2728 1688 2788 essent
1725 2726 1791 2787 et
1826 2722 1911 2806 id,
1949 2721 2121 2807 quod
2158 2722 2344 2786 nullo

304 2816 598 2896 tempore
642 2812 783 2876 iure
829 2812 967 2876 fieri
1013 2815 1252 2896 potest,
1298 2816 1442 2876 tum
1489 2812 1574 2875 ab
1621 2833 1690 2875 se
1734 2810 1875 2895 iure
1911 2811 2162 2875 factum
2201 2831 2348 2875 esse

308 2900 747 2981 defenderent,
804 2905 1174 2985 sperarunt,
1227 2900 1298 2963 id
1351 2900 1525 2984 quod
1571 2899 1853 2966 assecuti
1898 2902 2078 2980 sunt,
2135 2919 2206 2963 se
2253 2898 2348 2962 in-
2375 2914 2419 2953 ³⁰

306 2988 589 3053 iecturos
626 2988 815 3053 vobis
862 3010 1125 3054 causam
1174 2987 1575 3053 deliberandi
1623 2993 1690 3053 et
1733 2986 2061 3052 iudicandi
2096 2986 2346 3051 iustam

306 3098 559 3141 moram
606 3098 707 3142 ac·
733 3076 1136 3163 religionem.
1228 3074 1436 3141 Simul
1492 3076 1684 3158 illud,
1739 3075 1912 3159 quod
1966 3074 2344 3157 indignissi-

308 3186 487 3229 mum
534 3170 650 3247 est,
695 3164 987 3231 futurum
1033 3165 1339 3229 arbitrati
1378 3168 1548 3248 sunt,
1594 3168 1671 3229 ut
1705 3164 1776 3227 in
1811 3164 1934 3227 hac
1971 3184 2172 3227 causa
2214 3184 2348 3227 non

307 3253 385 3317 de
430 3253 831 3338 inprobitate
880 3250 1022 3317 Sex.
1060 3252 1323 3334 Aebuti,
1371 3253 1484 3316 sed
1521 3252 1600 3316 de
1636 3252 1776 3316 iure
1815 3250 1993 3316 civili
2031 3250 2350 3315 iudicium

239 3356 271 3404 5
308 3340 452 3404 fieri
486 3342 829 3407 videretur.
904 3338 1045 3416 Qua
1079 3342 1150 3405 in
1185 3362 1274 3421 re,
1321 3340 1379 3404 si
1414 3340 1578 3404 mihi
1625 3343 1798 3405 esset
1841 3339 2033 3404 unius
2075 3338 2158 3403 A.
2189 3336 2348 3404 Cae-
2377 3353 2420 3393 ³⁵

309 3427 490 3493 cinae
538 3452 735 3495 causa
780 3428 1059 3515 agenda,
1104 3429 1448 3512 profiterer
1494 3430 1658 3494 satis
1704 3428 2006 3493 idoneum
2054 3448 2199 3491 esse
2250 3449 2354 3492 me
2486 3442 2487 3527 ἦ

310 3515 737 3602 defensorem,
796 3521 1147 3601 propterea
1195 3517 1367 3600 quod
1411 3516 1606 3581 fidem
1653 3538 1868 3582 meam
1915 3515 2356 3599 diligentiam·
2486 3570 2487 3575 ,

234 2156 277 2220 2

234 2246 268 2294 4
