2534 3875
766 134 922 191 CAP.
962 141 1173 190 54—56
1213 141 1243 200 §
1276 140 1575 190 149—154.
2030 89 2159 202 159

105 301 238 345 vos
289 279 449 343 estis
498 284 564 344 et
610 281 827 363 ceteri,
875 279 985 365 qui
1033 279 1175 344 sine
1222 279 1579 364 cupiditate
1626 279 1941 364 vixerunt,
1988 280 2160 366 equi-

106 372 219 432 tes
299 368 511 434 ordini
585 368 914 433 senatorio
989 367 1311 453 dignitate
1382 367 1744 452 proximos,
1817 369 2161 434 concordia

109 456 687 521 coniunctissimos
744 478 885 521 esse
942 457 1243 540 cupiunt3
1299 456 1409 519 sed
1454 455 1528 539 ii,
1586 455 1698 539 qui
1745 477 1885 521 sese
1931 458 2160 522 volunt

107 566 317 629 posse
381 544 600 609 omnia
661 566 869 628 neque
923 548 1266 628 praeterea
1322 543 1670 629 quicquam
1725 566 1865 609 esse
1921 549 2034 610 aut
2087 545 2160 610 in

45 651 76 692 5
107 634 385 698 homine
440 633 577 697 ullo
634 637 749 697 aut
806 633 878 696 in
925 632 1178 716 ordine,
1232 632 1357 697 hoc
1401 653 1532 696 uno
1581 637 1761 697 metu
1808 654 1874 697 se
1922 637 2160 718 putant

111 721 374 805 equites
419 720 751 785 Romanos
807 720 878 784 in
932 723 1333 805 potestatem
1391 742 1577 785 suam
1633 721 2035 804 redacturos,
2100 721 2159 785 si

111 810 554 874 constitutum
603 808 708 891 sit,
754 814 829 874 ut
877 808 954 873 de
1000 809 1104 890 iis„
1149 808 1259 892 qui
1305 829 1443 873 rem
1480 808 1846 892 iudicarint,
1890 809 2158 875 huiusce

110 896 301 961 modi
345 896 584 962 iudicia
629 897 773 961 fieri
817 897 1092 980 possint.
1184 895 1429 961 Vident
1476 897 1652 961 enim
1698 896 2159 962 auctoritatem

109 985 316 1050 huius
383 985 627 1050 ordinis
684 986 1080 1064 confirmari,
1144 984 1370 1050 vident
1423 985 1663 1051 iudicia
1718 985 2156 1070 comprobari3

29 1092 80 1131 ιο
111 1075 246 1138 1106
311 1078 490 1138 1116111
552 1074 893 1159 proposito
961 1074 1237 1139 evellere
1304 1095 1372 1138 se
1437 1074 1731 1139 aculeum
1793 1073 2157 1138 severitatis

110 1165 378 1227 vestrae
423 1183 615 1247 posse
663 1163 1010 1227 confidunt.
1076 1160 1234 1236 Quis
1276 1161 1448 1226 6111111
1486 1162 1563 1226 (16
1600 1162 1865 1226 1101111116
1904 1162 2140 1227 audeat
2163 1177 2265 1229 153

111 1250 318 1333 paulo
375 1250 730 1315 maioribus
789 1250 1024 1335 opibus
1078 1249 1372 1333 praedito
1418 1271 1565 1314 vere
1624 1254 1691 1313 et
1745 1249 2008 1314 fortiter
2059 1251 2159 1314 iu·

114 1339 366 1421 dicare,
421 1361 566 1403 cum
612 1339 832 1404 videat
888 1339 1014 1403 sibi
1071 1337 1148 1402 de
1197 1360 1273 1402 eo
1283 1388 1302 1421 ,
1358 1338 1531 1420 quod
1578 1338 1806 1404 coierit
1852 1342 1967 1403 aut
2012 1360 2158 1404 con-

115 1427 418 1510 senserit,
446 1449 709 1492 causam
739 1448 879 1491 esse
909 1426 1292 1491 dicendam?
1366 1425 1419 1490 O
1451 1426 1626 1491 viros
1653 1427 1877 1510 forteS,
1906 1429 2157 1511 equites
2178 1427 2265 1493 56

29 1532 81 1572 1⁵
113 1515 456 1580 Romanos
468 1565 484 1597 ,
541 1515 653 1599 qui
696 1515 948 1580 homini
998 1512 1363 1579 clarissimo
1413 1537 1489 1580 ac
1532 1514 2015 1599 potentissimo,
2069 1515 2157 1580 M.

113 1602 361 1688 Druso,
404 1603 671 1668 tribuno
709 1604 943 1689 plebis,
988 1602 1394 1686 restiterunt,
1441 1625 1588 1668 cum
1623 1602 1739 1667 ille
1774 1603 1939 1666 nihil
1979 1603 2159 1667 aliud

117 1696 349 1776 ageret
395 1713 540 1756 cum
574 1693 696 1756 illa
731 1695 981 1774 cuncta,
1028 1714 1194 1775 quae
1230 1696 1375 1756 tum
1413 1695 1571 1772 erat,
1617 1691 1982 1774 nobilitate,
2027 1692 2157 1755 nisi

114 1784 196 1844 ut
241 1780 310 1863 11,
357 1780 468 1864 qui
504 1802 643 1844 rem
679 1780 1093 1865 iudicassent,
1139 1780 1407 1844 huiusce
1447 1741 1625 1842 mo'di
1664 1778 2155 1861 quaestionibus

113 1868 189 1932 in
250 1868 557 1932 iudicium
612 1870 1028 1935 vocarentur!
1112 1867 1281 1932 Tum
1338 1865 1406 1932 O.
1451 1866 1719 1932 Flavius
1763 1864 1990 1950 Pusio,
2041 1865 2155 1932 Gn.

29 1974 85 2015 20
115 1957 424 2039 Titinius,
471 1956 538 2021 O.
583 1958 948 2040 MaecenaS,
992 1958 1108 2021 illa
1153 1958 1393 2022 robora
1437 1957 1663 2040 populi
1708 1954 2010 2040 Romani,
2056 1978 2158 2020 ce-

112 2048 374 2128 terique
422 2046 704 2111 eiusdem
752 2046 995 2111 ordinis
1033 2067 1171 2110 non
1206 2045 1503 2109 fecerunt
1539 2044 1731 2127 idem,
1779 2043 1951 2127 quod
1987 2066 2157 2110 nunc

116 2132 488 2212 Cluentius,
560 2138 637 2198 ut
709 2134 956 2218 aliquid
1030 2135 1255 2217 culpae
1326 2134 1651 2216 suscipere
1718 2154 1787 2197 se
1850 2136 2159 2216 putarent

114 2222 508 2305 recusando,
580 2222 693 2287 sed
759 2222 1167 2306 apertissime
1235 2225 1708 2306 repugnarunt,
1782 2243 1927 2286 cum
1995 2221 2157 2286 haec

114 2314 501 2393 reputarent
537 2314 603 2374 et
639 2312 854 2394 palam
890 2310 1244 2374 fortissime
1284 2313 1475 2394 atque
1503 2308 1957 2373 honestissime
1987 2309 2150 2374 dice-

31 2415 86 2457 25
116 2403 287 2481 rent,
324 2420 392 2463 se
437 2399 728 2483 potuisse
757 2398 993 2464 iudicio
1021 2399 1246 2483 populi
1276 2398 1556 2463 Romani
1581 2398 1650 2461 in
1680 2398 2155 2479 amplissimum

117 2489 340 2552 locum
394 2487 757 2571 pervenire,
811 2487 869 2550 si
925 2510 1042 2551 sua
1097 2486 1314 2551 studia
1376 2485 1456 2549 ad
1514 2485 1793 2551 honores
1839 2487 2153 2569 petendos

117 2574 415 2639 conferre
474 2576 852 2641 voluissent.
937 2573 1090 2640 Sese
1140 2574 1406 2652 vidisse,
1468 2574 1539 2638 in
1600 2595 1677 2638 ea
1735 2574 1875 2639 vita
1943 2575 2153 2659 qualis

119 2663 433 2747 splendor
495 2664 765 2748 inesset,
830 2668 1077 2747 quanta
1141 2666 1549 2745 ornamenta,
1614 2683 1779 2746 quae
1836 2662 2151 2747 dignitas3

120 2772 290 2835 quae
337 2774 404 2817 86
449 2773 581 2817 11011
629 2753 1130 2836 contempsisse,
1178 2751 1291 2815 sed
1337 2750 1559 2815 ordine
1605 2773 1723 2815 suo
1768 2754 2154 2835 patrumque

36 2856 91 2897 30
121 2861 393 2905 suorum
439 2843 774 2910 contentos
820 2840 1022 2905 fuisse
1062 2845 1129 2904 61
1165 2841 1368 2903 vitam
1405 2839 1589 2903 illam
1625 2840 2049 2922 tranquillam
2086 2842 2153 2902 et

121 2929 440 3012 quietam,
491 2933 812 2994 remotam
866 2952 906 2992 a
964 2929 1268 3012 procellis
1323 2927 1710 2992 invidiarum
1767 2931 1835 2990 et
1886 2926 2154 2991 huiusce

118 3014 299 3081 modi
336 3016 721 3081 iudiciorum
770 3018 952 3100 sequi
1000 3017 1325 3094 maluisse.
1382 3017 1517 3080 Aut
1564 3015 1690 3080 sibi
1738 3014 1819 3079 ad
1856 3014 2132 3079 honores
2158 3029 2261 3080 154

118 3103 436 3187 petendos
474 3108 760 3170 aetatem
785 3106 1113 3189 integram
1141 3106 1401 3169 restitui
1429 3108 1746 3189 oportere,
1784 3105 1917 3185 aut,
1956 3123 2151 3186 quon-

121 3193 257 3256 iam
324 3194 391 3257 id
456 3214 588 3258 non
652 3197 905 3277 posset,
971 3215 1115 3257 eam
1181 3193 1625 3258 condicionem
1690 3192 1890 3273 vitae,
1961 3211 2154 3273 quam

42 3297 93 3339 35
125 3281 332 3346 8661111
386 3282 768 3364 petitionem
813 3281 1252 3365 reliquissent,
1310 3302 1587 3345 manere.
1650 3279 1956 3361 Iniquum
2012 3299 2154 3342 esse

125 3392 265 3453 608,
340 3371 450 3454 qui
524 3372 847 3435 honorum
922 3376 1306 3435 ornamenta
1376 3372 1644 3454 propter
1714 3366 2153 3451 periculorum

121 3458 610 3524 multitudinem
669 3459 1284 3544 praetermisissent,
1346 3455 1570 3543 populi
1626 3453 1956 3519 beneficiis
2013 3475 2152 3519 esse
