<?xml version="1.0" encoding="UTF-8"?>
<!DOCTYPE html PUBLIC "-//W3C//DTD XHTML 1.0 Transitional//EN"
    "http://www.w3.org/TR/xhtml1/DTD/xhtml1-transitional.dtd">
<html xmlns="http://www.w3.org/1999/xhtml" xml:lang="en" lang="en">
 <head>
  <title>
</title>
<meta http-equiv="Content-Type" content="text/html;charset=utf-8" />
  <meta name='ocr-system' content='tesseract 3.04.00' />
  <meta name='ocr-capabilities' content='ocr_page ocr_carea ocr_par ocr_line ocrx_word'/>
</head>
<body>
  <div class='ocr_page' id='page_1' title='image "./scriptaquaemans03mlgoog_0302.png"; bbox 0 0 2534 3875; ppageno 0'>
   <div class='ocr_carea' id='block_1_1' title="bbox 309 172 1816 241">
    <p class='ocr_par' dir='ltr' id='par_1_1' title="bbox 309 172 1816 241">
     <span class='ocr_line' id='line_1_1' title="bbox 309 172 1816 241; baseline -0.009 0"><span class='ocrx_word' id='word_1_1' title='bbox 309 176 438 241; x_wconf 87' lang='grc'>164</span> <span class='ocrx_word' id='word_1_2' title='bbox 830 175 972 230; x_wconf 88' lang='lat' dir='ltr'>PRO</span> <span class='ocrx_word' id='word_1_3' title='bbox 1011 175 1076 228; x_wconf 77' lang='lat' dir='ltr'>A.</span> <span class='ocrx_word' id='word_1_4' title='bbox 1117 174 1483 236; x_wconf 87' lang='lat' dir='ltr'>CLUENTIO</span> <span class='ocrx_word' id='word_1_5' title='bbox 1522 172 1816 228; x_wconf 84' lang='lat' dir='ltr'><strong>ORATIO.</strong></span> 
     </span>
    </p>
   </div>
   <div class='ocr_carea' id='block_1_2' title="bbox 194 315 2431 3581">
    <p class='ocr_par' dir='ltr' id='par_1_2' title="bbox 194 315 2423 1197">
     <span class='ocr_line' id='line_1_2' title="bbox 194 315 2337 404; baseline -0.002 -17"><span class='ocrx_word' id='word_1_6' title='bbox 194 338 294 389; x_wconf 86' lang='grc'>165</span> <span class='ocrx_word' id='word_1_7' title='bbox 432 319 778 385; x_wconf 91' lang='lat' dir='ltr'>Obiectum</span> <span class='ocrx_word' id='word_1_8' title='bbox 805 323 908 385; x_wconf 89' lang='lat' dir='ltr'>est</span> <span class='ocrx_word' id='word_1_9' title='bbox 927 319 996 386; x_wconf 81' lang='lat' dir='ltr'>G.</span> <span class='ocrx_word' id='word_1_10' title='bbox 1014 318 1286 397; x_wconf 74' lang='lat' dir='ltr'>Vibium</span> <span class='ocrx_word' id='word_1_11' title='bbox 1318 317 1775 404; x_wconf 79' lang='lat' dir='ltr'>Cappadocem</span> <span class='ocrx_word' id='word_1_12' title='bbox 1804 319 1888 383; x_wconf 91' lang='lat' dir='ltr'>ab</span> <span class='ocrx_word' id='word_1_13' title='bbox 1916 317 2043 383; x_wconf 92' lang='lat' dir='ltr'>hoc</span> <span class='ocrx_word' id='word_1_14' title='bbox 2070 316 2151 382; x_wconf 88' lang='lat' dir='ltr'>A.</span> <span class='ocrx_word' id='word_1_15' title='bbox 2188 315 2337 383; x_wconf 80' lang='lat' dir='ltr'>clu-</span> 
     </span>
     <span class='ocr_line' id='line_1_3' title="bbox 298 405 2335 489; baseline -0.002 -16"><span class='ocrx_word' id='word_1_16' title='bbox 298 410 477 473; x_wconf 89' lang='lat' dir='ltr'>entio</span> <span class='ocrx_word' id='word_1_17' title='bbox 529 430 777 473; x_wconf 81' lang='lat' dir='ltr'>veneno</span> <span class='ocrx_word' id='word_1_18' title='bbox 843 429 985 473; x_wconf 73' lang='lat' dir='ltr'>esse</span> <span class='ocrx_word' id='word_1_19' title='bbox 1051 408 1407 472; x_wconf 85' lang='lat' dir='ltr'>sublatum.</span> <span class='ocrx_word' id='word_1_20' title='bbox 1505 405 1839 489; x_wconf 86' lang='lat' dir='ltr'>Oportune</span> <span class='ocrx_word' id='word_1_21' title='bbox 1894 405 2081 471; x_wconf 88' lang='lat' dir='ltr'>adest</span> <span class='ocrx_word' id='word_1_22' title='bbox 2133 406 2335 470; x_wconf 89' lang='lat' dir='ltr'>homo</span> 
     </span>
     <span class='ocr_line' id='line_1_4' title="bbox 300 493 2337 580; baseline -0.001 -19"><span class='ocrx_word' id='word_1_23' title='bbox 300 519 555 561; x_wconf 85' lang='lat' dir='ltr'>summa</span> <span class='ocrx_word' id='word_1_24' title='bbox 607 496 736 561; x_wconf 88' lang='lat' dir='ltr'>fide</span> <span class='ocrx_word' id='word_1_25' title='bbox 783 500 850 561; x_wconf 90' lang='lat' dir='ltr'>et</span> <span class='ocrx_word' id='word_1_26' title='bbox 906 496 1084 560; x_wconf 90' lang='lat' dir='ltr'>omni</span> <span class='ocrx_word' id='word_1_27' title='bbox 1127 497 1377 560; x_wconf 83' lang='lat' dir='ltr'>virtute</span> <span class='ocrx_word' id='word_1_28' title='bbox 1419 495 1785 580; x_wconf 90' lang='lat' dir='ltr'>praeditus,</span> <span class='ocrx_word' id='word_1_29' title='bbox 1829 493 1901 559; x_wconf 89' lang='lat' dir='ltr'>L.</span> <span class='ocrx_word' id='word_1_30' title='bbox 1946 494 2337 576; x_wconf 79' lang='lat' dir='ltr'>PlaetoriuS,</span> 
     </span>
     <span class='ocr_line' id='line_1_5' title="bbox 300 582 2337 669; baseline -0.001 -20"><span class='ocrx_word' id='word_1_31' title='bbox 300 588 582 668; x_wconf 88' lang='lat' dir='ltr'>senator,</span> <span class='ocrx_word' id='word_1_32' title='bbox 620 585 732 669; x_wconf 91' lang='lat' dir='ltr'>qui</span> <span class='ocrx_word' id='word_1_33' title='bbox 767 584 946 649; x_wconf 89' lang='lat' dir='ltr'>illius</span> <span class='ocrx_word' id='word_1_34' title='bbox 975 583 1133 649; x_wconf 89' lang='lat' dir='ltr'>Vibi</span> <span class='ocrx_word' id='word_1_35' title='bbox 1168 584 1413 667; x_wconf 82' lang='lat' dir='ltr'>hospes</span> <span class='ocrx_word' id='word_1_36' title='bbox 1451 583 1579 647; x_wconf 84' lang='lat' dir='ltr'>fuit</span> <span class='ocrx_word' id='word_1_37' title='bbox 1616 586 1683 647; x_wconf 88' lang='lat' dir='ltr'>et</span> <span class='ocrx_word' id='word_1_38' title='bbox 1716 582 2084 647; x_wconf 79' lang='lat' dir='ltr'>familiaris,</span> <span class='ocrx_word' id='word_1_39' title='bbox 2140 582 2337 666; x_wconf 85' lang='lat' dir='ltr'><strong>Apud</strong></span> 
     </span>
     <span class='ocr_line' id='line_1_6' title="bbox 296 670 2391 756; baseline -0.004 -19"><span class='ocrx_word' id='word_1_40' title='bbox 296 674 470 739; x_wconf 87' lang='grc'>1111116</span> <span class='ocrx_word' id='word_1_41' title='bbox 540 674 651 737; x_wconf 89' lang='grc'>1116</span> <span class='ocrx_word' id='word_1_42' title='bbox 717 672 962 737; x_wconf 86' lang='lat' dir='ltr'>Romae</span> <span class='ocrx_word' id='word_1_43' title='bbox 1035 672 1395 755; x_wconf 81' lang='lat' dir='ltr'>habitavit,</span> <span class='ocrx_word' id='word_1_44' title='bbox 1470 671 1643 756; x_wconf 87' lang='lat' dir='ltr'>apud</span> <span class='ocrx_word' id='word_1_45' title='bbox 1704 671 1879 737; x_wconf 91' lang='grc'>1111116</span> <span class='ocrx_word' id='word_1_46' title='bbox 1944 670 2335 756; x_wconf 73' lang='lat' dir='ltr'><strong>aegrotavit,</strong></span> <span class='ocrx_word' id='word_1_47' title='bbox 2364 688 2391 729; x_wconf 83' lang='lat'><strong>5</strong></span> 
     </span>
     <span class='ocr_line' id='line_1_7' title="bbox 297 758 2338 827; baseline -0.002 0"><span class='ocrx_word' id='word_1_48' title='bbox 297 762 492 827; x_wconf 90' lang='lat' dir='ltr'>huius</span> <span class='ocrx_word' id='word_1_49' title='bbox 547 761 724 826; x_wconf 92' lang='lat' dir='ltr'>domi</span> <span class='ocrx_word' id='word_1_50' title='bbox 785 765 886 825; x_wconf 89' lang='lat' dir='ltr'>est</span> <span class='ocrx_word' id='word_1_51' title='bbox 931 763 1250 826; x_wconf 89' lang='lat' dir='ltr'>mortuus.</span> <span class='ocrx_word' id='word_1_52' title='bbox 1340 758 1739 824; x_wconf 87' lang='lat' dir='ltr'>Intestatum</span> <span class='ocrx_word' id='word_1_53' title='bbox 1786 759 1929 823; x_wconf 90' lang='lat' dir='ltr'>dico</span> <span class='ocrx_word' id='word_1_54' title='bbox 1978 779 2120 823; x_wconf 86' lang='grc'>6336</span> <span class='ocrx_word' id='word_1_55' title='bbox 2167 780 2338 823; x_wconf 89' lang='lat' dir='ltr'>mor-</span> 
     </span>
     <span class='ocr_line' id='line_1_8' title="bbox 298 846 2339 934; baseline -0.001 -21"><span class='ocrx_word' id='word_1_56' title='bbox 298 857 486 915; x_wconf 86' lang='lat' dir='ltr'>tuum</span> <span class='ocrx_word' id='word_1_57' title='bbox 540 850 1146 934; x_wconf 79' lang='lat' dir='ltr'>possessionemque</span> <span class='ocrx_word' id='word_1_58' title='bbox 1205 849 1343 913; x_wconf 90' lang='lat' dir='ltr'>eius</span> <span class='ocrx_word' id='word_1_59' title='bbox 1399 850 1717 913; x_wconf 85' lang='lat' dir='ltr'>bonorum</span> <span class='ocrx_word' id='word_1_60' title='bbox 1767 869 1844 911; x_wconf 81' lang='lat' dir='ltr'>ex</span> <span class='ocrx_word' id='word_1_61' title='bbox 1892 846 2107 912; x_wconf 85' lang='lat' dir='ltr'>edicto</span> <span class='ocrx_word' id='word_1_62' title='bbox 2152 868 2339 931; x_wconf 83' lang='lat' dir='ltr'>prae-</span> 
     </span>
     <span class='ocr_line' id='line_1_9' title="bbox 299 935 2335 1019; baseline -0.001 -18"><span class='ocrx_word' id='word_1_63' title='bbox 299 938 464 1003; x_wconf 90' lang='lat' dir='ltr'>toris</span> <span class='ocrx_word' id='word_1_64' title='bbox 509 937 662 1002; x_wconf 91' lang='lat' dir='ltr'>huic</span> <span class='ocrx_word' id='word_1_65' title='bbox 707 937 888 1001; x_wconf 89' lang='lat' dir='ltr'>illius</span> <span class='ocrx_word' id='word_1_66' title='bbox 936 937 1181 1003; x_wconf 91' lang='lat' dir='ltr'>sororis</span> <span class='ocrx_word' id='word_1_67' title='bbox 1217 937 1374 1017; x_wconf 91' lang='lat' dir='ltr'>filio,</span> <span class='ocrx_word' id='word_1_68' title='bbox 1422 936 1821 1001; x_wconf 72' lang='lat' dir='ltr'>adulescenti</span> <span class='ocrx_word' id='word_1_69' title='bbox 1856 935 2335 1019; x_wconf 88' lang='lat' dir='ltr'>pudentissimo</span> 
     </span>
     <span class='ocr_line' id='line_1_10' title="bbox 300 1022 2337 1110; baseline -0.001 -21"><span class='ocrx_word' id='word_1_70' title='bbox 300 1030 367 1089; x_wconf 91' lang='lat' dir='ltr'>et</span> <span class='ocrx_word' id='word_1_71' title='bbox 410 1027 482 1089; x_wconf 89' lang='lat' dir='ltr'>in</span> <span class='ocrx_word' id='word_1_72' title='bbox 515 1025 747 1110; x_wconf 91' lang='lat' dir='ltr'>primis</span> <span class='ocrx_word' id='word_1_73' title='bbox 782 1026 1081 1109; x_wconf 72' lang='lat' dir='ltr'>honesto,</span> <span class='ocrx_word' id='word_1_74' title='bbox 1128 1025 1333 1109; x_wconf 89' lang='lat' dir='ltr'>equiti</span> <span class='ocrx_word' id='word_1_75' title='bbox 1369 1024 1686 1108; x_wconf 88' lang='lat' dir='ltr'>Romano,</span> <span class='ocrx_word' id='word_1_76' title='bbox 1737 1024 1975 1106; x_wconf 88' lang='lat' dir='ltr'>datam,</span> <span class='ocrx_word' id='word_1_77' title='bbox 2020 1022 2337 1088; x_wconf 82' lang='lat' dir='ltr'>Numerio</span> 
     </span>
     <span class='ocr_line' id='line_1_11' title="bbox 299 1113 2423 1197; baseline -0.001 -18"><span class='ocrx_word' id='word_1_78' title='bbox 299 1114 634 1197; x_wconf 85' lang='lat' dir='ltr'>Cluentio,</span> <span class='ocrx_word' id='word_1_79' title='bbox 681 1135 874 1197; x_wconf 91' lang='lat' dir='ltr'>quem</span> <span class='ocrx_word' id='word_1_80' title='bbox 919 1113 1176 1179; x_wconf 87' lang='lat' dir='ltr'>videtis.</span> <span class='ocrx_word' id='word_1_81' title='bbox 2370 1131 2423 1170; x_wconf 90' lang='lat'>1⁰</span> 
     </span>
    </p>

    <p class='ocr_par' dir='ltr' id='par_1_3' title="bbox 195 1200 2423 1814">
     <span class='ocr_line' id='line_1_12' title="bbox 195 1200 2341 1285; baseline -0.001 -17"><span class='ocrx_word' id='word_1_82' title='bbox 195 1220 297 1268; x_wconf 87' lang='grc'>166</span> <span class='ocrx_word' id='word_1_83' title='bbox 433 1201 736 1266; x_wconf 87' lang='lat' dir='ltr'>Alterum</span> <span class='ocrx_word' id='word_1_84' title='bbox 799 1202 1095 1267; x_wconf 79' lang='lat' dir='ltr'>veneficii</span> <span class='ocrx_word' id='word_1_85' title='bbox 1161 1202 1407 1267; x_wconf 77' lang='lat' dir='ltr'>crimen</span> <span class='ocrx_word' id='word_1_86' title='bbox 1471 1200 1833 1285; x_wconf 77' lang='lat' dir='ltr'>Oppianico</span> <span class='ocrx_word' id='word_1_87' title='bbox 1896 1200 2049 1265; x_wconf 90' lang='lat' dir='ltr'>huic</span> <span class='ocrx_word' id='word_1_88' title='bbox 2116 1200 2341 1265; x_wconf 89' lang='lat' dir='ltr'>adule-</span> 
     </span>
     <span class='ocr_line' id='line_1_13' title="bbox 302 1288 2339 1373; baseline -0.002 -18"><span class='ocrx_word' id='word_1_89' title='bbox 302 1290 537 1373; x_wconf 88' lang='lat' dir='ltr'>scenti,</span> <span class='ocrx_word' id='word_1_90' title='bbox 592 1312 742 1355; x_wconf 90' lang='lat' dir='ltr'>cum</span> <span class='ocrx_word' id='word_1_91' title='bbox 796 1290 934 1355; x_wconf 90' lang='lat' dir='ltr'>eius</span> <span class='ocrx_word' id='word_1_92' title='bbox 989 1290 1059 1354; x_wconf 90' lang='lat' dir='ltr'>in</span> <span class='ocrx_word' id='word_1_93' title='bbox 1112 1290 1362 1373; x_wconf 91' lang='lat' dir='ltr'>nuptiis</span> <span class='ocrx_word' id='word_1_94' title='bbox 1420 1310 1601 1353; x_wconf 89' lang='lat' dir='ltr'>more</span> <span class='ocrx_word' id='word_1_95' title='bbox 1648 1288 2056 1354; x_wconf 74' lang='lat' dir='ltr'>Larinatium</span> <span class='ocrx_word' id='word_1_96' title='bbox 2116 1288 2339 1352; x_wconf 90' lang='lat' dir='ltr'>multi-</span> 
     </span>
     <span class='ocr_line' id='line_1_14' title="bbox 298 1376 2337 1463; baseline 0 -22"><span class='ocrx_word' id='word_1_97' title='bbox 298 1378 457 1443; x_wconf 89' lang='lat' dir='ltr'>tudo</span> <span class='ocrx_word' id='word_1_98' title='bbox 521 1379 860 1443; x_wconf 91' lang='lat' dir='ltr'>hominum</span> <span class='ocrx_word' id='word_1_99' title='bbox 924 1378 1301 1463; x_wconf 90' lang='lat' dir='ltr'>pranderet,</span> <span class='ocrx_word' id='word_1_100' title='bbox 1376 1398 1699 1442; x_wconf 81' lang='lat' dir='ltr'>venenum</span> <span class='ocrx_word' id='word_1_101' title='bbox 1762 1376 1995 1441; x_wconf 89' lang='lat' dir='ltr'>Habiti</span> <span class='ocrx_word' id='word_1_102' title='bbox 2058 1376 2337 1442; x_wconf 72' lang='lat' dir='ltr'>consilio</span> 
     </span>
     <span class='ocr_line' id='line_1_15' title="bbox 298 1465 2339 1551; baseline -0.001 -20"><span class='ocrx_word' id='word_1_103' title='bbox 298 1471 632 1551; x_wconf 83' lang='lat' dir='ltr'>paratum3</span> <span class='ocrx_word' id='word_1_104' title='bbox 684 1466 753 1531; x_wconf 91' lang='lat' dir='ltr'>id</span> <span class='ocrx_word' id='word_1_105' title='bbox 799 1489 947 1531; x_wconf 92' lang='lat' dir='ltr'>cum</span> <span class='ocrx_word' id='word_1_106' title='bbox 994 1467 1258 1531; x_wconf 89' lang='lat' dir='ltr'>daretur</span> <span class='ocrx_word' id='word_1_107' title='bbox 1304 1466 1376 1529; x_wconf 90' lang='lat' dir='ltr'>in</span> <span class='ocrx_word' id='word_1_108' title='bbox 1422 1466 1664 1549; x_wconf 88' lang='lat' dir='ltr'>mulso,</span> <span class='ocrx_word' id='word_1_109' title='bbox 1709 1465 2093 1530; x_wconf 89' lang='lat' dir='ltr'>Balbutium</span> <span class='ocrx_word' id='word_1_110' title='bbox 2141 1486 2339 1549; x_wconf 92' lang='lat' dir='ltr'>quen-</span> 
     </span>
     <span class='ocr_line' id='line_1_16' title="bbox 305 1553 2423 1639; baseline -0.001 -20"><span class='ocrx_word' id='word_1_111' title='bbox 305 1556 481 1639; x_wconf 86' lang='lat' dir='ltr'>dam,</span> <span class='ocrx_word' id='word_1_112' title='bbox 535 1555 674 1619; x_wconf 90' lang='lat' dir='ltr'>eius</span> <span class='ocrx_word' id='word_1_113' title='bbox 718 1555 1139 1638; x_wconf 82' lang='lat' dir='ltr'>familiarem,</span> <span class='ocrx_word' id='word_1_114' title='bbox 1189 1554 1637 1639; x_wconf 77' lang='lat' dir='ltr'>intercepisse,</span> <span class='ocrx_word' id='word_1_115' title='bbox 1692 1553 1935 1618; x_wconf 86' lang='lat' dir='ltr'>bibisse</span> <span class='ocrx_word' id='word_1_116' title='bbox 1982 1553 2339 1637; x_wconf 83' lang='lat' dir='ltr'>statimque</span> <span class='ocrx_word' id='word_1_117' title='bbox 2374 1572 2423 1610; x_wconf 81' lang='lat'>15</span> 
     </span>
     <span class='ocr_line' id='line_1_17' title="bbox 303 1641 2341 1727; baseline -0 -20"><span class='ocrx_word' id='word_1_118' title='bbox 303 1666 444 1708; x_wconf 90' lang='lat' dir='ltr'>esse</span> <span class='ocrx_word' id='word_1_119' title='bbox 482 1647 831 1709; x_wconf 87' lang='lat' dir='ltr'>mortuum.</span> <span class='ocrx_word' id='word_1_120' title='bbox 896 1642 1044 1708; x_wconf 90' lang='lat' dir='ltr'>Hoc</span> <span class='ocrx_word' id='word_1_121' title='bbox 1082 1663 1205 1727; x_wconf 86' lang='lat' dir='ltr'>ego</span> <span class='ocrx_word' id='word_1_122' title='bbox 1245 1643 1304 1707; x_wconf 91' lang='lat' dir='ltr'>si</span> <span class='ocrx_word' id='word_1_123' title='bbox 1342 1643 1437 1707; x_wconf 92' lang='lat' dir='ltr'>sic</span> <span class='ocrx_word' id='word_1_124' title='bbox 1474 1663 1754 1727; x_wconf 85' lang='lat' dir='ltr'>agerem,</span> <span class='ocrx_word' id='word_1_125' title='bbox 1800 1644 2135 1726; x_wconf 87' lang='lat' dir='ltr'>tamquam</span> <span class='ocrx_word' id='word_1_126' title='bbox 2174 1641 2341 1706; x_wconf 91' lang='lat' dir='ltr'>mihi</span> 
     </span>
     <span class='ocr_line' id='line_1_18' title="bbox 300 1730 2338 1814; baseline -0.001 -18"><span class='ocrx_word' id='word_1_127' title='bbox 300 1732 544 1796; x_wconf 88' lang='lat' dir='ltr'>crimen</span> <span class='ocrx_word' id='word_1_128' title='bbox 590 1736 764 1796; x_wconf 90' lang='lat' dir='ltr'>esset</span> <span class='ocrx_word' id='word_1_129' title='bbox 798 1731 1189 1811; x_wconf 90' lang='lat' dir='ltr'>diluendum,</span> <span class='ocrx_word' id='word_1_130' title='bbox 1235 1732 1397 1795; x_wconf 90' lang='lat' dir='ltr'>haec</span> <span class='ocrx_word' id='word_1_131' title='bbox 1442 1730 1741 1814; x_wconf 90' lang='lat' dir='ltr'>pluribus</span> <span class='ocrx_word' id='word_1_132' title='bbox 1778 1730 1995 1795; x_wconf 79' lang='lat' dir='ltr'>verbis</span> <span class='ocrx_word' id='word_1_133' title='bbox 2034 1730 2338 1812; x_wconf 87' lang='lat' dir='ltr'>dicerem,</span> 
     </span>
    </p>

    <p class='ocr_par' dir='ltr' id='par_1_4' title="bbox 197 1815 2431 2961">
     <span class='ocr_line' id='line_1_19' title="bbox 197 1815 2340 1904; baseline -0.001 -20"><span class='ocrx_word' id='word_1_134' title='bbox 197 1837 295 1887; x_wconf 81' lang='lat'>167</span> <span class='ocrx_word' id='word_1_135' title='bbox 317 1818 434 1904; x_wconf 84' lang='lat' dir='ltr'>per</span> <span class='ocrx_word' id='word_1_136' title='bbox 499 1842 664 1904; x_wconf 89' lang='lat' dir='ltr'>quae</span> <span class='ocrx_word' id='word_1_137' title='bbox 727 1842 900 1885; x_wconf 89' lang='lat' dir='ltr'>nune</span> <span class='ocrx_word' id='word_1_138' title='bbox 963 1819 1188 1903; x_wconf 87' lang='lat' dir='ltr'>paucis</span> <span class='ocrx_word' id='word_1_139' title='bbox 1251 1820 1576 1903; x_wconf 88' lang='lat' dir='ltr'>percurrit</span> <span class='ocrx_word' id='word_1_140' title='bbox 1638 1819 1852 1883; x_wconf 89' lang='lat' dir='ltr'>oratio</span> <span class='ocrx_word' id='word_1_141' title='bbox 1918 1840 2079 1883; x_wconf 87' lang='lat' dir='ltr'>mea.</span> <span class='ocrx_word' id='word_1_142' title='bbox 2168 1815 2340 1892; x_wconf 80' lang='lat' dir='ltr'>Quid</span> 
     </span>
     <span class='ocr_line' id='line_1_20' title="bbox 301 1906 2339 1994; baseline -0.001 -20"><span class='ocrx_word' id='word_1_143' title='bbox 301 1930 614 1994; x_wconf 87' lang='lat' dir='ltr'>umquam</span> <span class='ocrx_word' id='word_1_144' title='bbox 653 1906 939 1973; x_wconf 88' lang='lat' dir='ltr'>Habitus</span> <span class='ocrx_word' id='word_1_145' title='bbox 988 1908 1057 1973; x_wconf 92' lang='lat' dir='ltr'>in</span> <span class='ocrx_word' id='word_1_146' title='bbox 1104 1929 1171 1972; x_wconf 88' lang='lat' dir='ltr'>se</span> <span class='ocrx_word' id='word_1_147' title='bbox 1217 1907 1501 1992; x_wconf 88' lang='lat' dir='ltr'>admisit,</span> <span class='ocrx_word' id='word_1_148' title='bbox 1544 1911 1621 1971; x_wconf 90' lang='lat' dir='ltr'>ut</span> <span class='ocrx_word' id='word_1_149' title='bbox 1667 1908 1793 1973; x_wconf 89' lang='lat' dir='ltr'>hoc</span> <span class='ocrx_word' id='word_1_150' title='bbox 1837 1910 2097 1972; x_wconf 89' lang='lat' dir='ltr'>tantum</span> <span class='ocrx_word' id='word_1_151' title='bbox 2138 1906 2219 1972; x_wconf 90' lang='lat' dir='ltr'>ab</span> <span class='ocrx_word' id='word_1_152' title='bbox 2261 1928 2339 1972; x_wconf 88' lang='lat' dir='ltr'>eo</span> 
     </span>
     <span class='ocr_line' id='line_1_21' title="bbox 300 1996 2425 2081; baseline -0.003 -19"><span class='ocrx_word' id='word_1_153' title='bbox 300 1998 553 2062; x_wconf 89' lang='lat' dir='ltr'>facinus</span> <span class='ocrx_word' id='word_1_154' title='bbox 607 2019 742 2062; x_wconf 89' lang='lat' dir='ltr'>non</span> <span class='ocrx_word' id='word_1_155' title='bbox 797 1996 1148 2061; x_wconf 87' lang='lat' dir='ltr'>abhorrere</span> <span class='ocrx_word' id='word_1_156' title='bbox 1203 1996 1545 2060; x_wconf 77' lang='lat' dir='ltr'>videatur?</span> <span class='ocrx_word' id='word_1_157' title='bbox 1603 1996 1759 2081; x_wconf 90' lang='lat' dir='ltr'>quid</span> <span class='ocrx_word' id='word_1_158' title='bbox 1814 1998 2035 2060; x_wconf 87' lang='lat' dir='ltr'>autem</span> <span class='ocrx_word' id='word_1_159' title='bbox 2096 2015 2338 2080; x_wconf 85' lang='lat' dir='ltr'>magno</span> <span class='ocrx_word' id='word_1_160' title='bbox 2370 2015 2425 2054; x_wconf 82' lang='lat'>20</span> 
     </span>
     <span class='ocr_line' id='line_1_22' title="bbox 303 2084 2339 2170; baseline -0.001 -20"><span class='ocrx_word' id='word_1_161' title='bbox 303 2108 496 2170; x_wconf 89' lang='lat' dir='ltr'>opere</span> <span class='ocrx_word' id='word_1_162' title='bbox 542 2085 974 2170; x_wconf 89' lang='lat' dir='ltr'>Oppianicum</span> <span class='ocrx_word' id='word_1_163' title='bbox 1021 2086 1375 2165; x_wconf 90' lang='lat' dir='ltr'>metuebat,</span> <span class='ocrx_word' id='word_1_164' title='bbox 1421 2106 1567 2153; x_wconf 89' lang='lat' dir='ltr'>cum</span> <span class='ocrx_word' id='word_1_165' title='bbox 1612 2084 1724 2149; x_wconf 93' lang='grc'>1116</span> <span class='ocrx_word' id='word_1_166' title='bbox 1759 2085 2033 2149; x_wconf 80' lang='lat' dir='ltr'>verbum</span> <span class='ocrx_word' id='word_1_167' title='bbox 2071 2086 2339 2148; x_wconf 89' lang='lat' dir='ltr'>omnino</span> 
     </span>
     <span class='ocr_line' id='line_1_23' title="bbox 301 2172 2339 2258; baseline -0.001 -20"><span class='ocrx_word' id='word_1_168' title='bbox 301 2175 370 2238; x_wconf 91' lang='lat' dir='ltr'>in</span> <span class='ocrx_word' id='word_1_169' title='bbox 414 2174 540 2238; x_wconf 90' lang='lat' dir='ltr'>hac</span> <span class='ocrx_word' id='word_1_170' title='bbox 585 2174 733 2258; x_wconf 87' lang='lat' dir='ltr'>ipsa</span> <span class='ocrx_word' id='word_1_171' title='bbox 777 2195 974 2238; x_wconf 89' lang='lat' dir='ltr'>causa</span> <span class='ocrx_word' id='word_1_172' title='bbox 1017 2173 1271 2238; x_wconf 90' lang='lat' dir='ltr'>nullum</span> <span class='ocrx_word' id='word_1_173' title='bbox 1315 2172 1532 2236; x_wconf 90' lang='lat' dir='ltr'>facere</span> <span class='ocrx_word' id='word_1_174' title='bbox 1568 2172 1877 2256; x_wconf 90' lang='lat' dir='ltr'>potuerit,</span> <span class='ocrx_word' id='word_1_175' title='bbox 1922 2172 2077 2238; x_wconf 87' lang='lat' dir='ltr'>huic</span> <span class='ocrx_word' id='word_1_176' title='bbox 2114 2177 2339 2237; x_wconf 86' lang='lat' dir='ltr'>autem</span> 
     </span>
     <span class='ocr_line' id='line_1_24' title="bbox 302 2259 2341 2362; baseline -0.001 -36"><span class='ocrx_word' id='word_1_177' title='bbox 302 2265 714 2328; x_wconf 89' lang='lat' dir='ltr'>accusatores</span> <span class='ocrx_word' id='word_1_178' title='bbox 769 2262 918 2326; x_wconf 85' lang='lat' dir='ltr'>viva</span> <span class='ocrx_word' id='word_1_179' title='bbox 972 2265 1183 2325; x_wconf 89' lang='lat' dir='ltr'>matre</span> <span class='ocrx_word' id='word_1_180' title='bbox 1237 2262 1461 2325; x_wconf 89' lang='lat' dir='ltr'>deesse</span> <span class='ocrx_word' id='word_1_181' title='bbox 1514 2282 1648 2324; x_wconf 90' lang='lat' dir='ltr'>non</span> <span class='ocrx_word' id='word_1_182' title='bbox 1691 2261 1992 2362; x_wconf 76' lang='lat' dir='ltr'>possint?</span> <span class='ocrx_word' id='word_1_183' title='bbox 2049 2259 2117 2324; x_wconf 90' lang='lat' dir='ltr'>id</span> <span class='ocrx_word' id='word_1_184' title='bbox 2163 2260 2341 2343; x_wconf 91' lang='lat' dir='ltr'>quod</span> 
     </span>
     <span class='ocr_line' id='line_1_25' title="bbox 301 2349 2342 2435; baseline 0 -22"><span class='ocrx_word' id='word_1_185' title='bbox 301 2351 434 2414; x_wconf 90' lang='lat' dir='ltr'>iam</span> <span class='ocrx_word' id='word_1_186' title='bbox 489 2349 909 2435; x_wconf 88' lang='lat' dir='ltr'>intellegetis.</span> <span class='ocrx_word' id='word_1_187' title='bbox 1000 2349 1107 2412; x_wconf 85' lang='lat' dir='ltr'>An</span> <span class='ocrx_word' id='word_1_188' title='bbox 1161 2352 1237 2413; x_wconf 91' lang='lat' dir='ltr'>ut</span> <span class='ocrx_word' id='word_1_189' title='bbox 1292 2349 1371 2413; x_wconf 89' lang='lat' dir='ltr'>de</span> <span class='ocrx_word' id='word_1_190' title='bbox 1426 2371 1622 2413; x_wconf 87' lang='lat' dir='ltr'>causa</span> <span class='ocrx_word' id='word_1_191' title='bbox 1668 2350 1808 2413; x_wconf 90' lang='lat' dir='ltr'>eius</span> <span class='ocrx_word' id='word_1_192' title='bbox 1853 2349 2125 2432; x_wconf 88' lang='lat' dir='ltr'>periculi</span> <span class='ocrx_word' id='word_1_193' title='bbox 2171 2349 2342 2413; x_wconf 88' lang='lat' dir='ltr'>nihil</span> 
     </span>
     <span class='ocr_line' id='line_1_26' title="bbox 303 2435 2431 2521; baseline -0.001 -19"><span class='ocrx_word' id='word_1_194' title='bbox 303 2438 660 2521; x_wconf 88' lang='lat' dir='ltr'>decederet,</span> <span class='ocrx_word' id='word_1_195' title='bbox 707 2439 791 2502; x_wconf 89' lang='lat' dir='ltr'>ad</span> <span class='ocrx_word' id='word_1_196' title='bbox 835 2459 1100 2503; x_wconf 91' lang='lat' dir='ltr'>causam</span> <span class='ocrx_word' id='word_1_197' title='bbox 1143 2459 1389 2501; x_wconf 88' lang='lat' dir='ltr'>novum</span> <span class='ocrx_word' id='word_1_198' title='bbox 1434 2437 1682 2502; x_wconf 90' lang='lat' dir='ltr'>crimen</span> <span class='ocrx_word' id='word_1_199' title='bbox 1728 2436 2105 2502; x_wconf 77' lang='lat' dir='ltr'>accederet?</span> <span class='ocrx_word' id='word_1_200' title='bbox 2150 2435 2341 2511; x_wconf 85' lang='lat' dir='ltr'>Quod</span> <span class='ocrx_word' id='word_1_201' title='bbox 2370 2456 2431 2495; x_wconf 79' lang='lat'>2⁵</span> 
     </span>
     <span class='ocr_line' id='line_1_27' title="bbox 303 2525 2341 2610; baseline -0 -21"><span class='ocrx_word' id='word_1_202' title='bbox 303 2529 522 2589; x_wconf 88' lang='lat' dir='ltr'>autem</span> <span class='ocrx_word' id='word_1_203' title='bbox 575 2530 834 2610; x_wconf 90' lang='lat' dir='ltr'>tempus</span> <span class='ocrx_word' id='word_1_204' title='bbox 880 2525 1113 2590; x_wconf 88' lang='lat' dir='ltr'>veneni</span> <span class='ocrx_word' id='word_1_205' title='bbox 1157 2525 1354 2589; x_wconf 91' lang='lat' dir='ltr'>dandi</span> <span class='ocrx_word' id='word_1_206' title='bbox 1407 2525 1524 2590; x_wconf 91' lang='lat' dir='ltr'>illo</span> <span class='ocrx_word' id='word_1_207' title='bbox 1570 2526 1701 2605; x_wconf 89' lang='grc'>(116,</span> <span class='ocrx_word' id='word_1_208' title='bbox 1754 2526 1875 2590; x_wconf 86' lang='lat' dir='ltr'>illa</span> <span class='ocrx_word' id='word_1_209' title='bbox 1922 2525 2341 2609; x_wconf 79' lang='lat' dir='ltr'>frequentia?</span> 
     </span>
     <span class='ocr_line' id='line_1_28' title="bbox 297 2612 2341 2698; baseline 0 -22"><span class='ocrx_word' id='word_1_210' title='bbox 297 2634 420 2696; x_wconf 87' lang='lat' dir='ltr'>per</span> <span class='ocrx_word' id='word_1_211' title='bbox 465 2625 661 2697; x_wconf 81' lang='lat' dir='ltr'>quem</span> <span class='ocrx_word' id='word_1_212' title='bbox 705 2635 903 2698; x_wconf 88' lang='lat' dir='ltr'>porro</span> <span class='ocrx_word' id='word_1_213' title='bbox 951 2613 1220 2677; x_wconf 80' lang='lat' dir='ltr'>datum?</span> <span class='ocrx_word' id='word_1_214' title='bbox 1267 2612 1436 2676; x_wconf 89' lang='lat' dir='ltr'>unde</span> <span class='ocrx_word' id='word_1_215' title='bbox 1482 2614 1861 2697; x_wconf 78' lang='lat' dir='ltr'>sumptum?</span> <span class='ocrx_word' id='word_1_216' title='bbox 1909 2635 2073 2697; x_wconf 86' lang='lat' dir='ltr'>quae</span> <span class='ocrx_word' id='word_1_217' title='bbox 2110 2613 2341 2677; x_wconf 88' lang='lat' dir='ltr'>deinde</span> 
     </span>
     <span class='ocr_line' id='line_1_29' title="bbox 304 2701 2341 2787; baseline 0.001 -23"><span class='ocrx_word' id='word_1_218' title='bbox 304 2701 693 2784; x_wconf 88' lang='lat' dir='ltr'>interceptio</span> <span class='ocrx_word' id='word_1_219' title='bbox 741 2701 1008 2784; x_wconf 77' lang='lat' dir='ltr'>poculi?</span> <span class='ocrx_word' id='word_1_220' title='bbox 1055 2723 1168 2765; x_wconf 88' lang='lat' dir='ltr'>cur</span> <span class='ocrx_word' id='word_1_221' title='bbox 1211 2723 1348 2764; x_wconf 91' lang='lat' dir='ltr'>non</span> <span class='ocrx_word' id='word_1_222' title='bbox 1393 2701 1473 2764; x_wconf 90' lang='lat' dir='ltr'>de</span> <span class='ocrx_word' id='word_1_223' title='bbox 1508 2702 1768 2787; x_wconf 85' lang='lat' dir='ltr'>integro</span> <span class='ocrx_word' id='word_1_224' title='bbox 1808 2705 2028 2766; x_wconf 89' lang='lat' dir='ltr'>autem</span> <span class='ocrx_word' id='word_1_225' title='bbox 2065 2701 2341 2766; x_wconf 78' lang='lat' dir='ltr'>datum?</span> 
     </span>
     <span class='ocr_line' id='line_1_30' title="bbox 301 2788 2342 2873; baseline 0.001 -21"><span class='ocrx_word' id='word_1_226' title='bbox 301 2788 516 2853; x_wconf 90' lang='lat' dir='ltr'>Multa</span> <span class='ocrx_word' id='word_1_227' title='bbox 571 2793 748 2871; x_wconf 87' lang='lat' dir='ltr'>sunt,</span> <span class='ocrx_word' id='word_1_228' title='bbox 803 2810 968 2873; x_wconf 88' lang='lat' dir='ltr'>quae</span> <span class='ocrx_word' id='word_1_229' title='bbox 1024 2789 1151 2853; x_wconf 90' lang='lat' dir='ltr'>dici</span> <span class='ocrx_word' id='word_1_230' title='bbox 1212 2793 1515 2872; x_wconf 85' lang='lat' dir='ltr'>possunt,</span> <span class='ocrx_word' id='word_1_231' title='bbox 1573 2790 1685 2854; x_wconf 89' lang='lat' dir='ltr'>sed</span> <span class='ocrx_word' id='word_1_232' title='bbox 1729 2811 1863 2856; x_wconf 90' lang='lat' dir='ltr'>non</span> <span class='ocrx_word' id='word_1_233' title='bbox 1909 2790 2342 2872; x_wconf 84' lang='lat' dir='ltr'>committam,</span> 
     </span>
     <span class='ocr_line' id='line_1_31' title="bbox 303 2877 2431 2961; baseline -0.002 -20"><span class='ocrx_word' id='word_1_234' title='bbox 303 2881 380 2941; x_wconf 93' lang='lat' dir='ltr'>ut</span> <span class='ocrx_word' id='word_1_235' title='bbox 421 2877 646 2942; x_wconf 81' lang='lat' dir='ltr'>videar</span> <span class='ocrx_word' id='word_1_236' title='bbox 690 2898 823 2942; x_wconf 89' lang='lat' dir='ltr'>non</span> <span class='ocrx_word' id='word_1_237' title='bbox 869 2877 1134 2942; x_wconf 89' lang='lat' dir='ltr'>dicendo</span> <span class='ocrx_word' id='word_1_238' title='bbox 1173 2877 1460 2941; x_wconf 84' lang='lat' dir='ltr'>voluisse</span> <span class='ocrx_word' id='word_1_239' title='bbox 1505 2878 1744 2961; x_wconf 84' lang='lat' dir='ltr'>dicere3</span> <span class='ocrx_word' id='word_1_240' title='bbox 1790 2901 1893 2943; x_wconf 87' lang='lat' dir='ltr'>res</span> <span class='ocrx_word' id='word_1_241' title='bbox 1932 2878 2108 2942; x_wconf 90' lang='lat' dir='ltr'>enim</span> <span class='ocrx_word' id='word_1_242' title='bbox 2148 2879 2339 2960; x_wconf 88' lang='lat' dir='ltr'>[iam]</span> <span class='ocrx_word' id='word_1_243' title='bbox 2373 2897 2431 2936; x_wconf 81' lang='lat'>30</span> 
     </span>
    </p>

    <p class='ocr_par' dir='ltr' id='par_1_5' title="bbox 202 2963 2431 3581">
     <span class='ocr_line' id='line_1_32' title="bbox 202 2963 2343 3050; baseline 0 -21"><span class='ocrx_word' id='word_1_244' title='bbox 202 2982 302 3032; x_wconf 85' lang='grc'>168</span> <span class='ocrx_word' id='word_1_245' title='bbox 325 2987 392 3029; x_wconf 88' lang='grc'>36</span> <span class='ocrx_word' id='word_1_246' title='bbox 456 2965 603 3049; x_wconf 91' lang='lat' dir='ltr'>ipsa</span> <span class='ocrx_word' id='word_1_247' title='bbox 667 2964 972 3029; x_wconf 88' lang='lat' dir='ltr'>defendit.</span> <span class='ocrx_word' id='word_1_248' title='bbox 1071 2963 1261 3050; x_wconf 84' lang='lat' dir='ltr'>Nego</span> <span class='ocrx_word' id='word_1_249' title='bbox 1326 2965 1513 3030; x_wconf 90' lang='lat' dir='ltr'>illum</span> <span class='ocrx_word' id='word_1_250' title='bbox 1580 2965 2087 3049; x_wconf 88' lang='lat' dir='ltr'>adulescentem,</span> <span class='ocrx_word' id='word_1_251' title='bbox 2144 2988 2343 3049; x_wconf 87' lang='lat' dir='ltr'>quem</span> 
     </span>
     <span class='ocr_line' id='line_1_33' title="bbox 306 3054 2341 3139; baseline 0 -21"><span class='ocrx_word' id='word_1_252' title='bbox 306 3055 534 3118; x_wconf 89' lang='lat' dir='ltr'>statim</span> <span class='ocrx_word' id='word_1_253' title='bbox 594 3058 786 3137; x_wconf 87' lang='lat' dir='ltr'>epoto</span> <span class='ocrx_word' id='word_1_254' title='bbox 841 3054 1079 3139; x_wconf 90' lang='lat' dir='ltr'>poculo</span> <span class='ocrx_word' id='word_1_255' title='bbox 1133 3057 1465 3118; x_wconf 88' lang='lat' dir='ltr'>mortuum</span> <span class='ocrx_word' id='word_1_256' title='bbox 1523 3075 1664 3118; x_wconf 87' lang='grc'>6336</span> <span class='ocrx_word' id='word_1_257' title='bbox 1721 3055 2007 3135; x_wconf 87' lang='lat' dir='ltr'>dixistis,</span> <span class='ocrx_word' id='word_1_258' title='bbox 2071 3055 2341 3120; x_wconf 90' lang='lat' dir='ltr'>omnino</span> 
     </span>
     <span class='ocr_line' id='line_1_34' title="bbox 305 3141 2341 3226; baseline 0 -20"><span class='ocrx_word' id='word_1_259' title='bbox 305 3143 423 3208; x_wconf 88' lang='lat' dir='ltr'>illo</span> <span class='ocrx_word' id='word_1_260' title='bbox 469 3142 572 3206; x_wconf 89' lang='lat' dir='ltr'>die</span> <span class='ocrx_word' id='word_1_261' title='bbox 619 3163 760 3207; x_wconf 86' lang='lat' dir='ltr'>esse</span> <span class='ocrx_word' id='word_1_262' title='bbox 807 3146 1151 3207; x_wconf 86' lang='lat' dir='ltr'>mortuum.</span> <span class='ocrx_word' id='word_1_263' title='bbox 1234 3141 1549 3226; x_wconf 82' lang='lat' dir='ltr'>Magnum</span> <span class='ocrx_word' id='word_1_264' title='bbox 1595 3142 1839 3207; x_wconf 88' lang='lat' dir='ltr'>crimen</span> <span class='ocrx_word' id='word_1_265' title='bbox 1884 3149 1952 3207; x_wconf 89' lang='lat' dir='ltr'>et</span> <span class='ocrx_word' id='word_1_266' title='bbox 1995 3143 2341 3225; x_wconf 89' lang='lat' dir='ltr'>impudens</span> 
     </span>
     <span class='ocr_line' id='line_1_35' title="bbox 306 3230 2342 3314; baseline 0 -19"><span class='ocrx_word' id='word_1_267' title='bbox 306 3230 741 3296; x_wconf 80' lang='lat' dir='ltr'>mendacium!</span> <span class='ocrx_word' id='word_1_268' title='bbox 831 3230 1188 3314; x_wconf 90' lang='lat' dir='ltr'>Perspicite</span> <span class='ocrx_word' id='word_1_269' title='bbox 1243 3234 1479 3296; x_wconf 88' lang='lat' dir='ltr'>cetera.</span> <span class='ocrx_word' id='word_1_270' title='bbox 1570 3231 1730 3296; x_wconf 92' lang='lat' dir='ltr'>Dico</span> <span class='ocrx_word' id='word_1_271' title='bbox 1791 3231 2007 3314; x_wconf 90' lang='lat' dir='ltr'>illum,</span> <span class='ocrx_word' id='word_1_272' title='bbox 2063 3253 2213 3296; x_wconf 90' lang='lat' dir='ltr'>cum</span> <span class='ocrx_word' id='word_1_273' title='bbox 2257 3232 2342 3295; x_wconf 88' lang='lat' dir='ltr'>ad</span> 
     </span>
     <span class='ocr_line' id='line_1_36' title="bbox 307 3319 2431 3402; baseline -0.001 -21"><span class='ocrx_word' id='word_1_274' title='bbox 307 3319 470 3385; x_wconf 93' lang='lat' dir='ltr'>illud</span> <span class='ocrx_word' id='word_1_275' title='bbox 515 3319 861 3401; x_wconf 89' lang='lat' dir='ltr'>prandium</span> <span class='ocrx_word' id='word_1_276' title='bbox 906 3319 1164 3384; x_wconf 88' lang='lat' dir='ltr'>crudior</span> <span class='ocrx_word' id='word_1_277' title='bbox 1207 3319 1495 3383; x_wconf 84' lang='lat' dir='ltr'>venisset</span> <span class='ocrx_word' id='word_1_278' title='bbox 1542 3323 1635 3402; x_wconf 92' lang='lat' dir='ltr'>et,</span> <span class='ocrx_word' id='word_1_279' title='bbox 1678 3323 1755 3383; x_wconf 87' lang='lat' dir='ltr'>ut</span> <span class='ocrx_word' id='word_1_280' title='bbox 1800 3324 1980 3384; x_wconf 89' lang='lat' dir='ltr'>aetas</span> <span class='ocrx_word' id='word_1_281' title='bbox 2026 3319 2146 3384; x_wconf 88' lang='lat' dir='ltr'>illa</span> <span class='ocrx_word' id='word_1_282' title='bbox 2188 3319 2343 3400; x_wconf 87' lang='lat' dir='ltr'>fert,</span> <span class='ocrx_word' id='word_1_283' title='bbox 2374 3337 2431 3378; x_wconf 80' lang='lat'>35</span> 
     </span>
     <span class='ocr_line' id='line_1_37' title="bbox 311 3407 2347 3492; baseline 0.001 -23"><span class='ocrx_word' id='word_1_284' title='bbox 311 3407 440 3470; x_wconf 90' lang='lat' dir='ltr'>sibi</span> <span class='ocrx_word' id='word_1_285' title='bbox 493 3411 635 3472; x_wconf 91' lang='lat' dir='ltr'>tum</span> <span class='ocrx_word' id='word_1_286' title='bbox 688 3429 823 3474; x_wconf 89' lang='lat' dir='ltr'>non</span> <span class='ocrx_word' id='word_1_287' title='bbox 878 3407 1304 3491; x_wconf 89' lang='lat' dir='ltr'>pepercisset,</span> <span class='ocrx_word' id='word_1_288' title='bbox 1360 3408 1611 3492; x_wconf 89' lang='lat' dir='ltr'>aliquot</span> <span class='ocrx_word' id='word_1_289' title='bbox 1666 3407 1801 3471; x_wconf 90' lang='lat' dir='ltr'>dies</span> <span class='ocrx_word' id='word_1_290' title='bbox 1850 3411 2229 3492; x_wconf 86' lang='lat' dir='ltr'>aegrotasse</span> <span class='ocrx_word' id='word_1_291' title='bbox 2276 3411 2347 3472; x_wconf 89' lang='lat' dir='ltr'>et</span> 
     </span>
     <span class='ocr_line' id='line_1_38' title="bbox 308 3493 2345 3581; baseline 0.002 -26"><span class='ocrx_word' id='word_1_292' title='bbox 308 3494 404 3556; x_wconf 89' lang='lat' dir='ltr'>ita</span> <span class='ocrx_word' id='word_1_293' title='bbox 459 3516 598 3560; x_wconf 90' lang='lat' dir='ltr'>esse</span> <span class='ocrx_word' id='word_1_294' title='bbox 653 3500 1000 3561; x_wconf 89' lang='lat' dir='ltr'>mortuum.</span> <span class='ocrx_word' id='word_1_295' title='bbox 1093 3493 1252 3570; x_wconf 80' lang='lat' dir='ltr'>Quis</span> <span class='ocrx_word' id='word_1_296' title='bbox 1312 3496 1465 3561; x_wconf 91' lang='lat' dir='ltr'>huic</span> <span class='ocrx_word' id='word_1_297' title='bbox 1516 3495 1612 3559; x_wconf 89' lang='lat' dir='ltr'>rei</span> <span class='ocrx_word' id='word_1_298' title='bbox 1664 3496 1854 3559; x_wconf 85' lang='lat' dir='ltr'>testis</span> <span class='ocrx_word' id='word_1_299' title='bbox 1900 3495 2047 3559; x_wconf 80' lang='lat' dir='ltr'>est‘?</span> <span class='ocrx_word' id='word_1_300' title='bbox 2139 3494 2345 3581; x_wconf 86' lang='lat' dir='ltr'>Idem,</span> 
     </span>
    </p>
   </div>
  </div>
 </body>
</html>
