2534 3875
780 163 934 219 CAP.
974 170 1186 220 cc-cs
1223 170 1255 231 s
1297 169 1592 221 les-193.
2046 167 2175 232 173

46 308 376 372 minem
424 302 701 392 putavit,
747 307 878 372 nisi
917 309 1028 392 qui
1065 309 1136 373 in
1170 309 1665 375 matrimonium
1704 333 1997 377 sororem
2035 312 2173 376 eius

46 399 319 460 antea
362 395 677 460 duxisset.
771 395 988 460 Ceteri
1030 397 1216 462 novis
1264 398 1715 463 adfinitatibus
1764 399 2026 464 adducti
2072 422 2174 464 ve-

44 491 293 549 teres
363 483 746 549 inimicitias
802 505 997 568 saepe
1059 485 1424 569 deponunt3
1478 486 1597 550 illa
1643 486 1772 552 sibi
1817 487 1900 552 ad
1944 488 2173 552 confir-

45 571 411 638 mandas
472 571 852 636 inimicitias
925 573 1280 637 adfinitatis
1338 573 1859 640 coniunctionem
1913 575 2174 661 pignori

45 663 246 727 fore
331 660 621 743 putavit.
719 659 947 745 Neque
1001 661 1072 725 in
1118 682 1203 726 .eo
1261 662 1477 726 solum
1532 662 1811 748 diligens
1866 663 2020 745 fuit,
2081 668 2276 730 ut191

47 752 589 816 accusatorem
632 747 771 812 filio
819 771 937 813 suo
975 753 1405 832 compararet,
1452 750 1566 814 sed
1602 751 1803 815 etiam
1839 752 2173 835 cogitavit,

48 838 374 923 quibus
427 857 575 900 eum
621 837 817 902 rebus
865 841 1170 902 armaret.
1242 837 1417 902 Hinc
1463 838 1638 902 enim
1673 839 1827 904 illae
1866 839 2174 904 sollicita-

44 929 344 992 tiones
403 945 740 988 servorum
787 927 855 989 et
899 925 1094 991 minis
1144 928 1211 990 et
1255 926 1627 1010 promissiS,
1687 926 1840 992 hinc
1883 928 2036 992 illae
2080 930 2175 992 in-

44 1015 356 1080 finitae
423 1012 1032 1098 crudelissimaeque
1079 1013 1156 1077 de
1203 1018 1428 1078 morte
1462 1013 1805 1100 Oppianici
1851 1016 2174 1100 quaestio-

48 1126 242 1184 nes,
308 1101 556 1185 quibus
603 1101 802 1165 finem
849 1101 1200 1186 aliquando
1247 1124 1377 1167 non
1426 1103 1718 1169 mulieris
1764 1104 2013 1186 moduS,
2061 1105 2173 1168 sed

51 1192 499 1257 amicorum
572 1189 930 1254 auctoritas
1002 1189 1184 1273 fecit3
1260 1191 1344 1254 ab
1423 1190 1649 1255 eodem
1714 1192 1954 1256 scelere
2017 1192 2172 1257 illae

49 1278 424 1345 triennio
501 1280 654 1361 post
725 1277 992 1342 habitae
1071 1278 1290 1343 Larini
1363 1279 1803 1363 quaestiones,
1886 1280 2173 1344 eiusdem

55 1366 467 1434 amentiae
502 1365 711 1430 falsae
751 1367 1263 1449 conscriptiones
1301 1368 1790 1450 quaestionum3
1832 1389 1910 1432 ex
1947 1368 2173 1432 eodem

54 1460 353 1521 furore
408 1454 606 1518 etiam
651 1454 768 1519 illa
815 1455 1261 1520 conscelerata
1307 1454 1587 1519 exsectio
1632 1455 1921 1539 linguae,
1966 1455 2171 1520 totius

55 1544 419 1626 denique
463 1542 655 1607 huius
703 1543 786 1608 ab
832 1543 954 1607 illa
991 1547 1094 1608 est
1131 1547 1198 1607 et
1233 1544 1502 1609 inventa
1539 1547 1606 1607 et
1644 1544 1961 1608 adornata
2000 1566 2172 1609 com·

53 1630 395 1720 paratio
462 1630 769 1694 criminis.
860 1629 1079 1715 Atque
1142 1630 1248 1695 his
1307 1631 1500 1695 rebus
1559 1653 1706 1696 cum
1760 1632 2156 1696 instructum
2179 1651 2277 1699 192

57 1721 589 1788 accusatorem
634 1719 773 1783 filio
822 1741 938 1784 suo
978 1719 1260 1784 Romam
1306 1719 1612 1802 misisset,
1658 1722 1803 1803 ipsa
1838 1721 2174 1805 paulisper

59 1807 728 1892 conquirendorum
773 1811 842 1871 et
887 1807 1451 1873 conducendorum
1496 1807 1769 1872 testium
1814 1831 2013 1874 causa
2047 1807 2172 1872 La-

57 1897 235 1964 rini
289 1898 406 1961 est
434 1897 865 1981 commorata3
904 1900 1136 1981 postea
1163 1899 1385 1961 autem
1414 1918 1612 1981 quam
1648 1898 2173 1981 appropinquare

54 1988 323 2054 huius
385 1984 696 2049 iudicium
748 1984 809 2049 ei
861 1985 1237 2050 nuntiatum
1294 1988 1419 2067 est,
1474 1985 1820 2050 confestim
1875 1986 2002 2050 huc
2064 1986 2171 2049 ad—

60 2073 414 2155 volavit,
477 2094 559 2136 ne
616 2075 732 2136 aut
793 2073 1279 2139 accusatoribus
1337 2072 1676 2158 diligentia
1730 2077 1845 2138 aut
1898 2073 2174 2157 pecunia

59 2162 423 2230 testibus
471 2160 750 2245 deesset,
797 2165 910 2225 aut
953 2184 1036 2225 ne
1081 2162 1252 2226 forte
1300 2165 1513 2225 mater
1556 2162 1681 2227 hoc
1728 2161 1857 2226 sibi
1903 2161 2173 2247 optatis-

65 2255 378 2318 simum
447 2250 890 2333 spectaculum
952 2249 1145 2313 huius
1211 2250 1501 2314 sordium
1566 2254 1759 2334 atque
1822 2252 2037 2314 luctus
2108 2254 2174 2314 et

61 2338 303 2407 tanti
355 2337 686 2421 squaloris
725 2338 1074 2402 amitteret.
1136 2336 1280 2401 Iam
1324 2360 1479 2402 vero
1519 2338 1693 2421 quod
1728 2338 1855 2402 iter
1891 2338 2176 2402 Romam
2195 2341 2278 2406 68
2331 2353 2334 2356 ’

66 2432 258 2495 eius
338 2425 639 2489 mulieris
703 2425 904 2490 fuisse
970 2426 1407 2491 existimatis?
1483 2426 1655 2510 quod
1716 2447 1838 2512 ego
1903 2432 2174 2511 propter

63 2515 548 2585 vicinitatem
603 2513 1033 2599 Aquinatium
1088 2518 1155 2579 et
1198 2512 1755 2579 Fabraternorum
1812 2536 1889 2579 ex
1946 2516 2173 2580 multis
2239 2536 2245 2542 ·

68 2603 361 2673 audivi
436 2605 504 2666 et
567 2602 879 2686 comperi3
953 2623 1116 2686 quos
1182 2624 1533 2667 concursus
1598 2603 1667 2666 in
1729 2602 1833 2667 his
1899 2604 2175 2687 oppidiS,

68 2695 422 2781 quantos
469 2694 538 2755 et
581 2690 871 2755 virorum
918 2694 985 2754 et
1032 2690 1378 2755 mulierum
1426 2690 1711 2775 gemitus
1758 2712 1898 2755 esse
1944 2692 2172 2777 factos,

68 2782 479 2849 mulierem
529 2779 854 2861 quandam
888 2779 1266 2843 Larinatem
1310 2778 1479 2843 illim
1527 2800 1731 2862 usque
1778 2802 1819 2843 a
1864 2781 2032 2844 mari
2070 2803 2172 2845 su-

69 2892 290 2960 pero
323 2866 610 2931 Romam
645 2867 967 2951 proficisci
995 2889 1142 2932 cum
1169 2888 1409 2952 magno
1440 2867 1757 2931 comitatu
1786 2871 1853 2931 et
1878 2870 2172 2951 pecunia,

69 2980 255 3047 quo
321 2954 584 3019 facilius
631 2956 1090 3020 circumvenire
1136 2955 1377 3020 iudicio
1426 2956 1660 3039 capitis
1708 2959 1904 3039 atque
1952 2957 2170 3040 oppri-

70 3066 313 3116 mere
351 3044 562 3107 filium
598 3044 866 3127 posset?
927 3043 1140 3109 Nemo
1178 3047 1323 3108 erat
1358 3044 1640 3127 illorum,
1674 3064 1882 3127 paene
1923 3043 2150 3127 dicam,
2176 3062 2275 3109 193

72 3136 293 3223 quin
353 3132 748 3215 expiandum
800 3132 988 3195 illum
1045 3132 1262 3197 locum
1320 3153 1460 3195 esse
1507 3133 1964 3209 arbitraretur,
2021 3154 2173 3216 qua-

72 3242 417 3305 cumque
470 3220 586 3283 illa
637 3221 764 3284 iter
815 3220 1104 3303 fecisset,
1163 3242 1382 3303 nemo,
1444 3221 1601 3305 quin
1655 3223 1902 3283 terram
1958 3219 2171 3301 ipsam

31 3355 33 3366 ‚
76 3309 397 3392 violari,
435 3330 598 3392 quae
635 3312 847 3372 mater
883 3312 985 3373 est
1023 3309 1333 3391 omnium,
1368 3307 1667 3391 vestigiis
1696 3306 2172 3371 consceleratae

74 3397 377 3470 matris
443 3399 724 3479 putaret.
820 3396 1048 3481 Itaque
1115 3397 1301 3462 nullo
1358 3397 1429 3460 in
1483 3394 1719 3478 oppido
1777 3394 2172 3459 consistendi

72 3487 439 3580 potestas
487 3486 548 3549 ei
592 3484 735 3570 fuit,
780 3506 970 3550 nemo
1018 3507 1100 3549 ex
1143 3488 1246 3549 tot
1291 3484 1661 3568 hospitibus
1706 3482 2008 3547 inventus
2055 3488 2172 3565 est,

2167 3750 2182 3816 l
