2534 3875
193 425 260 474 88

197 1522 264 1570 89

297 176 428 241 220
756 176 854 231 DE
892 174 1082 230 LEGE
1119 174 1448 230 AGRARIA
1486 174 1754 229 ORATIO
1794 173 1865 228 ΙΙ.

298 324 589 386 recreata
635 342 978 405 exsurgere
1026 323 1220 404 atque
1267 320 1516 406 erigere
1564 341 1633 384 se
1677 323 1965 404 possent,
2009 317 2331 402 funditus,

299 414 374 475 ut
429 410 588 493 dixi,
643 410 1064 476 sustulerunt.
1163 407 1262 472 De
1320 406 1545 491 Capua
1600 408 1879 471 multum
1936 410 2037 471 est
2091 409 2158 470 et
2214 405 2330 469 diu

300 498 694 583 consultum3
761 500 984 561 extant
1049 496 1337 579 litterae,
1403 496 1712 577 Quirites,
1780 495 2106 579 publicae,
2171 498 2331 558 sunt

299 589 566 651 senatus
622 586 920 651 consulta
975 585 1327 668 complura.
1432 582 1815 649 Statuerunt
1870 584 2167 648 homines
2226 605 2328 647 sa-

297 674 550 759 pientes
560 723 579 757 ,
636 674 691 738 si
739 695 970 757 agrum
1016 670 1368 756 Campanis
1414 672 1833 752 ademissent,
1878 671 2391 756 magistratusffl

303 766 622 845 senatum,
665 762 998 846 publicum
1037 782 1114 825 ex
1150 761 1268 825 illa
1304 760 1467 825 urbe
1505 761 1849 825 consilium
1888 759 2329 843 sustulissent,

300 850 658 935 imaginem
701 850 796 914 rei
840 849 1140 933 publicae
1184 849 1435 914 nullam
1483 849 1915 932 reliquissent,
1960 847 2127 912 nihil
2163 846 2328 931 fore,

301 937 474 1023 quod
519 936 811 1022 Capuam
857 938 1252 1002 timeremus,
1340 935 1571 1020 Itaque
1618 936 1741 1001 hoc
1777 936 2212 1021 perscriptum
2255 935 2328 999 in

302 1026 739 1092 monumentis
785 1026 1113 1091 veteribus
1160 1025 1525 1110 reperietis,
1580 1028 1653 1089 ut
1701 1028 1873 1089 esset
1919 1025 2103 1108 urbs,
2160 1045 2328 1107 quae

300 1135 404 1179 res
452 1136 580 1198 eaS,
626 1114 860 1198 quibus
907 1135 1064 1199 ager
1110 1111 1480 1197 Campanus
1524 1114 1861 1197 coleretur,
1910 1112 2328 1198 suppeditare
2360 1128 2417 1168 ιο

300 1206 544 1288 posset,
586 1205 663 1265 ut
699 1205 870 1266 esset
908 1201 1088 1267 locus
1127 1202 1608 1286 comportandis
1645 1200 2119 1284 condendisque
2152 1198 2331 1264 fruc-

301 1290 508 1375 tibus,
566 1294 640 1354 ut
703 1293 990 1356 aratores
1037 1290 1215 1355 cultu
1263 1310 1568 1375 agrorum
1617 1289 1853 1354 defessi
1897 1288 2077 1353 urbis
2124 1288 2332 1353 domi-

303 1378 472 1443 ciliis
525 1382 890 1461 uterentur,
943 1378 1180 1444 idcirco
1237 1378 1353 1441 illa
1399 1377 1689 1443 aedificia
1732 1399 1863 1442 non
1910 1398 2049 1441 esse
2097 1376 2329 1441 deleta.

303 1464 561 1551 Videte,
635 1470 949 1550 quantum
1020 1465 1443 1531 intervallum
1516 1466 1603 1530 sit
1674 1466 2085 1531 interiectum
2153 1464 2333 1529 inter

303 1554 625 1619 maiorum
660 1558 1037 1619 nostrorum
1073 1554 1348 1619 consilia
1384 1558 1450 1618 et
1486 1554 1657 1618 inter
1686 1555 1962 1619 istorum
1988 1553 2331 1618 hominum
2364 1569 2421 1609 15

305 1642 715 1708 dementiam.
789 1641 900 1706 Illi
937 1640 1228 1726 Capuam
1265 1643 1743 1726 receptaculum
1781 1644 2133 1724 aratorum,
2170 1663 2333 1705 nun-

306 1731 492 1796 dinas
528 1731 940 1814 rusticorum,
985 1732 1216 1797 cellam
1255 1734 1447 1813 atque
1485 1730 1790 1795 horreum
1828 1728 2151 1813 Campani
2188 1729 2333 1813 agri

305 1841 448 1884 esse
495 1819 858 1903 voluerunt,
901 1819 972 1883 hi
1017 1818 1303 1901 expulsis
1342 1818 1728 1901 aratoribus,
1776 1817 1994 1881 effusis
2032 1838 2108 1882 ac
2147 1816 2333 1881 dissi-

219 1947 224 1950 ·
305 1907 480 1994 patis
535 1906 858 1973 fructibus
903 1907 1139 1973 vestris
1195 1905 1465 1972 eandem
1512 1904 1803 1990 Capuam
1860 1904 2077 1970 sedem
2122 1926 2332 1971 novae

203 2627 272 2675 90

305 1996 403 2061 rei
453 1996 752 2080 publicae
806 1997 1237 2078 constituunt,
1298 1996 1537 2060 molem
1593 2000 1819 2060 contra
1863 1999 2146 2059 veterem
2190 2015 2331 2059 rem
2362 2011 2424 2051 20

306 2084 635 2170 publicam
701 2088 1101 2169 comparant.
1201 2082 1445 2158 Quodsi
1510 2083 1787 2149 maiores
1840 2083 2051 2147 nostri
2110 2082 2333 2147 existi·

307 2177 598 2237 massent
658 2193 1049 2257 quemquam
1107 2173 1175 2236 in
1235 2176 1373 2236 tam
1433 2171 1679 2236 illustri
1737 2171 2011 2256 imperio
2071 2175 2138 2235 et
2190 2173 2335 2235 tam

306 2261 644 2343 praeclara
696 2260 922 2345 populi
974 2260 1253 2325 Romani
1309 2259 1650 2344 disciplina
1702 2260 1799 2324 M.
1844 2257 2033 2323 Bruti
2089 2262 2205 2324 aut
2261 2259 2337 2324 P.

308 2348 492 2413 Rulli
558 2348 840 2413 similem
904 2348 1194 2414 futurum
1261 2345 1411 2432 (hos
1478 2347 1647 2412 enim
1710 2369 1829 2413 nos
1895 2347 2056 2412 duos
2122 2347 2336 2411 adhuc

308 2436 606 2521 vidimuS,
654 2436 765 2520 qui
801 2437 968 2501 hanc
1004 2458 1143 2501 rem
1178 2435 1507 2519 publicam
1546 2433 1837 2520 Capuam
1874 2439 2085 2500 totam
2122 2439 2335 2500 trans·
2364 2451 2425 2493 25

307 2523 477 2588 ferre
533 2521 830 2610 vellent),
889 2524 1181 2609 profecto
1235 2545 1474 2587 nomen
1526 2523 1706 2588 illius
1760 2524 1941 2588 urbis
1995 2545 2128 2588 non
2187 2522 2337 2588 reli·

312 2611 622 2695 quissent.
677 2611 922 2677 Verum
961 2611 1452 2677 arbitrabantur
1489 2611 1787 2677 Corinthi
1824 2616 1890 2676 et
1928 2611 2337 2697 Carthagini,

313 2699 570 2763 etiamsi
619 2706 915 2764 senatum
954 2704 1020 2764 et
1055 2699 1484 2784 magistratus
1523 2701 1939 2765 sustulissent
1976 2719 2337 2784 agrumque

312 2786 560 2851 civibus
609 2785 1029 2870 ademissent,
1083 2791 1306 2852 tamen
1351 2810 1483 2853 non
1531 2788 1773 2872 defore,
1829 2789 1940 2872 qui
1983 2788 2099 2852 illa
2143 2787 2337 2852 resti·

253 2941 256 2946 ,
311 2877 568 2938 tuerent
616 2877 812 2958 atque
850 2875 962 2959 qui
999 2878 1149 2940 ante
1187 2876 1405 2940 omnia
1443 2880 1935 2955 commutarent,
1981 2897 2177 2961 quam
2214 2897 2336 2941 nos
2366 2893 2427 2934 ³0

314 2961 536 3027 audire
581 2984 947 3047 possemus3
994 2963 1100 3028 hic
1146 2985 1298 3028 vero
1335 2965 1403 3028 in
1442 2965 1643 3036 oculis
1682 2969 1943 3029 senatus
1981 2964 2339 3048 populique

311 3050 592 3116 Romani
644 3050 809 3115 nihil
855 3073 1043 3134 posse
1091 3051 1392 3136 existere,
1448 3053 1618 3136 quod
1661 3075 1792 3118 non
1842 3056 1992 3117 ante
2039 3052 2341 3138 extingui

314 3143 508 3223 atque
574 3139 855 3224 opprimi
916 3144 1166 3224 posset,
1233 3161 1430 3224 quam
1495 3141 1687 3224 plane
1752 3145 1925 3206 esset
1984 3144 2201 3206 ortum
2264 3163 2341 3206 ac

173 3321 178 3326 q
311 3235 558 3293 natum.
659 3227 886 3312 Neque
947 3250 1099 3293 vero
1167 3250 1242 3292 ea
1305 3250 1409 3293 res
1472 3228 1709 3293 fefellit
1762 3229 2057 3294 homines
2115 3227 2339 3295 divina

313 3319 531 3380 mente
588 3319 653 3380 et
708 3315 980 3382 consilio
1034 3317 1379 3400 praedito&
1468 3315 1642 3381 Nam
1696 3321 1849 3402 post
1905 3316 1978 3393 Q.
2033 3316 2337 3383 Fulvium
2366 3333 2427 3375 ³5

315 3401 385 3478 Q.
434 3403 707 3470 Fabium
755 3407 1071 3489 consuleS,
1117 3405 1351 3490 quibus
1398 3406 1771 3470 consulibus
1811 3403 2035 3491 Capua
2080 3405 2341 3470 devicta

315 3494 508 3574 atque
564 3496 759 3578 capta
813 3498 939 3578 est,
993 3493 1159 3558 nihil
1217 3496 1319 3558 est
1374 3493 1441 3557 in
1494 3492 1613 3558 illa
1668 3493 1827 3559 urbe
1884 3497 2113 3560 contra
2167 3493 2341 3560 hanc
