2534 3875
337 190 427 253 42
889 188 1031 243 PRO
1067 188 1136 243 A.
1176 187 1498 244 CAECINA
1537 187 1825 243 ORATIO.

236 349 302 398 14
337 332 452 397 ubi
506 354 638 398 non
693 333 954 400 adesset
1006 332 1347 398 Aebutius.
1439 330 1649 409 Quam
1702 354 2051 418 personam
2103 334 2239 399 iam
2298 354 2390 400 ex

339 420 667 486 cotidiana
710 421 850 487 vita
895 422 1253 507 cognostis,
1309 424 1821 506 recuperatores,
1876 422 2221 487 mulierum
2269 422 2387 488 ad-

340 508 711 593 sentatoris,
750 508 1109 594 cognitoris
1138 509 1501 593 viduarum,
1536 508 1893 573 defensoris
1928 508 2204 575 nimium
2242 510 2383 576 liti·

340 596 528 683 giosi,
573 598 842 663 contriti
887 598 969 661 ad
1005 596 1300 683 Regiam,
1344 597 1553 682 inepti
1599 618 1674 662 ac
1722 597 1912 661 stulti
1956 598 2129 662 inter
2173 597 2381 683 viros,

335 687 511 750 inter
555 684 861 751 mulieres
917 685 1114 769 periti
1167 686 1327 751 iuris
1382 689 1449 749 et
1503 684 1749 770 callidi,
1803 683 1972 750 hanc
2024 706 2383 772 personam
2412 718 2447 758 5

336 772 656 857 imponite
685 772 987 839 Aebutio.
1059 772 1126 837 Is
1157 773 1330 839 enim
1359 772 1754 839 Caesenniae
1780 772 1909 837 fuit
1942 772 2265 839 Aebutius
2291 810 2377 821 —-

335 882 418 925 ne
445 860 618 927 forte
647 861 995 947 quaeratis,
1036 884 1194 926 num
1221 862 1671 947 propinquus?
1692 898 1775 909 —-
1794 861 1964 925 nihil
1991 860 2265 927 alienius
2290 898 2374 910 —

339 949 585 1015 amicus
613 972 653 1015 a
680 954 870 1034 patre
894 953 1008 1014 aut
1027 972 1067 1014 a
1086 950 1226 1015 viro
1246 950 1573 1015 traditus?
1600 984 1673 997 -—
1698 949 1865 1013 nihil
1884 950 2097 1014 minus
2123 984 2198 997 —
2224 949 2380 1035 quis

338 1037 590 1123 igitur?
643 1037 787 1121 ille,
843 1038 984 1123 ille,
1040 1058 1232 1122 quem
1279 1059 1478 1122 supra
1524 1037 1909 1121 deformavi,
1963 1037 2379 1103 voluntarius

338 1124 584 1190 amicus
645 1125 937 1191 mulieris
997 1147 1132 1191 non
1188 1125 1665 1192 necessitudine
1729 1125 1975 1210 aliqua,
2040 1125 2153 1191 sed
2214 1126 2378 1192 ficto
2416 1162 2480 1200 10

338 1211 553 1278 officio
607 1213 1046 1299 simulataque
1101 1213 1446 1279 sedulitate
1492 1214 1874 1280 coniunctus
1922 1215 2136 1300 magis
2183 1236 2383 1301 opor-

233 1317 300 1367 15
338 1304 498 1366 tuna
545 1323 744 1385 opera
787 1322 1280 1386 nonnumquam
1330 1324 1525 1388 quam
1564 1302 1913 1386 aliquando
1948 1302 2141 1367 fideli.
2205 1301 2381 1368 Cum

338 1393 527 1473 esset,
572 1395 650 1454 ut
695 1390 905 1455 dicere
949 1390 1393 1476 institueram,
1438 1390 1801 1456 constituta
1846 1391 2060 1455 auctio
2107 1390 2382 1474 Romae,

337 1477 700 1543 suadebant
753 1476 946 1543 amici
999 1479 1391 1564 cognatique
1437 1477 1857 1561 Caesenniae,
1910 1477 1980 1541 id
2024 1478 2197 1564 quod
2240 1478 2381 1563 ipsi

338 1586 594 1650 quoque
638 1567 897 1631 mulieri
938 1568 1241 1632 veniebat
1273 1568 1346 1631 in
1384 1572 1687 1650 mentem,
1733 1566 2040 1650 quoniam
2074 1570 2378 1651 potestas
2414 1602 2475 1642 15

337 1658 510 1719 esset
564 1655 817 1719 emendi
873 1655 1146 1720 fundum
1207 1655 1398 1721 illum
1457 1653 1935 1737 Fulcinianum,
2000 1655 2113 1740 qui
2167 1653 2378 1721 fundo

336 1741 474 1806 eius
533 1742 804 1827 antiquo
866 1743 1206 1809 continens
1265 1747 1465 1827 esset,
1528 1744 1779 1809 nullam
1843 1764 1985 1807 esse
2047 1743 2376 1809 rationem

337 1829 634 1896 amittere
700 1832 838 1895 eius
901 1831 1082 1896 modi
1145 1833 1579 1915 occasionem,
1652 1852 1797 1896 cum
1862 1830 1922 1895 ei
1982 1833 2377 1916 praesertim

334 1922 610 2004 pecunia
655 1941 734 1983 ex
777 1920 1136 2004 partitione
1192 1920 1561 2003 deberetur3
1616 1941 1938 2004 nusquam
1982 1941 2175 2004 posse
2221 1941 2374 1986 eam

336 2007 568 2071 melius
614 2007 940 2073 collocari.
1012 2006 1244 2091 Itaque
1292 2009 1416 2074 hoc
1463 2008 1694 2073 mulier
1739 2008 1952 2073 facere
1998 2008 2373 2092 constituit3
2409 2047 2473 2087 20

335 2095 630 2178 mandat,
677 2099 752 2159 ut
787 2095 1058 2162 fundum
1099 2097 1226 2160 sibi
1273 2101 1467 2180 emat,
1509 2133 1585 2143 —
1626 2096 1731 2161 cui
1774 2095 2086 2160 tandem?
2130 2131 2219 2142 —-
2264 2097 2376 2163 cui

333 2183 629 2268 putatis?
675 2204 759 2248 an
803 2204 937 2247 non
980 2183 1050 2248 in
1087 2187 1373 2248 mentem
1409 2183 1596 2249 vobis
1633 2183 1813 2249 venit
1850 2183 2152 2248 omnibus
2188 2183 2373 2250 illius

334 2269 462 2337 hoc
497 2292 732 2372 munus
770 2292 913 2373 esse
951 2271 1034 2336 ad
1069 2271 1298 2374 omnia
1325 2271 1619 2374 mulieris
1654 2272 1923 2373 negotia
1956 2273 2189 2357 parati,
2226 2273 2372 2375 sine

233 2409 299 2534 ,ξ
336 2359 942 2512 {affligis
963 2359 2371 2533 ‘³³RZ⁰131212¹3³0¹¹¹1112gssssiifflssffiss⁰i⁸isssffifi
2405 2487 2468 2529 2⁵

335 2534 650 2618 tabulam,
693 2534 926 2601 licetur
961 2533 1311 2617 Aebutius3
1360 2535 1768 2601 deterrentur
1803 2539 2130 2621 emptores
2174 2537 2372 2601 multi

334 2621 577 2706 partim
620 2622 838 2707 gratia
880 2621 1303 2707 Caesenniae,
1352 2623 1593 2709 partim
1648 2623 1844 2688 etiam
1896 2625 2128 2708 pretio.
2198 2622 2370 2689 Fun-

336 2711 453 2773 dus
502 2709 822 2774 addicitur
867 2711 1180 2795 Aebuti03
1227 2711 1570 2796 pecuniam
1616 2712 1988 2798 argentario
2033 2713 2369 2797 promittit

335 2795 685 2882 Aebutius3
732 2819 860 2882 quo
906 2799 1286 2864 testimonio
1322 2822 1492 2865 nunc
1527 2800 1629 2866 vir
1666 2801 1955 2886 optimus
1992 2800 2201 2865 utitur
2238 2802 2369 2867 sibi

335 2888 626 2969 emptum
683 2907 884 2952 esse..
933 2885 1134 2962 Quasi
1194 2909 1349 2954 vero
1411 2893 1526 2954 aut
1582 2910 1704 2954 nos
1765 2888 1825 2952 ei
1881 2909 2193 2974 negemus
2259 2891 2370 2954 ad·
2410 2929 2475 2968 30

334 2972 579 3038 dictum
626 2979 740 3038 aut
784 2978 926 3041 tum
974 2976 1320 3060 quisquam
1364 2975 1591 3060 fuerit,
1638 2977 1751 3061 qui
1795 2976 2151 3061 dubitaret,
2208 2978 2369 3063 quin

335 3064 655 3127 emeretur
701 3062 1123 3146 Caesenniae,
1179 3085 1325 3129 cum
1370 3065 1439 3129 id
1482 3064 1779 3150 plerique
1823 3065 2091 3149 scirent,
2139 3086 2366 3131 omnes

332 3147 468 3214 fere
507 3149 856 3235 audissent,
900 3153 959 3216 si
1001 3154 1112 3233 qui
1150 3153 1313 3233 forte
1354 3173 1483 3218 non
1525 3153 1857 3235 audissmt,
1902 3154 1955 3217 ii
1995 3153 2369 3220 coniectura

335 3237 593 3323 assequi
638 3243 923 3323 possent,
969 3261 1115 3304 cum
1162 3240 1436 3324 pecunia
1473 3238 1866 3305 Caesenniae
1912 3263 1991 3305 ex
2025 3241 2145 3305 illa
2180 3242 2367 3307 here·

333 3325 538 3391 ditate
585 3326 952 3410 deberetur,
1003 3349 1145 3392 eam
1192 3349 1388 3412 porro
1434 3329 1506 3392 in
1549 3327 1831 3413 praediis
1878 3328 2186 3394 collocari
2231 3352 2365 3394 ma·
2394 3367 2456 3409 35

331 3413 503 3478 xime
562 3414 916 3499 expediret,
981 3419 1200 3480 essent
1264 3419 1482 3480 autem
1536 3416 1819 3500 praedia,
1886 3438 2049 3500 quae
2103 3417 2364 3484 mulieri

285 3531 290 3537 ·
333 3503 613 3567 maxime
669 3502 1112 3588 convenirent,
1167 3525 1244 3567 ea
1299 3503 1621 3587 venirent,
1673 3503 1977 3569 liceretur
2028 3504 2114 3590 is,
2170 3528 2366 3591 quem
