2534 3875
980 191 1139 247 cAP.
1182 198 1210 246 1
1249 198 1281 259 ς
1321 200 1475 249 1-2.
2155 195 2240 259 37

216 334 402 401 tisque
439 332 786 403 prohiberet.
859 333 962 389 His
998 333 1166 389 rebus
1205 334 1379 402 gestis
1418 333 1477 390 P.
1514 332 1815 391 Dolabella
1851 337 2081 406 praetor
2118 338 2254 391 anni

214 422 267 473 p.
307 420 360 457 ιι.
403 419 480 471 c.,
527 405 596 457 ut
630 404 880 470 videtur,
933 408 1038 459 685
1074 404 1444 459 interdixerat
1486 424 1557 459 nn
1592 425 1650 459 vr
1685 425 1974 462 nominans
2008 426 2252 477 amns,

214 476 293 543 ut,
331 474 485 528 unde
525 473 779 529 deiectus
815 476 966 529 esset
999 474 1065 529 A.
1097 475 1353 542 Caecina,
1393 492 1461 530 eo
1498 478 1903 535 restitueretur.
1977 477 2251 541 Aebutius

214 544 535 599 restituisse
587 561 648 600 se
701 544 948 615 dixerat,
999 544 1062 599 id
1107 548 1196 600 est
1243 548 1554 615 negaverat
1599 563 1659 601 se
1704 547 1912 601 iniuria
1963 548 2251 614 deiecisse,

214 615 630 670 restituendum
668 614 968 670 Caecinam
1013 633 1126 671 non
1165 632 1303 671 esse.
1377 619 1441 671 In
1488 618 1635 672 hanc
1676 634 1795 672 rem
1832 619 2060 687 sponsio
2098 618 2251 673 facta

215 689 352 741 erat.
418 686 504 741 De
541 685 647 741 hac
677 687 979 757 sponsione
1007 688 1122 741 iam
1150 688 1656 757 recuperatoribus,
1694 705 1835 756 quos
1862 690 1923 743 P.
1952 689 2250 744 Dolabella

217 756 470 823 dederat,
508 756 874 811 iudicandum
911 760 1047 813 erat.
1123 762 1187 813 A.
1219 757 1493 813 Caecinae
1521 775 1747 813 causam
1774 758 1849 815 M.
1878 758 2094 813 Tullius
2132 776 2248 814 sus-

217 829 462 897 ceperat,
501 827 614 898 qui,
653 844 782 882 cum
809 814 1234 898 recuperatores
1274 830 1388 884 iam
1423 830 1511 883 bis
1553 830 1945 900 ampliassent,
1983 830 2089 885 hac
2127 846 2248 884 ora-

214 900 372 953 tione
410 898 528 952 iam
572 898 805 953 tertium
851 898 970 953 eius
1019 914 1140 953 rem
1187 900 1323 968 agit.
1400 900 1583 954 Causa
1628 902 1799 966 enim,
1850 917 1994 969 quae
2040 916 2143 970 per
2189 916 2250 955 se

215 968 468 1023 difficilis
497 985 614 1024 non
640 984 766 1023 esse
794 969 1036 1036 videtur,
1072 973 1377 1040 propterea
1404 970 1643 1026 obscura
1670 973 1811 1039 erat,
1849 972 1999 1039 quod
2028 975 2092 1025 A.
2114 971 2249 1026 Cae·

215 1041 346 1095 cina
373 1039 604 1108 eiusque
641 1043 802 1096 actor
836 1040 945 1096 hoc
974 1041 1404 1109 contenderunt,
1439 1042 1805 1097 interdictum
1838 1060 1909 1095 nn
1944 1061 2003 1097 v1
2038 1060 2250 1097 nomm-

214 1129 313 1165 sus
350 1128 577 1165 amns
615 1111 735 1165 sine
763 1110 884 1165 ulla
909 1114 1236 1180 exceptione
1271 1113 1356 1166 ita
1384 1112 1522 1179 dari,
1560 1115 1641 1180 ut,
1679 1114 1778 1182 qui
1804 1112 2054 1167 deiectus
2084 1114 2251 1182 esset,

215 1183 635 1248 restitueretur,
700 1182 926 1237 etiamsi
976 1199 1091 1237 non
1145 1182 1562 1237 demonstraret
1614 1199 1675 1237 se
1730 1199 1860 1238 vere
1915 1184 2249 1253 possedisse.

217 1251 376 1315 Quae
414 1252 642 1321 quidem
676 1252 824 1307 ratio
860 1268 995 1307 vera
1033 1252 1257 1308 videtur
1304 1254 1536 1321 antiquo
1573 1256 1828 1323 tempore
1872 1254 2075 1309 habita
2109 1270 2249 1309 esse.

217 1321 382 1387 Quod
444 1325 642 1378 contra
686 1323 962 1378 Aebutius
1010 1324 1238 1391 eiusque
1288 1325 1446 1379 actor
1492 1325 1783 1379 contendit
1839 1324 2252 1379 restituendum

214 1396 339 1448 tum
367 1393 593 1448 demum
623 1392 924 1449 Caecinam
963 1410 1104 1462 esse,
1143 1396 1193 1449 si
1228 1395 1457 1449 doceret
1494 1412 1657 1449 suum
1693 1410 1815 1450 esse
1851 1395 2087 1449 fundum
2115 1396 2247 1450 Cae-

216 1465 585 1533 senniamque
611 1480 672 1519 re
699 1481 834 1519 vera
865 1465 1199 1535 possedisse.
1258 1466 1437 1531 Quam
1465 1466 1738 1521 rationem
1768 1466 2079 1535 posteriore
2105 1469 2250 1520 tem—

213 1550 353 1605 pore
398 1536 538 1589 iuris
585 1536 830 1591 consulti
875 1535 1140 1591 videntur
1186 1537 1364 1590 secuti
1410 1552 1559 1604 esse,
1608 1537 1706 1605 qui
1754 1536 1829 1591 M.
1868 1534 2113 1591 Tullium
2164 1536 2249 1589 in-

212 1608 425 1660 iustam
458 1622 687 1661 causam
714 1605 1036 1661 defendisse
1072 1607 1595 1677 pronuntiaverunt.
1660 1605 1773 1661 Sed
1799 1609 1989 1661 tamen
2016 1608 2088 1662 M.
2120 1606 2252 1670 Tul·

212 1678 324 1731 lius
370 1675 482 1731 hac
526 1677 652 1747 ipsa
697 1677 954 1732 oratione
1003 1678 1230 1731 videtur
1273 1678 1474 1733 vicisse
1520 1678 1851 1745 Aebutium,
1901 1694 2017 1731 non
2069 1677 2251 1732 solum

215 1749 368 1816 quod
421 1749 796 1819 conscriptam
848 1746 1162 1803 orationem
1217 1748 1401 1803 edidit
1449 1750 1509 1802 et
1559 1747 2001 1816 commendavit,
2056 1764 2251 1803 verum

215 1819 391 1873 etiam
430 1818 582 1887 quod
609 1822 676 1873 A.
706 1818 950 1873 Caecina
973 1820 1190 1873 seriore
1229 1820 1403 1873 etiam
1430 1820 1686 1889 tempore
1716 1818 1837 1881 eius
1872 1819 2251 1889 patrocinium

214 1888 537 1961 praedicat3
575 1888 687 1944 vid.
727 1888 838 1946 Cic.
878 1905 964 1960 ep.
1005 1889 1078 1944 ad
1113 1890 1246 1946 fam.
1285 1889 1364 1945 VI
1402 1896 1448 1946 7.
1487 1895 1539 1945 4.

355 2104 446 2190 Si,
492 2109 808 2190 quantum
851 2106 924 2169 in
968 2125 1127 2190 agro
1166 2105 1456 2188 locisque
1493 2105 1767 2170 desertis
1806 2105 2075 2171 audacia
2108 2108 2249 2190 pot·
2290 2087 2320 2212 ἒ

217 2198 349 2279 est,
403 2197 666 2262 tantum
719 2194 790 2258 in
841 2195 986 2259 foro
1044 2196 1240 2276 atque
1295 2193 1366 2257 in
1419 2193 1673 2259 iudiciis
1719 2193 2101 2277 inpudentia
2146 2215 2251 2258 va—

217 2283 414 2366 leret,
468 2304 604 2348 non
658 2283 870 2346 minus
925 2282 1220 2359 nuncin
1276 2303 1471 2346 causa
1530 2282 1787 2348 cederet
1840 2283 1918 2346 A.
1975 2279 2252 2346 Caecina

217 2369 361 2436 Sex.
419 2370 664 2435 Aebuti
725 2370 1167 2454 inpudentiae,
1233 2391 1431 2454 quam
1490 2373 1633 2435 tum
1695 2370 1765 2434 in
1819 2370 1886 2434 vi
1947 2369 2253 2435 faciunda

163 2475 189 2514 ⁵
217 2459 420 2524 cessit
469 2458 793 2524 audaciae.
883 2457 1128 2524 Verum
1185 2461 1253 2522 et
1307 2458 1472 2523 illud
1518 2458 1911 2523 considerati
1964 2457 2251 2523 hominis
2344 2474 2348 2479 '

219 2569 362 2612 esse
409 2547 698 2632 putavit,
752 2568 882 2631 qua
927 2547 1006 2611 de
1050 2568 1120 2618 re
1165 2545 1305 2611 iure
1353 2546 1703 2631 disceptari
1748 2550 2106 2631 oporteret,
2156 2569 2253 2611 ar·

218 2635 344 2700 mis
391 2657 525 2700 non
571 2635 984 2717 contendere,
1040 2638 1106 2699 et
1149 2635 1276 2701 hoc
1320 2635 1711 2718 constantis,
1767 2635 2026 2719 quicum
2073 2635 2141 2699 vi
2185 2638 2254 2700 et

219 2723 420 2790 armis
467 2728 717 2788 certare
761 2723 1101 2806 noluisset,
1147 2744 1293 2788 eum
1339 2723 1479 2788 iure
1523 2723 1890 2806 iudicioque
1927 2744 2248 2808 superare.

217 2811 318 2878 Ac
363 2811 530 2876 mihi
584 2812 844 2895 quidem
891 2832 1036 2877 cum
1084 2811 1295 2876 audax
1349 2811 1693 2896 praecipue
1746 2810 1951 2876 fuisse
1998 2812 2252 2877 videtur
2288 2829 2321 2878 2

137 2916 190 2955 ιο
217 2900 542 2966 Aebutius
589 2901 659 2964 in
698 2899 1131 2965 convocandis
1176 2898 1552 2964 hominibus
1600 2903 1667 2964 et
1714 2900 2064 2985 armandiS,
2107 2905 2249 2965 tum

216 2989 560 3074 impudens
606 2989 677 3053 in
721 2988 978 3069 iudicio,
1023 3009 1158 3052 non
1195 2987 1408 3052 solum
1457 2987 1629 3072 quod
1673 2988 1743 3052 in
1788 2984 2097 3053 iudicium
2142 3010 2250 3053 ve-

213 3077 356 3142 nire
413 3097 609 3142 ausus
671 3081 771 3141 est
823 3074 1006 3162 (nam
1061 3075 1128 3140 id
1183 3076 1443 3160 quidem
1498 3077 1767 3141 tametsi
1821 3076 2119 3160 improbe
2172 3077 2251 3140 fit

213 3166 288 3230 in
332 3169 564 3250 aperta
616 3187 716 3248 re,
769 3168 988 3229 tamen
1051 3164 1305 3228 malitia
1360 3167 1462 3229 est
1514 3165 1647 3228 iam
1704 3163 2078 3247 usitatum),
2138 3163 2252 3227 sed

216 3254 390 3337 quod
425 3275 559 3317 non
596 3253 923 3318 dubitavit
957 3252 1025 3317 id
1066 3252 1301 3336 ipsum,
1351 3253 1523 3336 quod
1562 3252 1879 3337 arguitur,
1926 3249 2251 3333 confiteri3

135 3357 186 3397 1⁵
215 3342 347 3406 nisi
391 3340 564 3406 forte
610 3340 736 3408 hoc
789 3341 1066 3406 rationis
1111 3340 1370 3423 habuit,
1428 3341 1763 3424 quoniam,
1819 3339 1876 3402 si
1927 3338 2107 3402 facta
2150 3339 2251 3403 vis

217 3436 394 3494 esset
438 3429 758 3512 moribus,
815 3428 1108 3513 superior
1153 3429 1224 3492 in
1278 3429 1691 3513 possessione
1736 3424 2074 3490 retinenda
2119 3446 2252 3489 non

213 3517 476 3597 fuisset,
535 3519 688 3601 quia
733 3521 963 3583 contra
1017 3517 1118 3581 ius
1165 3536 1541 3598 moremque
1585 3513 1763 3578 facta
1810 3513 1924 3592 sit,
1971 3512 2051 3576 A.
2098 3510 2251 3577 an-
