2534 3875
399 183 532 248 280
886 181 964 236 IN
1000 182 1062 238 L.
1100 180 1503 238 CATILINAM
1540 179 1808 235 ORATIO
1836 179 1933 236 ΠΙ.

401 327 716 413 Apuliam
755 326 1146 392 attributam
1181 346 1325 389 esse
1362 329 1505 390 erat
1532 325 1904 410 indicatum,
1942 325 2013 388 in
2040 323 2111 387 P.
2140 322 2396 404 Furium,

401 417 512 501 qui
561 419 661 480 est
709 437 784 478 ex
820 414 902 478 iis
952 413 1218 497 colonie,
1265 435 1426 498 quos
1472 411 1778 478 Faesulas
1815 411 1888 477 L.
1918 410 2105 476 Sulla
2147 411 2399 492 deduxit,

399 506 470 569 in
499 503 572 578 Q.
601 503 890 567 Annium
919 500 1280 585 Chilonem,
1318 502 1431 585 qui
1456 523 1587 566 una
1613 524 1759 565 cum
1784 501 1911 566 hoc
1937 500 2143 565 Furio
2176 520 2399 584 semper

401 597 542 658 erat
585 592 654 655 in
697 591 820 655 hac
864 590 1305 674 Allobrogum
1352 589 1810 654 sollicitatione
1854 592 2191 673 versatus,
2246 589 2311 652 in
2346 587 2397 649 P.

401 680 826 762 Umbrenum,
863 677 1241 742 libertinum
1269 677 1617 762 hominem,
1656 699 1694 742 a
1722 699 1850 761 quo
1876 677 2174 761 primum
2204 676 2425 741 Gallos⁵

295 769 408 836 (15)
429 769 510 834 ad
566 766 916 834 Gabinium
986 766 1331 851 perductos
1406 787 1545 830 esse
1610 766 1970 830 constabat.
2067 765 2293 849 Atque
2346 786 2400 826 ea

301 1226 366 1273 15

309 2674 373 2721 16

402 857 673 922 lenitate
728 859 990 920 senatus
1047 858 1149 918 est
1192 875 1377 936 usus,
1432 852 1743 938 QuiriteS,
1799 858 1871 917 ut
1918 875 1996 917 ex
2044 857 2249 918 tanta
2291 874 2401 917 con·

401 945 724 1009 iuratione
769 947 1084 1027 tantaque
1127 942 1251 1006 hac
1297 942 1710 1006 multitudine
1756 941 2280 1008 domesticorum
2318 941 2401 1004 ho-
2478 1021 2480 1032 Ι

406 1033 605 1096 stium
649 1053 881 1096 novem
927 1030 1263 1095 hominum
1309 1029 1896 1115 perditissimorum
1940 1051 2165 1115 poena
2204 1052 2278 1095 re
2318 1052 2401 1114 pu-

403 1121 574 1185 blica
655 1124 1037 1183 conservata
1117 1118 1514 1202 reliquorum
1596 1122 1845 1182 mentes
1928 1118 2162 1182 sanari
2248 1131 2439 1202 pessel⁸

405 1209 849 1273 arbitraretur.
921 1207 1139 1290 Atque
1175 1207 1373 1270 etiam
1410 1206 1796 1291 supplicatio
1833 1206 1931 1270 dis
1959 1207 2401 1271 inmortalibus

408 1319 527 1380 pro
585 1295 904 1380 singulari
954 1316 1176 1360 eorum
1223 1295 1454 1359 merito
1501 1316 1644 1359 meo
1692 1294 1951 1358 nomine
1999 1293 2279 1359 decreta
2320 1297 2403 1369 est.

406 1383 580 1468 quod
627 1383 787 1447 mihi
821 1383 1100 1468 primum
1147 1387 1300 1467 post
1344 1383 1511 1447 hanc
1557 1383 1782 1447 urbem
1826 1382 2169 1446 conditam
2209 1387 2403 1468 togato

405 1471 698 1557 contigit,
745 1476 810 1535 et
855 1471 958 1534 his
1006 1471 1262 1535 decreta
1308 1471 1522 1534 verbis
1560 1475 1678 1552 est,
1724 1470 1954 1553 ‘quod
1999 1471 2283 1535 urbem
2323 1472 2403 1533 in·

405 1560 727 1643 cendiiS,
772 1560 998 1624 caede
1037 1559 1256 1642 civiS,
1304 1557 1615 1622 Italiam
1661 1558 1869 1622 bello
1917 1558 2445 1624 liber·assem.’1³

406 1647 584 1724 Quae
641 1647 1027 1732 supplicatio
1083 1648 1139 1711 si
1185 1669 1332 1711 cum
1378 1647 1607 1712 ceteris
1654 1646 2253 1731 supplicationibus
2294 1669 2405 1712 con·

404 1736 678 1820 feratur,
733 1735 857 1799 hoc
902 1738 1209 1817 interest,
1265 1735 1437 1819 quod
1492 1739 1739 1800 ceterae
1785 1737 1947 1799 bene
1994 1739 2227 1820 gesta,
2280 1736 2405 1800 haee

406 1847 538 1889 una
585 1835 965 1889 conservata
1006 1845 1073 1887 re
1111 1823 1372 1907 publica
1408 1823 1764 1888 constituta
1799 1826 1917 1887 est.
1989 1824 2225 1906 Atque
2260 1823 2406 1903 illud,
2482 1849 2484 1858 ·

408 1913 578 1997 quod
613 1911 986 1978 faciundum
1021 1911 1301 1996 primum
1337 1911 1479 1995 fuit,
1514 1912 1756 1977 factum
1794 1914 1989 1995 atque
2016 1915 2407 1977 transactum

413 2006 530 2066 est.
621 1999 792 2065 Nam
837 2000 907 2064 P.
934 1999 1274 2083 LentuluS,
1324 2022 1712 2084 quamquam
1757 1999 2105 2085 patefactis
2156 2001 2453 2079 indiciis-⁸·

409 2088 920 2155 confessionibus
959 2090 1110 2171 suiS,
1144 2088 1381 2153 iudicio
1423 2093 1684 2153 senatus
1718 2110 1852 2153 non
1877 2087 2073 2153 modo
2102 2089 2407 2173 praetoris
2484 2126 2486 2135 2

409 2180 530 2260 ius,
574 2200 799 2242 verum
844 2177 1042 2241 etiam
1089 2176 1248 2242 civis
1288 2176 1612 2260 amiserat,
1655 2181 1873 2241 tamen
1910 2176 2317 2261 magistratu
2356 2198 2407 2239 se

411 2265 762 2349 abdicavit,
817 2269 920 2348 ut,
977 2287 1138 2348 quae
1191 2264 1425 2351 religio
1474 2262 1543 2329 C.
1568 2263 1803 2347 Mario,
1857 2264 2231 2330 clarissimo
2276 2266 2407 2345 vire,

409 2376 544 2419 non
579 2353 812 2434 fuerat,
851 2375 977 2436 quo
1017 2353 1230 2418 minus
1261 2352 1329 2417 C.
1359 2352 1716 2436 Glauciam,
1752 2353 1831 2416 de
1867 2374 1995 2436 quo
2023 2352 2205 2417 nihil
2234 2353 2407 2419 nomi-

409 2443 619 2506 natim
657 2445 798 2506 erat
833 2440 1178 2524 decretum,
1225 2446 1589 2525 praetorem
1625 2440 1958 2523 occideret,
2004 2462 2085 2505 ea
2120 2464 2253 2507 nos
2288 2441 2449 2505 reli-2²

415 2531 607 2615 gione
653 2530 721 2593 in
767 2529 1026 2614 privato
1073 2529 1142 2594 P.
1169 2528 1443 2593 Lentulo
1490 2529 1811 2615 puniendo
1856 2528 2309 2595 liberaremur.

543 2615 731 2681 Nunc
805 2618 1136 2701 quoniam,
1209 2616 1517 2701 Quirites,
1590 2617 2209 2682 consceleratissimi
2271 2616 2405 2702 peri-

413 2704 926 2788 culosissimique
972 2706 1130 2769 belli
1174 2705 1459 2769 nefarios
1495 2705 1685 2770 duces
1722 2711 1947 2790 captos
1982 2705 2121 2769 iam
2158 2710 2235 2769 et
2268 2727 2405 2770 com·

409 2793 764 2878 prehensos
809 2793 1074 2877 tenetis,
1120 2793 1510 2858 existumare
1556 2792 1802 2857 debetis
1849 2793 2063 2857 omnis
2106 2792 2405 2858 Catilinae

411 2881 629 2964 copias
640 2930 657 2964 ,
703 2881 911 2945 omnis
959 2904 1106 2966 spes
1155 2886 1347 2966 atque
1390 2903 1543 2965 opes
1579 2882 1681 2946 his
1720 2880 2005 2965 depulsis
2042 2881 2233 2946 urbis
2270 2881 2449 2965 peri-2³

409 2970 572 3035 culis
646 2969 1017 3034 concidisse.
1125 2970 1329 3045 Quem
1402 2969 1657 3053 quidem
1724 2990 1843 3055 ego
1910 2990 2057 3033 cum
2124 2990 2210 3033 ex
2272 2968 2403 3032 urbe

408 3058 762 3144 pellebam,
825 3058 948 3124 hoc
1012 3058 1431 3143 providebam
1486 3058 1700 3121 animo
1712 3106 1729 3139 ,
1794 3055 2107 3140 Quirites,
2172 3060 2403 3121 remoto

412 3143 694 3212 Catilina
755 3168 888 3211 non
950 3146 1112 3210 mihi
1178 3168 1317 3211 esse
1374 3145 1445 3209 P.
1484 3145 1745 3210 Lentuli
1808 3166 2112 3209 somnum
2174 3166 2299 3209 nec
2352 3142 2405 3206 L

413 3233 599 3299 Cassi
635 3235 858 3319 adipes
895 3256 1014 3299 nec
1053 3233 1119 3299 C.
1150 3232 1423 3318 Cethegi
1456 3233 1765 3298 furiosam
1802 3234 2254 3299 temeritatem
2288 3253 2404 3317 per·

409 3322 889 3387 timescendam.
987 3321 1110 3386 Ille
1165 3326 1306 3385 erat
1359 3344 1522 3386 unus
1577 3322 1901 3386 timendus
1955 3343 2033 3386 ex
2088 3321 2245 3386 istis
2298 3328 2449 3383 om·1·²

409 3409 618 3492 nibus,
665 3410 778 3473 sed
823 3415 959 3474 tam
997 3409 1123 3493 diu,
1171 3409 1321 3473 dum
1358 3410 1539 3474 urbis
1578 3410 1913 3474 moenibus
1950 3410 2409 3475 continebatur.

411 3494 644 3561 Omnia
679 3502 887 3580 norat,
925 3499 1214 3562 omnium
1253 3498 1469 3562 aditus
1504 3498 1795 3582 tenebat3
1832 3498 2189 3583 appellare,
2226 3502 2411 3577 temp-
