2534 3875
803 167 958 225 CAP.
1000 173 1208 224 12-14
1245 173 1276 234 ἓ
1316 175 1543 226 31—36.
2046 171 2171 237 201

143 315 286 378 sine
340 313 644 398 consilio,
698 333 910 397 poena
963 313 1102 379 sine
1155 315 1651 399 provocatione,
1706 315 2179 382 animadversio

143 402 285 466 sine
343 401 604 466 auxilio.
693 399 990 466 Iudicate
1034 423 1153 484 per
1200 402 1713 486 quinquennium
1758 404 1864 468 vel
1910 404 1988 468 de
2034 425 2177 470 con·
2216 422 2285 472 34

141 490 400 555 sulibus
447 490 552 554 vel
609 489 687 554 de
731 489 894 574 ipsis
938 490 1227 554 tribunis
1274 491 1483 574 plebis
1530 495 1864 576 poterunt3
1920 492 1997 556 de
2043 493 2179 557 illis

141 579 400 644 interea
440 599 634 643 nemo
680 577 1024 661 iudicabit3
1071 579 1501 663 magistratus
1548 580 1629 644 iis
1674 584 1893 665 petere
1939 579 2179 663 licebit,

75 684 110 726 5
145 689 416 732 causam
483 667 692 731 dicere
755 688 889 731 non
951 666 1202 751 licebit3
1271 689 1482 732 emere
1548 687 1770 752 agros,
1834 689 1875 733 a
1942 668 2177 752 quibus

140 755 373 819 volent
417 758 486 819 et
531 777 694 839 quos
738 756 980 838 volent,
1025 777 1220 839 quam
1266 757 1492 820 volent
1538 776 1795 840 magne,
1839 760 2181 840 poterunt3

142 842 444 910 colonias
491 843 800 908 deducere
845 864 1071 928 novas,
1117 865 1431 909 renovare
1478 847 1748 928 veteres,
1793 847 2005 908 totam
2050 842 2178 909 Ita-

142 933 310 996 liam
383 931 518 996 suis
592 931 867 997 coloniis
931 935 1007 996 ut
1071 932 1395 1016 complere
1461 931 1682 1015 liceat,
1754 932 2180 1016 permittitur3

145 1019 366 1085 omnis
410 1019 780 1106 provincias
827 1020 1135 1104 obeundi,
1182 1020 1427 1085 liberos
1474 1022 1751 1106 populos
1800 1021 1975 1106 agris
2024 1022 2182 1084 mul·

63 1128 112 1168 ιο
143 1108 354 1190 tandi,
402 1128 754 1194 regnorum
800 1108 1283 1174 vendendorum
1330 1130 1585 1172 summa
1629 1112 1922 1194 potestas
1962 1109 2183 1192 datur3

145 1218 301 1262 cum
339 1196 562 1280 velint,
607 1196 855 1262 Romae
892 1218 1057 1281 esse,
1102 1219 1250 1262 cum
1287 1196 1699 1261 commodum
1737 1197 1842 1280 sit,
1881 1219 2185 1281 quacum·

145 1306 279 1370 que
322 1284 546 1368 velint,
591 1306 843 1351 summo
891 1307 1040 1351 cum
1075 1284 1349 1369 imperio
1387 1283 1752 1368 iudicioque
1788 1306 2006 1351 rerum
2044 1307 2180 1351 om-

141 1373 338 1438 nium
381 1373 610 1459 vagari
662 1376 738 1438 ut
791 1373 1012 1451 liceat,
1067 1373 1469 1456 conceditur3
1521 1373 1773 1437 interea
1818 1372 2185 1438 dissolvant

142 1460 392 1541 iudicia
436 1461 725 1546 publica,
771 1483 806 1526 e
853 1461 1144 1527 consiliis
1191 1461 1532 1544 abducant,
1580 1482 1742 1545 quos
1788 1461 2011 1544 velint,
2058 1461 2185 1526 sin-

63 1567 114 1609 15
145 1549 298 1635 guli
345 1549 422 1614 de
469 1549 770 1614 maximis
815 1550 1008 1614 rebus
1053 1549 1358 1633 iudicent,
1402 1549 1735 1634 quaestori
1779 1551 2187 1633 permittant,

143 1637 482 1703 finitorem
528 1639 824 1722 mittant,
881 1640 1099 1702 ratum
1147 1639 1262 1721 sit,
1317 1636 1489 1721 quod
1532 1637 1759 1702 finitor
1804 1639 1914 1702 uni
1961 1637 2089 1720 illi,
2148 1661 2189 1702 a
2211 1691 2295 1754 14

145 1748 285 1810 quo
341 1726 578 1790 missus
634 1726 786 1809 erit,
838 1725 1331 1791 renuntiaverit.
1420 1724 1713 1790 Verbum
1768 1726 1931 1790 mihi
1991 1726 2189 1809 deest,
2224 1767 2293 1818 35

147 1814 467 1898 QuiriteS,
532 1836 679 1880 cum
737 1834 860 1899 ego
924 1814 1092 1879 hanc
1147 1816 1543 1897 potestatem
1597 1815 1848 1898 regiam
1908 1814 2189 1899 appelle,

147 1903 272 1969 sed
325 1904 620 1988 profecto
679 1903 889 1968 maior
943 1905 1046 1968 est
1100 1902 1439 1988 quaedam.
1526 1900 1803 1967 Nullum
1859 1904 2034 1967 enim
2089 1923 2189 1967 re-

63 2011 118 2053 20
147 2014 360 2079 gnum
392 1990 520 2056 fuit
555 1990 885 2076 umquam,
923 1991 1095 2077 quod
1130 2013 1283 2075 non,
1320 1992 1376 2056 si
1413 1991 1627 2055 minus
1663 1991 1804 2054 iure
1842 1991 2079 2075 aliqu0,
2118 1994 2189 2055 at

144 2079 532 2166 regionibus
578 2084 800 2145 tamen
845 2080 1040 2145 certis
1080 2080 1533 2145 contineretur.
1600 2078 1743 2143 Hoc
1779 2100 1933 2144 vcro
1972 2078 2189 2143 infini-

147 2174 296 2233 tum
355 2172 480 2252 est,
528 2190 655 2251 quo
711 2172 777 2233 et
832 2190 1038 2255 regna
1095 2170 1316 2234 omnia
1370 2172 1437 2233 et
1479 2171 1771 2232 vestrum
1821 2166 2191 2250 imperium,

148 2256 332 2342 quod
395 2256 712 2321 latissime
775 2260 988 2341 patet,
1051 2261 1118 2322 et
1181 2278 1285 2340 ea,
1351 2277 1517 2340 quae
1572 2255 1815 2340 partim
1884 2255 2093 2319 libera
2151 2277 2192 2319 a

147 2346 374 2429 vobiS,
435 2345 675 2429 partim
739 2344 940 2410 etiam
1002 2345 1307 2431 ignorata
1370 2343 1558 2408 vobis
1625 2346 1804 2426 sunt,
1866 2343 2193 2427 permissu

65 2451 120 2493 25
148 2434 325 2519 legis
373 2433 803 2499 continentur.

281 2521 495 2587 Datur
557 2522 760 2607 igitur
823 2521 916 2587 eis
979 2521 1291 2606 primum,
1354 2525 1431 2584 ut
1494 2519 1691 2585 liceat
1756 2519 1851 2584 eis
1916 2521 2193 2586 vendere

151 2610 406 2692 omnia,
469 2611 547 2675 de
602 2611 838 2695 quibus
904 2609 1256 2675 vendendis
1324 2611 1589 2673 senatus
1658 2609 1954 2673 consulta
2016 2608 2195 2674 facta

149 2703 313 2765 sunt
379 2698 464 2763 M.
524 2698 742 2765 Tullio
813 2696 928 2764 Cn.
989 2697 1291 2764 Cornelio
1363 2696 1741 2763 consulibus
1811 2700 2033 2780 postve
2100 2718 2193 2762 ea.

151 2787 290 2854 Cur
353 2787 477 2852 hoc
534 2793 673 2853 tam
735 2791 837 2852 est
896 2787 1246 2853 obscurum
1306 2790 1503 2870 atque
1565 2786 1872 2850 caecum?
1978 2780 2191 2860 Quid?
2231 2802 2298 2851 36

67 2892 122 2933 ⁸0
148 2877 290 2941 ista
338 2875 585 2959 omnia,
643 2876 721 2941 de
770 2876 1003 2959 quibus
1052 2878 1317 2939 senatus
1364 2872 1648 2957 censuit,
1690 2872 2079 2938 nominatim
2126 2873 2196 2936 in

151 2966 304 3047 lege
370 2963 689 3046 perscribi
750 2984 966 3028 nonne
1031 2963 1429 3047 potuerunt?
1528 2961 1715 3026 Duae
1782 2964 1935 3026 sunt
2002 2960 2195 3026 huius

151 3049 580 3117 obscuritatis
650 3072 909 3134 causae,
980 3049 1291 3132 Quirites,
1361 3071 1491 3115 una
1559 3050 1854 3133 pudoris,
1923 3049 1980 3113 si
2050 3047 2194 3131 quis

150 3139 372 3225 pudor
427 3160 567 3203 esse
622 3143 840 3223 potest
894 3139 966 3203 in
1021 3141 1160 3203 tam
1205 3138 1449 3224 insigni
1494 3137 1925 3221 impudentia,
1986 3134 2195 3199 altera

154 3226 447 3293 sceleris.
550 3224 723 3291 Nam
789 3248 996 3311 neque
1066 3248 1167 3308 ea,
1238 3248 1402 3310 quae
1473 3230 1740 3291 senatus
1803 3223 2193 3288 nominatim

71 3330 124 3373 85
152 3315 498 3381 vendenda
569 3315 846 3399 censuit,
917 3314 1112 3380 audet
1181 3314 1537 3399 appellare3
1608 3317 1760 3377 sunt
1821 3312 1992 3376 enim
2050 3312 2195 3377 loca

151 3402 424 3489 publica
468 3404 678 3487 urbiS,
725 3408 878 3468 sunt
925 3403 1194 3488 sacella,
1251 3424 1417 3487 quae
1461 3405 1614 3486 post
1659 3400 2036 3465 restitutam
2082 3400 2195 3463 tri·

151 3491 488 3557 buniciam
544 3494 944 3578 potestatem
999 3513 1191 3557 nemo
1251 3490 1505 3575 attigit,
1572 3509 1735 3573 quae
1792 3486 2069 3552 maiores
2124 3486 2195 3550 in
