2534 3875
759 253 913 311 CAP.
948 260 1158 311 25—2‘1
1199 261 1229 321 ἐ
1268 262 1497 312 66-71.
2051 259 2185 326 483

148 398 572 464 interdictum
629 399 888 463 sceleris
897 449 916 482 ,
972 417 1196 465 vocem
1249 400 1522 485 furoriS,
1576 402 1689 466 sed
1734 404 2184 489 prospexistiS,

146 509 233 552 ne
272 509 436 571 quae
474 487 811 572 popularis
848 487 920 551 in
954 509 1075 552 nos
1115 488 1465 572 aliquando
1502 489 1749 554 invidia
1775 491 2183 578 redundaret,

149 577 209 640 si
257 576 395 640 sine
440 576 671 660 populi
714 575 951 640 iudicio
997 576 1290 642 restituti
1334 577 1719 644 videremur.
1808 579 2185 665 Eodemque

150 663 426 730 consilio
472 662 558 728 M.
605 661 856 747 Bibuli,
900 663 1246 730 fortissimi
1292 665 1433 749 viri,
1480 671 1745 731 senatus
1794 671 2185 734 sententiam

77 775 114 817 ⁵
151 756 413 818 secutus
461 756 580 835 est,
624 755 700 816 ut
744 772 862 816 vos
911 752 988 816 de
1028 775 1174 817 mea
1210 753 1403 818 domo
1444 755 1841 838 statueretiS,
1886 778 2019 822 non
2056 778 2185 841 quo

151 841 502 924 dubitaret,
539 839 694 924 quin
731 840 815 905 ab
853 841 984 905 isto
1023 841 1191 904 nihil
1225 841 1504 928 legibuS,
1540 843 1704 907 nihil
1742 844 2189 930 religionibus,

147 929 318 993 nihil
364 930 502 994 iure
549 931 724 993 esset
769 932 1005 1011 actum,
1052 930 1164 994 sed
1199 951 1284 994 ne
1322 931 1466 1014 quis
1505 935 1799 997 oreretur
1836 933 2186 1017 aliquando

148 1019 221 1082 in
275 1021 465 1082 tanta
519 1018 822 1082 ubertate
878 1017 1337 1102 inproborum,
1401 1019 1514 1103 qui
1568 1020 1638 1084 in
1695 1020 1857 1085 meis
1918 1022 2186 1087 aedibus

151 1106 440 1191 aliquam
485 1105 868 1191 religionem
915 1105 1197 1170 residere
1245 1106 1507 1172 diceret.
1577 1107 1752 1174 Nam
1790 1110 2004 1194 legem
2042 1110 2185 1195 qui-

48 1219 115 1260 ιο
149 1195 300 1260 dem
335 1195 533 1259 istam
568 1194 820 1258 nullam
857 1215 1019 1278 esse,
1054 1194 1633 1280 quotienscumque
1670 1195 1749 1262 de
1787 1219 1891 1262 me
1920 1203 2183 1263 senatus

149 1283 548 1348 sententiam
608 1283 796 1362 dixit,
858 1283 1099 1348 totiens
1155 1282 1494 1368 iudicavit,
1558 1285 1867 1369 quoniam
1924 1287 2183 1370 quidem

151 1371 398 1456 scripto
442 1371 558 1436 illo
605 1371 798 1436 istius
847 1372 1237 1436 sententiam
1285 1372 1496 1437 dicere
1532 1374 1898 1440 vetabatur.
1963 1374 2183 1459 Atque
2223 1395 2292 1445 70

149 1461 318 1525 hanc
375 1481 513 1524 rem
566 1481 687 1543 par
739 1459 905 1524 illud
961 1459 1198 1542 simile,
1252 1458 1407 1526 Piso
1466 1465 1533 1525 et
1590 1461 1936 1548 Gabinius,
1988 1464 2184 1547 vidit3

147 1548 446 1613 homines
485 1548 706 1634 legum
743 1547 1254 1634 iudiciorumque
1294 1554 1679 1634 metuentes,
1714 1573 1858 1616 cum
1886 1550 2183 1636 frequen-

51 1659 116 1702 15
150 1637 446 1702 tissimus
495 1640 758 1702 senatus
797 1657 928 1718 eos,
973 1639 1049 1699 ut
1085 1636 1164 1700 de
1200 1660 1305 1702 me
1342 1637 1680 1721 referrent,
1726 1639 1963 1705 cotidie
2000 1641 2181 1725 flagi-

148 1729 345 1809 taret,
389 1746 521 1790 non
567 1745 637 1788 se
682 1745 822 1789 rem
867 1724 1237 1809 improbare
1286 1725 1609 1803 dicebant,
1655 1727 1768 1793 sed
1805 1728 1951 1813 lege
1988 1728 2182 1793 istius

149 1813 470 1900 impediri.
541 1811 706 1878 Erat
742 1811 868 1877 hoc
904 1835 1155 1896 verum3
1190 1834 1347 1878 nam
1382 1815 1921 1900 impediebantur,
1957 1838 2183 1882 verum

153 1924 232 1967 ea
266 1903 430 1988 lege,
467 1923 662 1987 quam
696 1901 870 1967 idem
906 1901 1032 1966 iste
1062 1901 1139 1966 de
1167 1901 1551 1969 Macedonia
1579 1901 1893 1989 Syriaque
1919 1905 2184 1971 tulerat.

150 1990 340 2057 Hanc
402 1995 502 2075 tu,
565 1990 636 2055 P.
690 1988 991 2075 Lentule,
1054 2012 1262 2075 neque
1324 1992 1620 2076 privatus
1682 2015 1892 2078 neque
1956 1996 2183 2060 consul
2204 1999 2287 2063 27

47 2105 114 2147 20
150 2081 367 2166 legem
425 2100 565 2145 esse
624 2101 933 2162 umquam
985 2080 1254 2163 putasti.
1346 2078 1520 2145 Nam
1564 2080 1846 2147 tribunis
1890 2083 1980 2167 pl.
2025 2083 2182 2148 refe-

147 2168 446 2235 rentibus
513 2167 909 2233 sententiam
973 2168 1052 2231 de
1111 2190 1215 2233 me
1273 2168 1655 2255 designatus
1710 2171 1937 2235 consul
1988 2193 2183 2257 saepe

150 2257 402 2339 dixisti3
449 2278 526 2321 ex
570 2254 882 2320 Kalendis
928 2255 1268 2340 Ianuariis,
1316 2257 1529 2341 quoad
1574 2259 1865 2342 perfecta
1912 2280 2017 2323 res
2064 2265 2185 2341 est,

150 2346 230 2410 de
286 2367 388 2409 me
434 2344 778 2427 rettulisti,
830 2346 1044 2430 legem
1088 2346 1554 2429 promulgasti,
1607 2346 1847 2430 tulisti3
1904 2370 2182 2432 quorum

149 2433 295 2517 tibi,
332 2434 388 2499 si
434 2438 607 2499 esset
650 2433 771 2497 illa
814 2433 945 2515 lex,
997 2432 1164 2497 nihil
1210 2432 1455 2499 liceret.
1544 2433 1639 2498 At
1682 2435 1882 2500 etiam
1927 2434 1999 2511 Q.
2047 2435 2181 2500 Me-

45 2546 112 2589 25
149 2522 366 2606 telluS,
413 2523 665 2607 collega
711 2524 883 2603 tuuS,
929 2521 1328 2586 clarissimus
1374 2522 1492 2604 vir,
1540 2544 1736 2606 quam
1783 2524 1997 2610 legem
2041 2546 2183 2590 esse

147 2611 446 2676 homines
513 2609 893 2675 alienissimi
957 2631 996 2673 a
1049 2608 1120 2673 P.
1158 2608 1388 2675 Clodio
1452 2610 1838 2695 iudicarent,
1903 2612 2057 2679 Piso
2117 2617 2185 2678 et

150 2698 491 2781 GabiniuS,
537 2720 683 2763 eam
718 2699 968 2763 nullam
1006 2718 1148 2762 esse
1183 2697 1388 2763 frater
1424 2697 1496 2763 P.
1525 2697 1732 2783 Clodi,
1779 2722 1925 2766 cum
1963 2701 2041 2765 de
2080 2724 2183 2766 me

151 2788 234 2854 ad
292 2793 587 2852 senatum
644 2791 858 2852 tecum
913 2808 1046 2851 una
1089 2787 1378 2867 rettulit,
1430 2786 1759 2853 iudicavit.
1852 2787 1980 2854 Sed
2026 2812 2181 2855 vero
2222 2808 2285 2858 ‘11

150 2876 295 2960 isti,
370 2876 482 2960 qui
547 2874 736 2940 Clodi
799 2876 978 2960 leges
1048 2875 1434 2959 timuerunt,
1498 2899 1689 2961 quem
1762 2877 1844 2942 ad
1917 2878 2183 2943 modum

43 2988 115 3029 so
152 2968 402 3030 ceteras
450 2963 925 3030 observarunt?
1007 2960 1285 3029 Senatus
1333 2963 1611 3051 quidem,
1656 2965 1837 3031 cuius
1887 2970 1989 3030 est
2033 2986 2181 3049 gra-

150 3054 490 3119 vissimum
535 3051 844 3117 iudicium
891 3050 968 3115 de
1012 3051 1152 3117 iure
1197 3053 1436 3137 legum,
1484 3054 2057 3137 quotienscumque
2103 3054 2183 3119 de

147 3163 256 3207 me
311 3142 644 3207 consultus
700 3145 828 3223 est,
880 3139 1126 3206 totiens
1178 3162 1324 3205 eam
1368 3142 1618 3207 nullam
1665 3163 1806 3207 esse
1852 3141 2183 3209 iudicavit.

147 3230 336 3306 Quod
389 3230 563 3295 idem
616 3233 719 3313 tu,
774 3228 1073 3312 Lentule,
1127 3229 1349 3295 vidisti
1395 3232 1464 3293 in
1510 3252 1589 3294 ea
1631 3230 1804 3315 lege,
1860 3251 2056 3313 quam
2105 3231 2181 3296 de

145 3340 256 3383 me
302 3317 531 3384 tulisti.
614 3318 786 3383 Nam
832 3338 966 3382 non
1011 3321 1112 3381 est
1155 3317 1252 3383 ita
1299 3318 1526 3400 latum,
1572 3321 1647 3382 ut
1694 3317 1856 3382 mihi
1902 3317 2182 3383 Romam

39 3429 110 3473 35
150 3408 397 3473 ‘venire
443 3405 720 3490 liceret',
775 3406 888 3471 sed
932 3409 1007 3470 ut
1052 3404 1405 3471 ‘veniremf
1496 3404 1648 3470 Non
1696 3406 1865 3470 enim
1898 3406 2183 3493 ,voluisti

145 3497 245 3581 id,
310 3495 482 3581 quod
545 3495 812 3578 licebat,
874 3493 1044 3559 ferre
1109 3499 1185 3559 ut
1247 3494 1499 3575 liceret,
1564 3494 1675 3559 sed
1731 3516 1836 3558 me
1887 3494 1984 3560 ita
2040 3518 2182 3561 esse

143 3587 218 3650 in
293 3590 363 3650 r'e
427 3584 717 3671 publica,
793 3584 1004 3669 magis
1068 3587 1143 3647 ut
1206 3583 1556 3649 arcessitus
1620 3583 1893 3666 imperio
1959 3585 2182 3670 populi

1752 3688 1861 3743 31*
