2534 3875
219 752 290 799 37

221 1630 291 1679 38

333 150 465 215 114
852 148 997 203 PRO
1036 149 1099 203 A.
1141 147 1510 203 CLUENTIO
1551 136 1867 203 ORAT10.'

325 295 624 380 vestigiis
685 292 1080 377 Oppianicus
1137 297 1521 358 consecutus
1582 295 1700 356 est.
1789 291 1935 356 Iam
1988 296 2062 355 ut
2115 290 2365 357 Romae

326 384 639 466 vixerint,
685 383 922 467 quibus
968 382 1314 461 conviviis,
1362 381 1598 464 quibus
1643 380 1935 466 flagitiis,
1981 380 2247 463 quantis
2296 384 2365 443 et

327 494 523 555 quam
560 470 843 554 profusis
884 470 1256 554 sumptibus
1294 491 1427 534 non
1464 468 1659 533 modo
1696 471 1977 552 conscio,
2013 468 2127 531 sed
2162 469 2364 532 etiam

329 560 603 624 conviva
677 562 743 622 et
821 559 1115 622 adiutore
1179 556 1568 641 Oppianico,
1648 557 1920 641 longum
1985 561 2086 620 est
2151 556 2362 621 dicere

328 647 517 725 mihi,
572 645 960 729 praesertim
1027 646 1110 710 ad
1177 647 1307 709 alia
1369 645 1778 730 properanti3
1844 646 2093 709 exitum
2166 644 2361 709 huius
2390 662 2423 703 5

329 735 752 800 assimulatae
809 734 1285 798 familiaritatis
1331 733 1721 817 cognoscite.
1787 731 1953 797 Cum
2000 736 2169 797 esset
2208 733 2363 798 adu·

331 825 582 888 lescens
648 823 819 905 apud
875 821 1322 886 mulierculam
1378 821 1705 907 quandam
1762 826 1985 905 atque,
2047 821 2163 885 ubi
2218 844 2363 906 per-

327 914 659 993 noctarat,
713 911 808 974 ibi
865 910 1035 974 diem
1080 914 1416 994 posterum
1464 914 2001 992 commoraretur,
2057 909 2363 989 Avillius,

331 1004 407 1065 ut
473 1003 616 1063 erat
673 1000 1129 1083 constitutum,
1193 998 1464 1062 simulat
1519 1020 1587 1062 se
1644 1002 1987 1083 aegrotare
2043 1002 2110 1062 et
2163 1002 2363 1063 testa·-

331 1092 627 1152 mentum
665 1087 876 1151 facere
914 1088 1098 1151 velle.
1163 1086 1561 1171 Oppianicus
1598 1087 2057 1171 obsignatores
2086 1087 2169 1151 ad
2198 1108 2362 1167 eum,
2392 1105 2453 1145 ιο

331 1176 445 1259 qui
498 1197 708 1259 neque
757 1173 1075 1238 Asuvium
1121 1196 1332 1259 neque
1378 1174 1699 1239 Avillium
1744 1179 2045 1253 nossent,
2099 1175 2364 1239 adducit

334 1267 401 1327 et
464 1264 652 1327 illum
716 1261 1035 1327 Asuvium
1103 1264 1397 1347 appellat
1458 1263 1624 1349 ipse3
1689 1267 2086 1328 testamento
2151 1263 2380 1353 Asuvi·

328 1354 590 1417 nomine
665 1352 1016 1436 obsignato
1092 1351 1457 1416 disceditur.
1564 1352 1848 1416 Avillius
1910 1352 2063 1416 ilico
2131 1374 2364 1416 conva-

329 1441 545 1522 lescit3
609 1439 897 1504 Asuvius
962 1443 1182 1504 autem
1244 1439 1429 1503 brevi
1484 1440 1603 1504 illo
1659 1442 1981 1523 tempore,
2046 1440 2234 1523 quasi
2292 1442 2363 1503 in

329 1529 630 1593 hortulos
668 1530 812 1611 iret,
848 1528 917 1592 in
952 1528 1335 1592 harenarias
1375 1528 1688 1611 quasdam
1726 1533 1911 1592 extra
1947 1533 2207 1611 portam
2242 1528 2361 1593 Es·
2395 1546 2450 1587 15

331 1617 646 1700 quilinam
701 1616 1050 1701 perductus
1097 1616 1428 1681 occiditur.
1502 1613 1627 1691 Qui
1672 1638 1818 1681 cum
1864 1638 2068 1680 unum
2113 1615 2249 1680 iam
2295 1621 2365 1681 et

283 1768 290 1775 ,
331 1705 611 1770 alterum
657 1705 826 1769 diem
874 1704 1353 1768 desideraretur
1396 1726 1602 1788 neque
1647 1704 1717 1768 in
1759 1704 1843 1769 iis
1891 1704 2077 1787 lociS,
2124 1704 2238 1769 ubi
2284 1727 2363 1769 ex

222 2689 291 2738 39

329 1794 794 1858 consuetudine
832 1792 1283 1876 quaerebatur,
1317 1793 1736 1876 inveniretur,
1772 1796 1839 1856 et
1866 1791 2264 1877 Oppianicus
2292 1794 2365 1857 in

328 1882 474 1948 foro
533 1881 939 1946 Larinatium
1006 1880 1335 1945 dictitaret
1392 1902 1601 1965 nuper
1659 1902 1729 1947 se
1785 1884 1852 1946 et
1905 1902 2059 1946 suos
2116 1882 2363 1947 amicos

329 1974 795 2034 testamentum
861 1970 998 2034 eius
1064 1970 1477 2056 obsignasse,
1540 1969 1765 2034 liberti
1827 1969 2037 2034 Asuvi
2105 1974 2171 2034 et
2229 1993 2363 2036 non
2392 1991 2451 2030 20

329 2059 497 2123 nulli
562 2059 778 2138 amici,
844 2059 1016 2142 quod
1088 2079 1163 2122 eo
1226 2058 1356 2139 die,
1385 2059 1548 2141 *quo
1610 2062 2011 2142 postremum
2072 2058 2363 2124 Asuvius

329 2148 508 2212 visus
556 2151 717 2228 erat,
761 2145 1081 2210 Avillium
1128 2168 1275 2210 cum
1321 2167 1398 2211 eo
1442 2146 1646 2210 fuisse
1693 2150 1759 2210 et
1806 2170 1845 2211 a
1881 2147 2109 2211 multis
2146 2148 2363 2212 visum

333 2258 473 2300 esse
539 2235 912 2315 constabat,
974 2235 1045 2298 in
1110 2256 1258 2298 eum
1321 2235 1637 2299 invadunt
1702 2238 1768 2298 et
1821 2235 2152 2300 hominem
2212 2241 2364 2301 ante

330 2324 526 2408 pedes
575 2320 648 2398 Q.
693 2322 926 2406 Manli,
982 2323 1092 2406 qui
1147 2327 1290 2387 tum
1348 2326 1494 2386 erat
1535 2323 1869 2406 triumvir,
1925 2324 2362 2407 constituunt3

333 2417 525 2495 atque
581 2412 694 2475 ille
753 2413 1060 2475 continuo
1116 2412 1303 2475 nullo
1350 2414 1547 2494 teste,
1599 2412 1782 2476 nullo
1828 2412 2037 2476 indice
2082 2413 2365 2476 recentis
2394 2431 2446 2471 2⁵

331 2501 633 2563 maleficii
679 2499 1077 2564 conscientia
1121 2498 1506 2582 perterritus
1544 2499 1780 2582 omnia,
1825 2504 1899 2563 ut
1945 2523 1985 2564 a
2022 2523 2125 2564 me
2161 2501 2364 2584 paulo

333 2593 483 2651 ante
539 2587 714 2651 dicta
769 2591 948 2670 sunt,
1005 2589 1274 2671 exponit
1321 2586 1767 2671 Asuviumque
1814 2611 1854 2652 a
1900 2609 2041 2652 sese
2089 2590 2363 2654 consilio

332 2674 676 2759 Oppianici
722 2675 1138 2739 interfectum
1183 2675 1449 2739 fatetur.
1537 2676 1930 2740 Extrahitur
1976 2679 2168 2742 domo
2215 2678 2367 2742 lati·-

330 2767 480 2827 tans
537 2762 934 2846 Oppianicus
990 2784 1029 2826 a
1083 2763 1362 2845 Manli03
1425 2763 1623 2828 index
1678 2764 1961 2830 Avillius
2018 2787 2096 2830 ex
2150 2766 2364 2830 altera

330 2855 518 2936 parte
565 2872 785 2914 coram
830 2854 1105 2914 tenetur.
1169 2851 1297 2915 Hic
1343 2851 1498 2935 quid
1541 2852 1673 2916 iam
1711 2853 1963 2936 reliqua
2001 2853 2362 2937 quaeritis?
2392 2873 2448 2914 ao
2506 2887 2508 2961 χ

331 2938 650 3003 Manlium
691 2938 985 3023 plerique
1021 2939 1299 3022 noratis;
1337 2961 1470 3004 non
1506 2941 1618 3005 isse
1646 2942 1961 3005 honorem
1993 2965 2037 3017 a
2059 2942 2365 3026 pueritia,

330 3049 464 3091 non
519 3025 736 3090 studia
790 3026 1054 3091 virtutis
1066 3079 1082 3110 ,
1135 3049 1269 3092 non
1324 3029 1534 3092 ullum
1593 3030 2093 3094 existimationis
2150 3031 2365 3096 bonae

330 3115 617 3180 fructum
680 3137 991 3200 umquam
1053 3116 1407 3200 cogitarat3
1471 3139 1549 3180 ex
1605 3117 1935 3201 petulanti
1994 3122 2189 3202 atque
2244 3119 2365 3184 im-

331 3205 538 3287 probo
605 3225 829 3268 scurra
892 3203 965 3267 in
1031 3203 1368 3269 discordiis
1439 3205 1726 3270 civitatis
1782 3206 1865 3270 ad
1919 3228 2063 3270 eam
2118 3208 2366 3273 colum-

330 3314 511 3375 nam,
577 3291 658 3355 ad
721 3314 915 3377 quam
976 3293 1335 3356 multorum
1400 3315 1592 3379 saepe
1646 3293 1955 3359 conviciis
2011 3296 2365 3378 perductus
2396 3315 2449 3356 35

333 3383 500 3463 erat,
562 3383 705 3443 tum
763 3381 1090 3464 suffragiis
1149 3381 1379 3465 populi
1432 3385 1837 3466 pervenerat.
1934 3382 2165 3466 Itaque
2221 3406 2365 3451 rem

329 3489 479 3532 cum
544 3467 902 3552 Oppianico
975 3469 1311 3555 transigit,
1384 3477 1725 3555 pecuniam
1798 3471 1881 3534 ab
1956 3492 2033 3535 eo
2108 3473 2369 3560 accipit,
