2534 3875
747 89 904 144 CAP.
934 96 1142 144 10-12
1180 97 1210 156 s
1248 96 1475 148 25—31.
2006 90 2139 155 385

128 234 490 298 adhortatus
538 255 699 298 sum.
764 233 1032 298 Nullam
1078 235 1252 300 enim
1290 236 1500 300 virtus
1540 235 1738 299 aliam
1776 236 2140 300 mercedem

126 323 405 387 laborum
451 321 1015 408 periculorumque
1059 323 1385 413 desiderat
1421 326 1683 407 praeter
1719 324 1890 389 hanc
1923 323 2136 388 laudis

128 415 188 475 et
249 409 514 496 gloriae3
581 432 708 494 qua
773 411 1034 494 quidem
1089 411 1408 494 detracta,
1471 411 1742 494 iudiceS,
1808 412 1964 494 quid
2020 416 2138 494 est,

129 499 290 584 quod
329 499 398 562 111
440 499 568 563 1100
612 502 750 563 tam
797 499 1034 584 exiguo
1079 500 1256 564 vitae
1303 498 1626 564 curriculo
1674 503 1741 564 et
1776 503 1917 564 tam
1955 501 2138 564 brevi

79 608 101 648 5
125 587 318 652 tantis
374 609 498 652 nos
544 588 614 652 in
658 586 994 653 laboribus
1045 588 1501 652 exerceamus?
1596 585 1813 671 Certe,
1870 589 1928 652 si
1972 587 2138 653 nihil

126 676 366 740 animus
422 675 856 759 praesentiret
900 677 970 740 in
1014 679 1378 760 posterum,
1436 679 1502 740 et
1548 676 1633 759 si,
1687 676 1922 760 quibus
1970 677 2139 762 regi·

125 764 346 828 onibus
372 764 546 829 vitae
577 765 862 847 spatium
892 764 1454 848 circumscriptum
1485 767 1603 846 est,
1640 765 1884 829 eisdem
1914 786 2141 830 omnes

123 852 546 938 cogitationes
603 852 986 916 terminaret
1033 873 1214 935 suas,
1266 873 1386 917 ncc
1433 853 1641 917 tantis
1689 875 1758 918 se
1804 853 2141 918 laboribus

121 941 446 1025 frangeret
506 961 717 1024 neque
779 943 884 1005 tot
947 941 1120 1004 curis
1175 940 1549 1026 vigiliisque
1616 945 1965 1026 angeretur
2021 962 2141 1006 nec

79 1050 98 1089 ο
123 1029 356 1094 totiens
403 1027 482 1092 de
526 1028 671 1111 ipsa
715 1028 856 1093 vita
891 1027 1248 1093 dimicaret.
1311 1027 1505 1094 Nunc
1541 1029 1784 1094 insidet
1822 1029 2141 1115 quaedam

121 1118 188 1180 in
232 1117 478 1199 optimo
523 1137 779 1200 quoque
824 1116 1053 1201 virtus,
1100 1137 1263 1200 quae
1299 1120 1526 1182 noctes
1566 1139 1642 1182 ac
1679 1118 1815 1182 dies
1854 1117 2143 1182 animum

121 1205 362 1290 gloriae
399 1205 678 1268 stimulis
716 1205 1002 1269 concitat
1039 1208 1236 1289 atque
1276 1205 1583 1270 admonet
1617 1227 1751 1271 11011
1790 1227 1938 1272 011111
1966 1207 2143 1272 vitae

119 1299 404 1378 tempore
452 1314 592 1357 esse
640 1292 1093 1358 dimittendam
1137 1293 1823 1359 commemorationem
1858 1295 2141 1359 nominis

117 1383 351 1464 nostri,
410 1381 521 1445 sed
577 1402 726 1446 cum
781 1381 959 1446 omni
1003 1382 1391 1467 posteritate
1438 1382 1944 1466 adaequandam.
2035 1382 2143 1447 An
2165 1364 2256 1428 12

79 1490 270 1535 §vero
315 1473 452 1534 tam
501 1469 687 1554 parvi
735 1469 936 1534 animi
978 1469 1314 1535 videamur
1349 1491 1491 1535 esse
1529 1492 1772 1552 omnes,
1819 1473 1931 1554 qui
1966 1471 2037 1535 in
2072 1493 2144 1536 10

117 1558 378 1642 publica
426 1561 622 1643 atque
666 1557 737 1621 in
782 1557 884 1622 his
931 1557 1108 1622 vitae
1154 1559 1463 1642 periculis
1503 1559 1968 1644 laboribusque
2004 1580 2146 1625 ver-

118 1669 364 1729 samur,
417 1649 517 1727 ut,
573 1668 720 1711 cum
766 1667 972 1730 usque
1020 1646 1103 1710 ad
1150 1651 1509 1711 extremum
1557 1648 1843 1730 spatium
1887 1647 2146 1712 nullum

115 1734 545 1820 tranquillum
591 1737 787 1817 atque
829 1733 1115 1801 otiosum
1152 1735 1459 1818 spiritum
1495 1734 1884 1820 duxerimus,
1929 1733 2147 1800 nobis-

117 1846 260 1887 cum
316 1822 511 1887 simul
564 1823 884 1888 moritura
939 1823 1160 1888 omnia
1213 1824 1649 1888 arbitremur?
1735 1823 1841 1888 An
1890 1827 2145 1888 statuas

79 1915 181 1976 >et
228 1911 569 1997 imagineS,
616 1933 752 1977 non
796 1911 1160 1977 animorum
1207 1913 1576 1995 simulacra,
1624 1911 1739 1977 sed
1782 1934 2146 1997 corporum,

114 2000 406 2065 studiose
443 2000 638 2063 multi
666 2001 904 2064 summi
929 2000 1227 2065 homines
1255 2000 1687 2084 reliquerunt3
1723 2001 2145 2066 consiliorum

111 2088 478 2172 relinquere
516 2109 591 2152 ac
617 2088 936 2153 virtutum
971 2093 1349 2154 nostrarum
1377 2088 1661 2174 effigiem
1688 2110 1907 2154 nonne
1936 2089 2147 2154 multo

112 2177 314 2241 malle
352 2176 658 2240 debemus
698 2176 969 2241 summis
1007 2176 1289 2262 ingeniis
1328 2198 1699 2261 expressam
1728 2181 1795 2241 et
1822 2177 2146 2261 politam?

109 2265 260 2350 Ego
307 2285 461 2330 vero
509 2264 755 2348 omnia,
800 2286 966 2347 quae
1013 2266 1339 2350 gerebam,
1382 2266 1515 2329 iam
1560 2269 1703 2329 tum
1746 2266 1819 2330 in
1864 2266 2147 2351 gerendo

79 2390 84 2405 ·
113 2373 427 2437 spargere
475 2374 578 2416 me
625 2374 700 2417 ac
745 2351 1167 2418 disseminare
1204 2354 1576 2418 arbitrabar
1613 2353 1681 2418 in
1718 2354 1898 2421 orbis
1934 2357 2149 2419 terrae

111 2441 500 2506 memoriam
546 2440 1024 2524 sempiternam.
1090 2440 1268 2505 Haec
1315 2462 1468 2507 vero
1515 2443 1641 2507 sive
1686 2464 1726 2506 a
1771 2464 1916 2507 meo
1955 2464 2149 2508 sensu

110 2533 268 2611 post
305 2533 588 2593 mortem
627 2530 887 2594 afutura
925 2534 1025 2594 est
1061 2530 1215 2613 sive,
1251 2533 1329 2595 ut
1356 2529 1825 2614 sapientissimi
1851 2530 2149 2595 homines

107 2620 542 2701 putaverunt,
589 2617 671 2682 ad
717 2617 1003 2701 aliquam
1051 2618 1250 2682 animi
1298 2617 1428 2682 mei
1472 2621 1728 2703 partem
1776 2618 2151 2704 pertinebit,

106 2728 288 2769 nunc
329 2706 592 2789 quidem
628 2708 800 2770 certe
839 2705 1237 2791 cogitatione
1267 2706 1546 2791 quadam
1576 2728 1819 2792 speque
1848 2706 2149 2772 delector.

249 2791 470 2868 Quare
536 2797 946 2876 conservate,
1016 2793 1285 2878 iudices,
1348 2794 1679 2859 hominem
1744 2794 1989 2877 pudore
2054 2816 2149 2879 eo,

106 2902 312 2965 quem
351 2881 711 2946 amicorum
739 2881 972 2947 videtis
1011 2882 1426 2967 comprobari
1454 2906 1600 2948 011111
1630 2883 1970 2969 dignitate,
2008 2887 2151 2948 tum

105 2970 319 3033 etiam
385 2973 740 3054 vetustate,
809 2970 1072 3056 ingenio
1137 2974 1354 3035 autem
1420 2974 1636 3055 tanto,
1701 2974 2019 3055 quantum
2083 2970 2152 3034 id

103 3058 426 3122 convenit
462 3057 841 3141 existimari,
879 3058 1052 3143 quod
1079 3081 1476 3123 summorum
1506 3058 1844 3124 hominum
1872 3058 2151 3143 ingeniis

103 3146 484 3229 expetitum
538 3168 679 3211 esse
724 3146 1032 3231 videatis,
1088 3169 1286 3212 causa
1330 3169 1485 3212 vero
1542 3148 1678 3211 eius
1727 3146 1929 3227 modi,
1986 3168 2149 3230 quae

102 3234 434 3298 beneficio
463 3234 650 3318 legis,
678 3235 1067 3299 auctoritate
1096 3234 1451 3319 municipii,
1477 3234 1856 3299 testimonio
1876 3232 2153 3317 Luculli,

2182 1443 2255 1491 30

2187 2812 2258 2862 31

100 3322 365 3386 tabulis
414 3321 666 3387 Metelli
711 3324 1188 3408 comprobetur.
1282 3321 1459 3399 Quae
1507 3345 1652 3388 cum
1698 3322 1794 3386 ita
1840 3322 1998 3405 sint,
2044 3344 2153 3407 pe·
2190 3348 2199 3367 ⁹

99 3411 320 3476 timus
391 3434 432 3475 a
483 3411 697 3496 vobis,
757 3411 1029 3496 1111110οε,
1093 3412 1150 3478 31
1217 3434 1347 3497 qua
1410 3432 1543 3477 non
1598 3410 1790 3476 modo
1847 3410 2151 3495 humana,

215 3522 338 3567 010.
365 3524 432 3563 11.
459 3524 486 3563 2
1760 3518 1828 3567 25
1975 3524 1979 3527 ’
