2534 3875
745 151 901 208 CAP.
939 159 1026 221 34,
1064 158 1132 208 35
1171 159 1202 219 s
1239 159 1469 210 92—9'2.
1991 154 2125 220 223

92 295 230 360 nisi
277 296 490 360 multa
534 297 786 361 cultura
831 301 900 361 et
943 317 1181 382 magno
1227 297 1453 362 labore
1492 299 1875 382 quaesitum.
1940 297 2139 365 Cam-.

91 384 268 466 paniv
295 405 550 468 semper
585 385 849 469 superbi
885 385 1180 450 bonitate
1210 406 1520 471 agrorum
1548 390 1615 450 et
1639 385 1968 452 fructuum
1996 411 2129 453 ma-

94 472 464 557 gnitudine,
499 472 680 537 urbis
710 473 1114 552 salubritate,
1153 473 1590 557 discriptione,
1628 474 2127 557 pulchritudine.

89 559 203 623 Ex
248 561 373 624 hac
417 561 608 643 copia
643 564 836 644 atque
875 562 1164 626 omnium
1200 583 1419 626 rerum
1457 561 1809 626 adfluentia
1844 563 2127 647 primum

89 648 218 712 illa
273 647 610 732 Campana
659 653 820 714 nata
875 654 974 714 est
1027 652 1433 735 arrogantia,
1489 672 1619 735 qua
1674 673 1715 714 a
1770 652 2125 716 maioribus

87 737 346 801 nostris
401 739 680 801 alterum
739 735 962 822 Capua
1013 740 1343 804 consulem
1404 739 1847 823 postularunt,
1902 739 2127 804 deinde

91 847 180 889 ea.
225 824 530 907 luxuries,
575 846 740 909 quae
783 825 1002 910 ipsum
1037 826 1473 891 Hannibalem
1512 827 1711 892 armis
1750 827 1949 892 etiam
1984 832 2125 892 tum

89 913 418 977 invictum
461 913 800 997 voluptate
845 914 1020 978 vicit.
1083 913 1230 980 Huc
1276 915 1389 980 isti
1435 915 1784 980 decemviri
1830 938 1976 981 cum
2012 935 2125 983 100
2163 937 2233 988 96

89 1001 480 1066 colonorum
515 1023 592 1065 ex
630 1002 774 1088 lege
801 1001 979 1066 Rulli
1008 1002 1409 1086 deduxerint,
1443 1007 1704 1069 centum
1734 1003 2127 1088 decuriones,

91 1091 324 1154 decem
355 1110 650 1175 augures,
679 1113 790 1154 sex
818 1091 1156 1175 pontifices
1175 1091 1652 1176 constituerint,
1680 1113 1842 1176 quos
1862 1093 2123 1157 illorum

89 1178 384 1260 animos,
437 1200 602 1263 quos
658 1178 967 1262 impetus,
1023 1201 1216 1262 quam
1272 1179 1583 1244 ferociam
1636 1180 1776 1244 fore
1830 1181 2125 1265 putatis?

87 1266 438 1330 Romam
419 1289 490 1330 m
535 1267 868 1332 montibus
905 1268 1191 1351 positam
1228 1271 1297 1332 et
1330 1268 1755 1352 convallibus,
1800 1269 2125 1334 cenaculis

87 1354 430 1418 sublatam
469 1358 664 1438 atque
701 1377 1101 1439 suspensam,
1135 1377 1266 1420 non
1304 1356 1588 1440 optumis
1615 1356 1759 1439 viis,
1799 1359 2125 1443 angustis-

89 1443 286 1506 simis
341 1443 592 1506 semitis
644 1465 802 1527 prae
861 1466 978 1508 sua
1023 1441 1248 1528 Capua
1290 1444 1673 1527 planissimo
1720 1445 1789 1508 in
1834 1445 1977 1510 loco
2024 1467 2126 1509 ex-

87 1531 348 1616 plicata
385 1552 460 1595 ac
495 1553 652 1614 prae
688 1531 824 1595 illis
851 1530 899 1612 ’ξ-
927 1532 1176 1596 semitis
1209 1531 1575 1596 irridebunt
1612 1536 1807 1615 atque
1844 1536 2127 1598 contem-

85 1623 288 1702 nent3
356 1640 552 1704 agros
604 1641 760 1684 vero
817 1619 1206 1685 Vaticanum
1263 1623 1331 1684 et
1384 1619 1733 1703 Pupiniam
1788 1643 1934 1686 cum
1990 1621 2125 1685 suis

89 1707 338 1790 opimis
379 1713 575 1790 atque
611 1708 920 1772 uberibus
959 1708 1207 1792 campis
1246 1707 1669 1773 conferendos
1710 1709 1958 1773 scilicet
1992 1731 2127 1773 11011

84 1795 452 1880 putabunt3
497 1795 880 1879 oppidorum
928 1801 1144 1860 autem
1180 1796 1610 1861 finitimorum
1644 1796 1828 1861 illam
1867 1797 2121 1880 copiam

86 1907 242 1949 cum
306 1883 432 1949 hac
494 1905 612 1969 per
673 1884 878 1949 risum
939 1906 1014 1950 ac
1075 1885 1289 1949 iocum
1350 1885 1767 1969 contendent3
1827 1883 2123 1971 Labicos,

83 1972 405 2055 Fidenas,
451 1970 822 2057 Collatiam,
865 1974 1078 2057 ipsum
1125 1973 1343 2038 hercle
1387 1972 1770 2057 Lanuvium,
1816 1973 2123 2058 Ariciam,

83 2061 452 2126 Tusculum
471 2084 618 2125 cum
638 2060 922 2145 Calibus,
949 2062 1185 2144 Tean0,
1213 2060 1512 2145 Neapoli,
1539 2061 1853 2143 Puteolis,
1882 2060 2123 2140 Cumis,

82 2149 454 2233 Pompeiis,
515 2148 796 2214 Nuceria
859 2112 1348 2233 comparabunt.
1454 2148 1703 2225 Quibus
1766 2150 1865 2214 illi
1927 2151 2120 2215 rebus
2159 2170 2227 2220 97

84 2238 249 2302 elati
309 2241 380 2301 et
433 2238 647 2301 inflati
701 2237 982 2303 fortasse
1036 2260 1170 2302 non
1228 2238 1565 2321 continuo,
1631 2238 1743 2302 sed
1800 2242 1971 2303 certe
1982 2289 2000 2322 ,
2068 2238 2125 2302 si

81 2328 362 2410 paulum
409 2325 894 2410 adsumpserint
939 2326 1289 2391 vetustatis
1338 2348 1413 2391 ac
1458 2326 1742 2409 roboris,
1794 2348 1929 2391 non
1972 2348 2125 2391 con-

79 2416 501 2497 tinebuntur3
537 2414 1036 2499 progredientur
1072 2414 1306 2497 cuncti,
1344 2415 1703 2479 ecferentur
1740 2414 2123 2501 singulares

77 2504 308 2567 Homo
376 2502 671 2587 privatus
735 2502 864 2566 nisi
929 2523 1168 2588 magna
1233 2502 1557 2587 sapientia
1594 2503 1947 2604 ‘praeditus
2011 2504 2123 2568 vix

75 2590 394 2657 cancellis
459 2595 524 2655 et
590 2590 964 2676 regionibus
1021 2590 1221 2655 officii
1274 2590 1531 2675 magnis
1588 2590 1657 2654 in
1709 2590 1993 2655 fortunis
2054 2601 2122 2656 et

78 2679 297 2765 copiis
335 2679 729 2763 continetur,
780 2679 1016 2743 nedum
1062 2678 1176 2743 isti
1223 2679 1305 2743 ab
1352 2679 1547 2743 Rullo
1596 2682 1663 2743 et
1712 2679 1893 2744 Rulli
1941 2679 2120 2743 simi-

77 2770 262 2833 libus
319 2767 671 2852 conquisiti
725 2770 922 2851 atque
979 2768 1168 2831 electi
1223 2767 1437 2831 coloni
1484 2764 1745 2851 Capuae
1800 2767 1872 2831 in
1918 2768 2119 2833 domi-

77 2856 242 2922 cilio
315 2856 656 2940 superbiae
697 2860 908 2938 atque
961 2855 1033 2919 in
1089 2855 1347 2920 sedibus
1414 2855 1765 2920 luxuriosis
1820 2856 2120 2921 collocati

74 2968 221 3011 non
271 2944 499 3009 statim
545 2943 972 3029 conquisituri
1009 2944 1144 3007 sint
1180 2942 1428 3028 aliquid
1465 2943 1723 3008 sceleris
1762 2947 1830 3008 et
1862 2944 2121 3031 flagitii,

75 3036 290 3099 immo
346 3054 501 3097 vero
565 3032 763 3097 etiam
817 3032 942 3097 hoc
997 3031 1211 3117 magis
1267 3054 1465 3115 quam
1516 3032 1621 3095 illi
1666 3035 1917 3097 veteres
1975 3054 2118 3119 ger—

77 3122 394 3205 manique
442 3118 776 3203 Campani,
825 3120 997 3203 quod
1042 3120 1112 3183 in
1157 3123 1375 3185 vetere
1419 3120 1683 3185 fortuna
1727 3120 1879 3184 illos
1925 3123 2117 3183 natos

77 3216 152 3275 et
217 3211 527 3274 educatos
583 3208 826 3273 nimiae
880 3212 1104 3273 tamen
1148 3230 1365 3272 rerum
1414 3208 1703 3272 omnium
1749 3209 1970 3290 copiae
2017 3207 2119 3269 de-

72 3299 481 3383 pravabant,
534 3296 606 3359 hi
661 3318 739 3361 ex
797 3318 1052 3361 summa
1107 3300 1399 3382 egestate
1454 3296 1523 3359 in
1577 3296 1844 3360 eandem
1901 3316 2118 3359 rerum

77 3386 558 3452 abundantiam
612 3383 896 3449 traducti
939 3406 1072 3449 non
1121 3385 1331 3449 solum
1378 3383 1594 3469 copia,
1646 3404 1871 3447 verum
1918 3382 2119 3447 etiam
2180 3406 2185 3411 ·

77 3474 444 3541 insolentia
491 3473 1088 3539 commovebuntur.
