2534 3875
830 161 985 218 CAP.
1026 169 1199 218 8—11
1241 169 1272 230 s
1315 170 1538 218 18—23.
2119 165 2206 230 25

138 328 305 389 opus
358 311 471 372 est
522 305 819 391 sapiente
864 306 1101 391 iudice,
1151 306 1305 391 quid
1352 329 1558 393 aequo
1608 309 2003 394 quaesitore,
2051 309 2204 394 quid

138 398 415 460 oratore
476 417 615 460 non
676 395 923 460 stulto?
987 395 1211 460 dicunt
1273 395 1446 461 enim
1507 395 1714 481 Galli3
1773 418 2014 482 negare
2071 421 2204 464 non

137 503 529 565 possumus.
621 482 745 548 Hic
794 483 849 548 si
894 483 1223 584 ingeniosi
1271 487 1338 549 et
1382 485 1583 568 periti
1630 489 1698 549 et
1739 487 1930 570 aequi
1974 487 2204 553 iudicis

136 571 259 636 has
302 577 541 656 partes
581 593 723 636 esse
761 570 1172 655 existimatiS,
1216 575 1311 656 ut,
1358 573 1665 656 quoniam
1703 574 1964 658 quidem
2001 579 2202 640 testes

92 675 114 715 ⁵
138 660 395 743 dicunt,
446 659 588 725 sine
624 659 759 724 ulla
796 660 1206 725 dubitatione
1243 660 1633 725 credendum
1685 663 1793 744 sit,
1831 659 2077 727 Salus
2057 685 2206 747 lpsa

140 749 453 814 virorum
488 747 763 813 fortium
799 748 1243 814 innocentiam
1279 749 1452 812 tueri
1487 771 1619 815 non
1657 754 1904 834 potest3
1954 753 2058 814 sin
2094 773 2202 815 au-

140 841 280 902 tem
326 839 399 901 in
441 837 635 900 rebus
664 836 1023 902 iudicandis
1059 858 1197 902 non
1234 836 1572 903 minimam
1601 842 1859 922 partem
1895 839 1978 904 ad
2005 861 2204 904 unam

142 947 489 1009 quamque
544 946 685 989 rem
732 923 1229 990 existimandam
1284 929 1745 1010 momentoque
1801 948 1918 992 suo
1968 928 2205 1010 ponde-

141 1014 435 1078 randam
484 1013 877 1096 sapientiam
923 1013 1155 1078 iudicis
1194 1063 1209 1078 .
1239 1062 1254 1077 .
1285 1063 1333 1097 .,
1378 1036 1462 1078 ne
1507 1015 1718 1081 multo
1764 1020 2022 1080 vestrae
2069 1038 2203 1081 ma-

78 1119 119 1158 10
142 1104 327 1168 iores
367 1101 832 1185 gravioresque
870 1105 1091 1186 partes
1131 1101 1266 1166 sint
1305 1101 1387 1166 ad
1423 1103 1842 1188 cogitandum
1880 1126 2075 1188 quam
2123 1104 2204 1170 ad

144 1190 504 1256 dicendum
548 1211 748 1254 meae.
842 1191 967 1271 [12]
1016 1189 1182 1255 Mihi
1230 1189 1404 1254 enim
1461 1213 1718 1275 semper
1767 1215 1901 1257 una
1947 1214 2202 1277 quaque
2243 1209 2310 1258 22

146 1279 224 1344 de
277 1301 353 1344 re
403 1278 597 1343 testis
641 1300 775 1343 non
832 1278 1047 1344 solum
1094 1278 1322 1361 semel,
1382 1301 1606 1345 verum
1662 1280 1860 1346 etiam
1917 1281 2204 1347 breviter

146 1366 667 1452 interrogandus
714 1371 832 1444 est,
879 1388 1075 1450 saepe
1123 1366 1324 1432 etiam
1370 1389 1503 1432 non
1547 1367 2077 1454 interrogandus,
2123 1391 2205 1434 ne

148 1461 269 1521 aut
318 1456 493 1520 irato
530 1455 811 1520 facultas
851 1455 933 1520 ad
974 1455 1315 1520 dicendum
1354 1455 1508 1520 data
1552 1462 1668 1521 aut
1705 1457 1939 1542 cupido
1987 1461 2206 1522 aucto-

76 1561 121 1601 15
148 1545 321 1610 ritas
368 1544 707 1608 adtributa
761 1565 903 1608 esse
950 1544 1278 1628 videatu13
1337 1567 1451 1608 vos
1497 1547 1566 1609 et
1619 1545 1878 1628 saepius
1930 1546 2205 1610 eandem

147 1655 296 1699 rem
344 1632 584 1697 animis
640 1632 895 1718 agitare
950 1635 1017 1697 et
1072 1632 1316 1698 diutius
1362 1654 1491 1697 uno
1550 1633 1628 1698 de
1682 1637 1852 1698 teste
1907 1635 2204 1719 cogitare

149 1721 441 1806 potestis
499 1724 591 1805 et,
648 1721 703 1784 si
753 1742 945 1804 quem
991 1741 1113 1786 non
1170 1721 1578 1804 interrogare
1620 1720 1978 1807 noluimus,
2038 1743 2205 1805 quae

152 1831 355 1875 causa
401 1808 595 1874 nobis
641 1809 901 1874 tacendi
944 1809 1163 1892 fuerit,
1209 1809 1586 1880 existimare
1633 1809 1899 1874 debetis
1990 1809 2204 1886 Quam

152 1899 237 1964 ob
303 1921 474 1981 rem,
537 1897 593 1962 si
639 1897 764 1963 hoc
820 1897 1019 1963 iudici
1075 1897 1550 1983 praescriptum
1609 1899 1754 1983 lege
1811 1901 1926 1964 aut
1986 1897 2202 1965 officio

80 2004 128 2045 2⁰
153 1987 432 2070 putatis,
471 1986 753 2051 testibus
790 1987 1068 2070 credere,
1104 1986 1269 2051 nihil
1309 1992 1427 2071 est,
1469 2008 1583 2051 cur
1621 1987 1788 2052 alius
1827 1988 1956 2053 alio
1993 1988 2204 2053 iudice

154 2075 393 2141 melior
438 2078 555 2139 aut
600 2074 959 2159 sapientior
1000 2075 1430 2140 existimetur.
1512 2074 1732 2141 Unum
1779 2080 1881 2141 est
1918 2077 2092 2141 enim
2138 2082 2206 2141 et

156 2164 440 2247 simplex
500 2164 754 2229 aurium
809 2163 1120 2229 iudicium
1167 2168 1233 2228 et
1285 2164 1608 2249 promisce
1655 2169 1722 2229 et
1774 2166 2205 2231 communiter

154 2253 385 2318 stultis
428 2273 504 2317 ac
542 2252 947 2337 sapientibus
988 2252 1071 2316 ab
1108 2256 1347 2317 natura
1383 2252 1628 2319 datum.
1712 2255 1837 2334 [13]
1887 2252 2057 2328 Quid
2094 2258 2196 2317 est
2237 2271 2306 2320 23

156 2342 385 2428 igitur,
431 2341 547 2404 ubi
594 2340 846 2406 elucere
892 2340 1105 2423 possit
1150 2340 1516 2425 prudentia,
1560 2341 1676 2406 ubi
1712 2341 1992 2407 discerni
2037 2343 2202 2406 stul-

83 2446 129 2486 25
155 2434 265 2495 tus
326 2429 587 2494 auditor
643 2432 710 2494 et
766 2429 1064 2495 credulus
1120 2430 1203 2493 ab
1260 2429 1572 2515 religioso
1639 2433 1707 2494 et
1771 2430 2056 2513 sapienti
2109 2431 2203 2495 iu-

155 2518 342 2584 dice?
436 2515 762 2582 Nimirum
827 2517 1022 2600 illud,
1084 2517 1155 2582 in
1209 2539 1338 2601 quo
1405 2539 1507 2602 ea,
1576 2539 1741 2602 quae
1798 2518 2100 2584 dicuntur
2164 2541 2204 2584 a

154 2607 439 2672 testibus
452 2656 470 2689 ,
518 2606 927 2671 coniecturae
975 2610 1040 2672 et
1086 2606 1473 2691 cogitationi
1516 2606 1891 2691 traduntur,
1953 2611 2202 2691 quanta

158 2695 583 2779 auctoritate,
650 2698 897 2779 quanta
964 2693 1166 2759 animi
1221 2694 1578 2778 aequitate,
1636 2698 1882 2779 quanto
1937 2696 2203 2781 pudore,

160 2787 411 2869 quanta
456 2782 609 2867 fide,
674 2786 921 2868 quanta
981 2783 1326 2869 religione,
1387 2786 1634 2866 quanto
1705 2783 1923 2849 studio
1983 2784 2202 2850 existi-

84 2888 135 2928 ³0
161 2871 474 2937 mationis
520 2871 751 2956 bonae,
795 2874 1044 2954 quanta
1088 2893 1260 2955 cura,
1308 2875 1554 2955 quanto
1601 2871 1839 2938 timore
1887 2872 2204 2939 dicantur.

160 2962 259 3042 [7]
297 2960 407 3024 An
434 2981 590 3026 vero
626 2980 746 3025 vos
772 2959 842 3023 id
868 2959 939 3023 in
978 2959 1376 3025 testimoniis
1403 2959 1743 3025 hominum
1772 2961 2204 3027 barbarorum
2226 2963 2304 3027 11

162 3047 573 3129 dubitabitis,
619 3048 794 3132 quod
831 3070 1141 3134 persaepe
1179 3052 1245 3113 et
1289 3051 1522 3113 nostra
1562 3052 1630 3113 et
1665 3053 1930 3134 patrum
1966 3072 2208 3115 memo·

160 3138 260 3202 ria
296 3136 772 3219 sapientissimi
805 3136 1049 3201 iudices
1087 3136 1165 3201 de
1202 3136 1586 3202 clarissimis
1623 3141 1889 3203 nostrae
1917 3138 2205 3203 civitatis

162 3225 321 3291 viris
368 3224 801 3289 dubitandum
847 3246 982 3289 non
1022 3226 1464 3310 putaverunt?
1511 3224 1623 3310 qui
1669 3224 1784 3291 Cn.
1823 3228 1889 3289 et
1935 3223 2009 3299 Q.
2049 3222 2205 3289 Cae·

88 3329 135 3370 ³⁶
164 3314 501 3397 pionibus,
554 3312 627 3377 L.
675 3317 742 3377 et
788 3310 861 3389 Q.
907 3312 1193 3378 Metellis
1240 3314 1521 3379 testibus
1567 3314 1636 3377 in
1681 3311 1756 3388 Q.
1803 3312 2207 3397 Pompeium,

162 3400 499 3469 hominem
534 3423 799 3484 novum,
840 3422 972 3466 non
1010 3402 1438 3484 crediderunt,
1487 3421 1764 3485 quorum
1801 3399 2053 3481 virtuti,
2101 3421 2209 3485 ge-

163 3491 323 3576 neri,
366 3490 563 3555 rebus
615 3490 821 3576 gestis
868 3488 1061 3554 fidem
1110 3493 1176 3555 et
1215 3489 1678 3556 auctoritatem
1721 3488 1791 3551 in
1827 3486 2206 3553 testimonio
