2534 3875
888 167 1042 223 CAP.
1079 172 1287 222 25—27
1327 169 1377 232 ἓ·
1394 135 1621 220 55-59.
2098 163 2227 228 539

215 314 637 380 deterrimum
682 314 876 395 poeta
912 309 1275 394 praestanti
1312 309 1544 392 aliquis
1581 309 1839 393 ingenio
1875 307 2045 374 fictis
2084 328 2227 372 con-

219 402 604 487 quisitisque
660 399 836 463 vitiis
885 397 1316 464 deformatum
1360 397 1557 462 vellet
1602 396 1923 478 inducere,
1975 396 2225 460 nullum

217 491 510 574 profecto
574 487 843 551 dedecus
907 486 1182 570 reperire
1243 488 1495 568 posset,
1560 484 1727 568 quod
1791 485 1860 548 in
1914 485 2039 548 hoc
2094 499 2225 548 non

217 580 479 659 inesset,
523 577 852 658 multaque
897 574 967 638 in
1012 596 1086 639 eo
1124 574 1382 658 penitus
1420 572 1628 636 defixa
1665 576 1857 656 atque
1894 572 2226 636 haerentia

159 685 189 726 5
218 665 620 751 praeteriret.
690 662 1074 730 Parentibus
1121 665 1186 726 et
1224 661 1321 725 dis
1357 661 1834 725 immortalibus
1874 664 1938 725 et
1972 661 2223 746 patriae
2244 661 2327 726 27

221 773 358 817 nos
387 753 669 836 primum
715 755 947 815 natura
991 749 1320 832 conciliat3
1367 749 1589 813 eodem
1627 748 1797 812 enim
1834 752 2123 832 tempore
2161 753 2225 812 et

219 841 608 924 suscipimur
659 839 730 903 in
782 839 989 903 lucem
1045 841 1110 902 et
1163 837 1289 902 hoc
1331 836 1597 902 caelesti
1642 837 1873 920 spiritu
1918 857 2225 920 augemur

220 932 288 993 et
333 932 575 994 certam
619 927 689 992 iu
734 927 948 991 sedem
995 925 1277 990 civitatis
1320 947 1393 990 ac
1428 925 1749 991 libertatis
1786 925 2223 990 adscribimur.

219 1015 354 1080 Iste
399 1019 740 1100 parentum
785 1036 1037 1097 nomen,
1083 1035 1283 1097 sacra,
1328 1014 1721 1096 memoriam,
1768 1017 2026 1098 gentem
2062 1011 2223 1076 Fon-

138 1123 193 1162 10
219 1105 438 1168 teiano
473 1104 736 1167 nomine
775 1102 1008 1183 obruit,
1055 1101 1318 1167 deorum
1353 1101 1542 1186 ignis,
1590 1101 1769 1185 solia,
1805 1122 2079 1184 mensas,
2116 1100 2223 1164 ab·

221 1192 394 1259 ditos
441 1213 514 1256 ac
558 1190 922 1275 penetrales
966 1189 1174 1273 focos,
1220 1189 1472 1254 occulta
1518 1193 1583 1252 et
1626 1189 1911 1254 maribus
1957 1210 2088 1253 non
2132 1189 2222 1252 in-

219 1281 361 1344 visa
397 1280 627 1360 solum,
665 1279 775 1344 sed
813 1279 1009 1342 etiam
1044 1277 1334 1342 inaudita
1372 1298 1554 1342 sacra
1583 1277 1960 1361 inexpiabili
1987 1278 2221 1342 scelere

220 1368 536 1451 pervertit
571 1368 866 1450 idemque
904 1388 1120 1430 earum
1148 1366 1463 1448 templum
1490 1365 1913 1430 inflammavit
1942 1367 2222 1447 dearum,

223 1477 497 1539 quarum
563 1477 683 1539 ope
747 1454 942 1518 etiam
1007 1454 1150 1519 aliis
1214 1453 1521 1518 incendiis
1578 1453 1968 1518 subvenitur.
2056 1452 2221 1528 Quid

141 1562 194 1604 15
225 1545 304 1609 de
357 1544 571 1628 patria
625 1541 898 1626 loquar?
954 1542 1062 1626 qui
1117 1543 1398 1625 primum
1445 1562 1590 1605 eum
1636 1542 1838 1607 civem
1881 1541 1973 1624 vi,
2030 1541 2223 1625 ferr0,

223 1632 524 1716 periculis
597 1630 781 1713 urbe,
853 1630 1152 1694 omnibus
1223 1630 1474 1714 patriae
1545 1629 1882 1714 praesidiis
1958 1629 2223 1714 depulit,

225 1741 415 1802 quem
460 1741 575 1784 vos
621 1719 872 1803 patriae
917 1721 1435 1782 conservatorem
1472 1739 1610 1786 esse
1648 1718 2024 1802 saepissime
2060 1718 2221 1781 iudi·

223 1807 470 1891 caritiS,
533 1807 758 1871 deinde
821 1827 1044 1870 everso
1109 1810 1393 1888 senatuS,
1455 1810 1529 1869 ut
1588 1825 1708 1889 ego
1770 1827 2020 1888 semper
2074 1805 2224 1889 dixi,

223 1895 477 1979 comite,
515 1895 690 1977 duce,
724 1899 798 1959 ut
826 1894 936 1959 ille
965 1894 1239 1978 dicebat,
1276 1894 1616 1959 senatum
1598 1915 1831 1978 ipsum,
1866 1893 2222 1981 principem

141 2004 195 2043 20
224 1985 454 2049 salutis
501 1946 862 2067 mentisque
907 1983 1220 2067 publicae,
1265 1983 1347 2065 vi,
1391 1984 1581 2047 caede
1616 1982 2049 2066 incendiisque
2084 2004 2223 2084 per-

223 2074 438 2155 vertit,
484 2072 744 2137 sustulit
791 2071 948 2136 duas
993 2070 1190 2157 leges,
1234 2070 1490 2135 Aeliam
1538 2074 1603 2135 et
1637 2070 1903 2155 Fufiam,
1950 2072 2222 2135 maxime

223 2160 318 2223 rei
343 2160 639 2242 publicae
667 2159 1003 2242 salutares,
1033 2180 1367 2223 censuram
1388 2158 1677 2241 extinxit,
1702 2159 2221 2224 intercessionem

227 2248 526 2330 removit,
581 2247 864 2331 auspicia
910 2246 1170 2329 delevit,
1224 2246 1517 2311 consules
1566 2247 1821 2312 sceleris
1868 2246 1969 2311 sui
2015 2247 2221 2311 socios

228 2334 502 2416 aerario,
546 2335 918 2419 provinciiS,
967 2336 1245 2399 exercitu
1292 2334 1587 2417 armavit,
1631 2356 1817 2421 reges
1865 2336 1973 2418 qui
2020 2338 2221 2416 erant,

145 2439 200 2480 25
226 2421 538 2505 vendidit,
601 2422 710 2505 qui
771 2443 900 2486 non
963 2426 1172 2505 erant,
1235 2422 1615 2506 appellavit,
1678 2421 1790 2487 Cn.
1843 2422 2219 2506 Pompeium

224 2510 398 2574 ferro
427 2510 688 2574 domum
715 2511 1042 2594 compulit,
1068 2510 1533 2593 imperatorum
1559 2510 1955 2575 monimenta
1972 2510 2222 2593 evertit,

226 2597 630 2663 inimicorum
705 2598 930 2663 domus
1003 2598 1417 2681 disturbavit,
1493 2598 1725 2663 vestris
1808 2598 2220 2664 monimentis

227 2708 414 2750 suum
456 2708 690 2751 nomen
734 2686 1078 2769 inscripsit.
1149 2686 1415 2751 Infinita
1450 2692 1601 2750 sunt
1636 2687 1893 2771 scelera,
1940 2708 2101 2770 quae
2139 2687 2220 2751 ab

225 2774 342 2839 illo
404 2774 470 2838 in
533 2774 814 2857 patriam
876 2778 1028 2838 sunt
1081 2774 1279 2857 edita3
1344 2774 1539 2857 quid?
1594 2797 1757 2859 quae
1808 2776 1877 2838 in
1930 2774 2220 2859 singulos

147 2880 200 2919 30
229 2862 414 2945 cives,
460 2883 620 2945 quos
663 2863 934 2945 necavit,
977 2862 1206 2945 socios,
1252 2884 1411 2945 quos
1458 2862 1738 2947 diripuit,
1781 2862 2221 2945 imperatores,

229 2970 388 3033 quos
431 2950 732 3033 prodidit,
777 2950 1111 3051 exercituS,
1155 2971 1315 3033 quos
1362 2951 1749 3034 temptavit?
1814 2948 1979 3023 Quid
2024 2950 2220 3013 vero?

230 3058 304 3101 ea
341 3042 582 3120 quanta
619 3042 787 3121 sunt,
825 3061 986 3123 quae
1020 3038 1091 3102 in
1125 3039 1338 3122 ipsum
1376 3060 1444 3103 se
1482 3040 1738 3120 scelera,
1776 3058 1939 3121 quae
1976 3037 2044 3100 in
2071 3058 2219 3101 suos

230 3124 450 3188 edidit!
521 3124 678 3204 Quis
734 3128 945 3191 minus
991 3148 1300 3209 umquam
1344 3126 1629 3210 pepercit
1672 3124 1955 3197 hostium
1993 3124 2222 3189 castris

231 3234 420 3295 quam
465 3213 578 3277 ille
624 3213 918 3279 omnibus
965 3215 1250 3298 corporis
1296 3214 1396 3277 sui
1440 3212 1777 3296 partibus?
1833 3234 1996 3295 quae
2040 3212 2223 3275 navis

149 3317 202 3359 35
229 3322 531 3383 umquam
567 3302 635 3365 in
665 3301 928 3366 flumine
953 3302 1209 3387 publico
1239 3306 1376 3365 tam
1406 3300 1675 3385 vulgata
1703 3301 1999 3365 omnibus
2028 3322 2221 3384 quam

226 3388 414 3453 istius
494 3392 670 3455 aetas
743 3390 908 3454 fuit‘?
981 3392 1124 3473 quis
1189 3410 1497 3471 umquam
1558 3410 1757 3472 nepos
1821 3392 1957 3453 tam
2020 3388 2219 3453 libere

228 3480 326 3541 est
379 3499 522 3541 cum
579 3479 806 3543 scortis
863 3501 1054 3562 quam
1109 3476 1212 3542 hic
1267 3498 1411 3542 cum
1466 3477 1795 3543 sororibus
1849 3475 2223 3543 volutatus?

2260 1469 2326 1517 58

2260 2964 2323 3013 59
