2534 3875
804 186 957 241 CAP.
999 193 1092 253 25,
1133 193 1202 242 26
1241 194 1271 253 ς
1312 194 1536 243 69-74.
2024 188 2159 253 365

113 334 271 396 ante
347 331 573 396 oculos
643 333 898 395 vestros
970 330 1338 416 proponite.
1446 328 1717 413 Ecquod
1792 336 1894 396 est
1965 332 2159 398 huius

111 420 366 485 factum
415 423 531 485 aut
578 418 998 483 commissum
1035 440 1169 484 non
1207 419 1419 483 dicam
1460 420 1789 503 audacius,
1835 420 1947 485 sed
1986 421 2159 503 quod

113 508 422 592 cuiquam
458 507 658 592 paulo
696 507 910 572 minus
941 508 1417 572 consideratum
1446 507 1821 573 videretur?
1885 507 2158 574 Factum

114 617 390 679 quae103
435 596 704 660 verbum
752 596 998 680 eoquod
1044 617 1355 679 umquam
1404 616 1482 661 ex
1520 617 1631 661 ore
1668 596 1863 661 huius
1902 596 2158 675 excidit,

56 703 84 741 ⁵
115 686 184 748 in
250 705 382 769 quo
443 684 790 767 quisquam
854 687 1078 768 posset
1143 684 1426 748 offendi?
1527 682 1622 747 At
1684 706 1840 749 vero
1904 685 1977 749 in
2041 685 2158 749 illa

117 772 312 859 gravi
363 770 438 837 L.
485 770 705 837 Sullae
759 773 1265 856 turbulentaque
1320 772 1596 837 victoria
1650 772 1794 857 quis
1852 772 1923 837 P.
1971 770 2158 837 Sulla

116 860 374 945 mitior,
433 860 580 945 quis
627 860 1106 925 misericordior
1150 860 1455 925 inventus
1502 862 1646 925 est?
1736 858 1948 936 Quam
1996 862 2157 939 mul-

115 954 340 1013 torum
411 948 520 1015 hic
583 948 787 1014 vitam
863 953 964 1013 est
1029 971 1068 1013 a
1129 947 1201 1013 L.
1241 947 1425 1012 Sulla
1490 948 1894 1033 deprecatus!
1968 970 2158 1031 quam
2268 942 2273 945 ¹

117 1037 315 1102 multi
379 1040 534 1101 sunt
592 1038 829 1101 summi
883 1036 1180 1101 homines
1239 1040 1307 1100 et
1368 1037 1769 1101 ornatissimi
1824 1041 1893 1101 et
1928 1039 2159 1123 *nostri

41 1144 92 1183 ιο
121 1129 190 1190 et
236 1125 560 1209 equestris
607 1124 872 1202 ordiniS,
919 1147 1194 1209 quorum
1241 1147 1362 1209 pro
1409 1125 1623 1189 salute
1669 1146 1740 1191 se
1785 1125 1893 1190 hic
1938 1124 2157 1191 Sullae

121 1214 476 1297 obligavit!
572 1210 749 1289 Quos
822 1232 944 1295 ego
1014 1212 1423 1277 nominarem
1492 1213 1729 1296 (neque
1798 1212 1972 1279 enim
2029 1214 2160 1297 ipsi

117 1302 359 1367 nolunt
418 1305 486 1365 et
544 1301 697 1366 huic
749 1300 966 1365 animo
1020 1300 1397 1387 gratissimo
1450 1299 1745 1384 adsunt);
1804 1302 1946 1386 sed,
2006 1303 2160 1385 quia

120 1391 334 1455 maius
400 1393 502 1454 est
564 1389 977 1473 beneficium,
1040 1411 1235 1472 quam
1300 1409 1493 1473 posse
1560 1388 1753 1453 debet
1816 1390 1977 1454 civis
2034 1390 2161 1455 civi

122 1480 306 1561 dare,
353 1477 498 1543 ideo
547 1500 586 1541 a
629 1477 820 1544 vobis
866 1482 1039 1561 peto,
1084 1480 1174 1559 ut,
1220 1476 1393 1560 quod
1436 1475 1673 1561 potuit,
1719 1478 2001 1562 tempori
2045 1480 2160 1543 tri·

43 1583 94 1623 15
122 1567 374 1650 buatis,
429 1566 611 1649 quod
653 1565 837 1649 fecit,
891 1565 1038 1648 ipsi.
1130 1563 1298 1646 Quid
1352 1564 1672 1648 reliquam
1719 1566 2159 1631 constantiam

121 1657 300 1719 vitae
347 1675 874 1736 commemorem,
930 1652 1343 1738 dignitatem,
1396 1652 1887 1737 liberalitatem,
1947 1655 2159 1719 mode-

121 1743 450 1808 rationem
503 1743 572 1807 in
631 1704 907 1825 privatis
961 1741 1185 1824 rebus,
1241 1741 1653 1825 splendorem
1707 1741 1778 1804 in
1831 1741 2157 1825 publicis?

123 1854 292 1915 quae
335 1831 434 1895 ita
479 1830 845 1895 deformata
881 1833 1033 1895 sunt
1071 1852 1112 1893 a
1144 1829 1429 1912 fortuna,
1474 1834 1550 1897 ut
1585 1832 1810 1893 tamen
1844 1852 1886 1893 a
1920 1834 2159 1896 natura

122 1921 434 1986 inchoata
488 1922 901 2004 conpareant.
976 1917 1154 1994 Quae
1209 1918 1440 1983 domus
1490 1920 1543 2002 [,
1564 1918 1755 2003 quae]
1804 1918 2158 1984 celebratio

50 2025 96 2066 ιο
123 2009 472 2092 cotidiana,
517 2030 681 2092 quae
724 2007 1152 2072 familiarium
1199 2007 1507 2093 dignita&
1554 2028 1720 2090 quae
1754 2005 1973 2070 studia
2001 2007 2157 2071 ami-

125 2120 371 2182 corum,
399 2119 565 2180 quae
595 2118 673 2160 ex
702 2116 959 2180 quoque
988 2094 1212 2160 ordine
1241 2094 1624 2161 multitudo!
1669 2093 1851 2159 Haec
1870 2095 1981 2160 diu
1999 2095 2161 2160 mul-

123 2191 397 2269 tumque
437 2189 504 2248 et
543 2185 752 2249 multo
781 2184 1007 2249 labore
1038 2184 1335 2266 quaesita
1362 2205 1495 2247 una
1524 2183 1765 2267 eripuit
1792 2183 1973 2247 hora.
2036 2182 2161 2248 Ac·

126 2274 300 2356 cepit
339 2273 410 2337 P.
440 2271 643 2356 Sulla,
677 2272 939 2355 iudices,
975 2274 1208 2347 vulnus
1247 2271 1593 2335 vehemens
1636 2273 1703 2336 et
1732 2271 2161 2354 mortiferum,

126 2384 352 2427 verum
399 2365 620 2426 tamen
664 2361 801 2425 eius
849 2360 1043 2444 modi,
1089 2359 1261 2444 quod
1306 2359 1635 2424 videretur
1678 2358 1871 2424 huius
1917 2361 2058 2424 vita
2094 2363 2161 2424 et

55 2467 98 2507 2⁵
126 2455 365 2515 natura
419 2449 732 2550 accipere·
764 2449 1074 2549 potuisse.
1162 2446 1551 2512 Honestatis
1606 2447 1779 2511 enim
1838 2451 1906 2512 et
1951 2447 2159 2534 digni-

129 2539 289 2604 tatis
328 2537 640 2604 habuisse
667 2536 862 2601 nimis
892 2557 1200 2620 magnam
1226 2536 1549 2600 iudicatus
1580 2539 1681 2600 est
1708 2536 2159 2621 cupiditatem3

130 2649 326 2711 quam
405 2626 463 2692 si
538 2647 728 2690 nemo
795 2625 962 2689 alius
1028 2624 1293 2689 habuit
1322 2625 1391 2688 in
1456 2624 1802 2689 consulatu
1863 2625 2161 2709 petend0,

131 2714 426 2800 cupidior
499 2714 821 2779 iudicatus
895 2717 997 2778 est
1059 2712 1167 2777 hic
1227 2711 1433 2776 fuisse
1500 2733 1695 2796 quam
1760 2713 1984 2796 ceteri3
2059 2713 2163 2778 sin

133 2805 334 2868 etiam
388 2802 460 2868 in
517 2801 664 2867 aliis
720 2823 853 2866 non
906 2800 1105 2864 nullis
1160 2800 1287 2864 fuit
1341 2801 1468 2865 iste
1524 2801 1902 2867 consulatus
1959 2823 2163 2884 amor,

63 2909 106 2948 ³0
131 2893 397 2956 fortuna
449 2891 521 2954 in
579 2890 704 2955 hoc
747 2890 875 2954 fuit
917 2889 1199 2953 fortasse
1248 2889 1509 2974 gravior
1556 2911 1751 2972 quam
1794 2889 1865 2953 in
1910 2890 2161 2954 ceteris.

133 2980 372 3045 Postea
418 3000 570 3043 vero
608 2978 752 3062 quis
789 2976 861 3042 P.
891 2975 1142 3043 Sullam
1178 2977 1307 3041 nisi
1345 2982 1760 3054 maerentem,
1809 2977 2160 3041 demissum

137 3068 580 3150 afflictumque
634 3066 828 3147 vidit,
885 3064 1030 3150 quis
1075 3086 1383 3148 umquam
1432 3069 1531 3129 est
1578 3027 1943 3149 suspicatus
1989 3064 2163 3129 huno

137 3156 347 3241 magis
405 3155 553 3219 odio
609 3177 804 3238 quam
857 3153 1102 3238 pudore
1156 3153 1495 3217 hominum
1543 3158 1877 3252 aspectum
1922 3151 2162 3216 lucem-

139 3266 258 3328 que
331 3243 587 3308 vitare‘?
690 3240 817 3319 Qui
889 3264 1034 3306 cum
1105 3241 1318 3305 multa
1387 3240 1661 3304 haberet
1732 3239 2163 3304 invitamenta

65 3349 113 3389 85
138 3332 315 3398 urbis
373 3335 440 3395 et
493 3331 622 3396 fori
677 3335 946 3432 propter
991 3351 1248 3394 summa
1294 3329 1511 3393 studia
1556 3328 1940 3411 amicorum,
1996 3349 2161 3411 quae

138 3427 359 3486 tamen
425 3419 486 3484 ei
552 3419 696 3483 sola
748 3419 855 3483 in
871 3417 1064 3484 malis
1103 3417 1530 3497 restiterunt,
1594 3415 1761 3480 afuit
1820 3415 1903 3479 ab
1958 3416 2161 3481 oculis

139 3508 369 3574 vestris
418 3511 512 3591 et,
568 3529 715 3572 cum
751 3506 896 3591 lege
943 3505 1359 3588 retineretur,
1411 3505 1553 3589 ipse
1600 3525 1670 3569 se
1716 3502 1909 3568 exilio
1956 3525 2163 3588 paene

2199 1585 2263 1634 ⁷3

2200 2991 2269 3041 74
