2534 3875
307 165 411 219 XII
915 162 1344 218 ADNOTATIO
1385 161 1688 217 CRITICA.

307 313 427 361 352.
465 313 533 361 23
570 311 787 360 noscent
822 305 889 373 V,
928 311 1048 361 511.
1088 310 1155 358 30
1192 305 1512 372 coquoseitis
1548 303 1766 357 MVW.
1806 335 1872 344 -
1913 303 1971 358 P.
2001 309 2087 360 42.
2126 310 2159 358 6
2197 320 2327 371 sqq.

308 377 389 431 sic
426 375 660 430 distinxi
697 377 855 443 orat„
891 377 955 429 ut
992 377 1058 430 Is
1084 375 1353 430 Aebutius
1391 374 1610 428 dicatur
1643 373 1816 428 fuisse
1848 374 2172 429 Caesenniae
2205 391 2329 427 non

302 450 661 519 propinquus,
698 463 813 501 non
849 448 1055 501 amicus
1091 464 1128 500 a
1162 447 1282 500 viro
1318 447 1571 512 traditus,
1612 444 1712 498 sed
1738 447 2086 500 voluntarius
2111 447 2330 500 amicus

306 550 377 560 —
413 521 759 586 coniunctus,
805 517 957 586 vulg.
1008 516 1089 569 sic
1133 516 1360 586 interp.=
1410 517 1476 571 Is
1524 516 1671 570 Caes.
1718 517 1831 582 fuit
1876 516 2159 571 Aebutius.
2233 515 2332 570 Ne

308 592 448 657 forte
495 606 707 658 quaer„
753 605 887 642 num
918 585 1305 656 propinquus?
1379 586 1541 641 Nihil
1577 588 1826 641 alienius.
1865 589 2092 642 Amicus
2129 618 2211 639 —.
2252 616 2328 626 --

308 659 368 716 P.
403 667 487 714 42.
522 667 585 713 11
623 665 909 728 oportun.
949 657 1109 712 codd.
1146 657 1265 725 TE,
1303 675 1357 726 p.
1387 662 1472 711 91.
1503 664 1570 711 32
1607 657 1732 724 ΤΗ,
1771 663 1891 712 221.
1921 664 1952 711 9
1989 674 2104 712 11011
2139 656 2330 712 solum

310 731 438 798 EF,
488 730 587 784 sed
633 731 803 783 etiam
840 729 877 782 S
928 731 987 782 et
1024 733 1056 782 8
1091 728 1259 797 ng.,
1311 733 1426 783 164.
1467 733 1498 781 2
1536 727 1682 782 Bait.
1719 730 1828 784 tac.
1875 733 2110 798 oppos-&3
2155 727 2230 780 ad
2267 726 2327 781 S.

308 803 471 856 Rosc.
491 820 545 870 p.
567 806 650 855 53.
673 806 757 856 21.
780 831 845 840 -
866 799 925 852 P.
947 805 1031 854 42.
1054 804 1119 852 22
1150 815 1231 867 sq.
1251 797 1444 853 illius?
1479 798 1650 852 Illius
1674 800 1772 853 hoo
1799 815 1996 853 munus
2013 797 2328 852 Francken.

311 893 366 944 p.
397 879 518 928 261.
550 903 616 912 -
646 869 705 923 P.
735 877 819 924 42.
849 876 917 924 33
953 872 1005 925 si
1039 870 1136 938 qui
1169 871 1311 935 forte
1345 885 1457 923 non
1492 871 1786 937 audissent,
1822 871 1870 923 ii
1907 870 2006 938 (hi)
2045 870 2328 935 Mommsq

308 946 404 1014 qui
438 959 552 997 uon
587 942 852 1006 audisset,
896 942 946 995 is
982 969 1049 980 -
1079 945 1259 1009 posset
1296 938 1469 1006 Bait„
1517 938 1712 1008 Kame„
1758 941 1840 995 vel
1878 938 2089 1006 Klotz.,
2125 940 2216 993 hie
2253 969 2328 979 —

306 1019 483 1084 posset
517 1011 778 1066 Wesenb.
819 1009 947 1064 Obs,
986 1010 1046 1063 in
1086 1011 1225 1064 Sest.
1264 1028 1318 1079 p.
1358 1016 1390 1064 2
1430 1027 1511 1078 sq.
1547 1027 1601 1062 n.
1639 1017 1697 1077 2,
1735 1012 1808 1077 is,
1846 1011 1954 1076 his,
1989 1012 2078 1078 iis,
2115 1011 2238 1076 hiis,
2277 1010 2329 1063 ii

311 1117 377 1126 —
408 1089 628 1153 possent
673 1081 832 1136 codd.
881 1112 948 1121 -
995 1081 1055 1134 Ρ.
1104 1087 1189 1136 43.
1227 1087 1260 1134 4
1307 1083 1531 1135 avertit
1576 1079 1833 1135 Kraffert.
1872 1097 2055 1150 progr.
2093 1079 2324 1133 Aurich.

321 1161 455 1211 1883
493 1173 546 1224 p.
583 1158 708 1220 1153
748 1153 908 1220 quasi
933 1168 1064 1206 vero
1092 1167 1205 1205 non
1231 1151 1410 1205 multo
1439 1150 1772 1205 invidiosius
1801 1150 1913 1206 Cic.
1941 1149 2328 1206 adversarium

311 1227 495 1295 ipsum
554 1223 697 1276 illud
751 1221 1068 1291 argumenti
1112 1222 1237 1276 loco
1284 1221 1660 1291 proferentem
1705 1221 1902 1290 faciat,
1957 1239 2124 1290 quam
2170 1222 2217 1275 si
2265 1237 2330 1274 se

313 1301 526 1350 certum
563 1294 704 1348 scire
743 1293 1048 1347 simularet.
1070 1293 1136 1348 V.
1165 1312 1217 1362 p.
1248 1299 1333 1347 39.
1367 1299 1451 1349 15.
1472 1292 1615 1346 -P.
1647 1299 1731 1348 43.
1762 1300 1829 1348 26
1867 1310 1942 1348 ao
1977 1299 2113 1349 cont.
2146 1309 2326 1361 susp.;

315 1367 388 1421 ad
425 1367 580 1420 Verr.
617 1383 671 1434 p.
713 1370 832 1418 441.
875 1370 965 1431 14,
1005 1380 1342 1431 quamquam
1378 1363 1459 1418 ibi
1497 1365 1702 1418 omissa
1739 1366 1869 1417 sunt
1904 1363 2003 1418 Ac.
2041 1363 2094 1417 Π
2133 1370 2214 1417 11.
2255 1369 2328 1416 34

313 1455 379 1494 ac
415 1453 644 1505 compr.,
685 1435 753 1490 de
793 1452 869 1490 or.
908 1435 935 1487 I
972 1441 1020 1489 2.
1060 1440 1092 1489 8
1131 1451 1195 1489 ac
1232 1436 1376 1503 yub„
1413 1433 1492 1487 III
1533 1441 1613 1489 15.
1653 1441 1719 1489 57
1759 1451 1824 1489 ac
1859 1451 2070 1503 quaem
2107 1453 2157 1490 v.
2196 1432 2326 1486 infr.

313 1526 365 1577 p.
408 1509 514 1575 (54.
555 1509 669 1574 36,)
720 1512 801 1560 75.
842 1511 934 1573 33,
984 1511 1066 1560 85.
1108 1512 1201 1571 363
1249 1511 1369 1559 224.
1413 1512 1504 1571 17,
1553 1511 1671 1560 276.
1711 1511 1797 1561 34.
1836 1504 1894 1560 P.
1935 1512 2054 1560 293.
2093 1512 2126 1558 3
2163 1504 2326 1558 codd.

312 1580 415 1633 bis
443 1595 508 1633 ac
534 1595 697 1643 oruc„
728 1583 846 1631 453.
880 1584 906 1629 1
939 1574 1096 1630 GSV
1124 1592 1190 1630 ac
1214 1577 1410 1645 yloria,
1441 1580 1558 1630 514.
1582 1581 1650 1629 20
1676 1576 1906 1629 simulac
1934 1575 2031 1629 Cn.
2055 1576 2119 1640 G,
2155 1575 2328 1644 vulg„

312 1651 477 1706 simul
525 1650 599 1703 ad
634 1646 910 1714 PEMW,
959 1652 1079 1702 530.
1119 1653 1188 1701 26
1234 1663 1300 1700 ac
1343 1662 1484 1701 cons.
1523 1645 1603 1712 M,
1652 1644 1799 1699 Cael.
1839 1651 1923 1698 29.
1964 1651 2031 1700 68
2069 1645 2222 1698 Harl.
2262 1662 2330 1700 ac

314 1721 476 1789 clar„
530 1718 689 1772 Balb.
738 1724 821 1772 24.
870 1724 939 1771 54
983 1717 1135 1785 vulg.
1183 1732 1247 1770 ao
1299 1733 1476 1786 yram,
1533 1715 1641 1768 Pis.
1690 1722 1774 1770 39.
1813 1721 1879 1770 95
1907 1733 1961 1783 p.
1990 1733 2061 1770 m.
2109 1715 2214 1768 MS
2261 1733 2330 1770 ao

316 1807 487 1847 conso.
526 1821 593 1830 -—
630 1789 691 1843 P.
729 1794 813 1842 43.
852 1794 920 1842 29
968 1789 1209 1855 Itaque
1252 1788 1368 1840 illis
1411 1785 1606 1853 Kaya3
1658 1787 1730 1840 ad
1774 1803 1827 1854 p.
1859 1792 1979 1840 393.
2012 1791 2066 1853 1,
2123 1790 2243 1839 421.
2273 1792 2328 1853 3,

318 1862 368 1916 S.
400 1862 562 1915 Rosc.
596 1866 679 1913 37.
709 1863 802 1922 33;
841 1875 895 1925 Ρ.
916 1862 1034 1911 431.
1057 1863 1086 1910 7
1117 1855 1266 1910 mell.
1297 1855 1458 1909 codd.
1483 1858 1680 1924 itaque.
1709 1887 1779 1896 —
1807 1856 1885 1911 Ib.
1908 1858 1999 1911 ille
2023 1858 2098 1911 iis
2124 1854 2326 1923 Klotz.,

316 1931 467 2001 quod
514 1928 885 1999 ‘pronomine,
942 1926 1091 1996 quod
1138 1925 1211 1979 ad
1256 1926 1380 1981 Sex.
1418 1926 1648 1981 Aebutii
1691 1944 1986 1996 personam
2029 1925 2328 1997 pertineat,

316 2019 454 2071 opus
494 2000 611 2055 sit'.
651 1999 716 2053 V.
745 1998 836 2052 vel
870 1997 994 2055 infr.
1024 2004 1072 2053 8.
1111 2004 1175 2051 21
1217 1998 1278 2051 et
1312 2004 1397 2065 23,
1435 1998 1648 2053 Cluent.
1688 2003 1738 2052 8.
1767 2004 1836 2052 24
1873 2015 1974 2066 ex„
2019 2004 2101 2054 14.
2129 2004 2198 2053 40
2233 2016 2326 2065 m.,

316 2092 369 2142 p.
418 2078 540 2127 408.
587 2076 655 2124 25
704 2086 811 2137 sq„
858 2068 1007 2123 Cael.
1058 2074 1142 2122 21.
1192 2074 1274 2122 52.
1317 2100 1381 2107 -
1420 2068 1480 2123 P.
1520 2074 1604 2123 43.
1643 2074 1711 2122 34
1757 2074 1884 2124 tuus
1927 2068 2114 2139 potius
2161 2086 2327 2137 quam

316 2145 479 2199 istius
513 2142 763 2207 Hotom.,
802 2138 1109 2195 Francken.
1144 2156 1200 2206 p.
1238 2144 1339 2193 261
1382 2156 1461 2206 sq.
1501 2138 1734 2208 probab.
1776 2171 1840 2180 —
1879 2139 1938 2195 P.
1977 2146 2062 2194 43.
2091 2144 2159 2195 35
2195 2140 2329 2210 [hoe

317 2214 426 2284 est]
462 2211 645 2282 Kaya,
686 2227 793 2265 om.
833 2210 954 2264 eod.
996 2210 1064 2276 T;
1109 2208 1182 2263 ad
1218 2228 1272 2279 p.
1311 2214 1396 2265 41.
1438 2214 1517 2263 13.
1551 2240 1616 2250 —-
1645 2209 1704 2264 P.
1736 2215 1821 2263 44.
1851 2216 1883 2263 5
1929 2213 2328 2267 conlocuntur

321 2284 444 2339 cod.
486 2284 548 2351 T,
587 2283 922 2337 collocuntur
958 2279 1020 2347 E,
1058 2282 1457 2349 conloquuntur
1485 2282 1584 2334 aut
1611 2282 1793 2350 colloq.
1825 2280 1978 2339 edd:
2015 2281 2140 2336 infr.
2171 2280 2245 2334 ad
2271 2298 2325 2349 p.

322 2361 404 2409 56.
444 2360 538 2421 22,
588 2358 707 2409 266.
747 2358 841 2419 35,
880 2356 999 2405 489.
1039 2356 1097 2417 9,
1136 2355 1256 2404 529.
1289 2357 1382 2415 213
1421 2356 1540 2405 202.
1574 2358 1655 2416 19,
1695 2357 1812 2405 330.
1843 2357 1900 2416 2;
1940 2351 2094 2406 Verr.
2167 2395 2178 2407 .
2208 2358 2325 2407 300.

321 2432 370 2480 6.
400 2454 466 2465 --
496 2424 558 2478 Ρ.
597 2429 682 2477 44.
726 2429 754 2476 7
793 2438 859 2475 ex
895 2421 1072 2487 codd,
1111 2439 1148 2476 a
1182 2420 1346 2487 Bait,
1384 2420 1569 2489 Κεφ,
1607 2419 1789 2475 Klotz.
1829 2420 1983 2481 Caes.
2014 2422 2078 2477 G.
2179 2427 2264 2478 21.
2295 2429 2325 2476 2

318 2511 433 2549 non
472 2496 624 2562 lonye
659 2509 726 2547 ex
762 2508 820 2546 eo
850 2493 961 2546 loco
990 2492 1249 2560 oppidum
1279 2494 1470 2559 abesse,
1507 2490 1688 2548 Plaut.
1731 2492 1873 2546 Rud.
1903 2498 2008 2547 266
2033 2494 2162 2548 hinc
2185 2494 2327 2549 imus

318 2566 469 2620 haud
506 2565 719 2632 lonyule
754 2579 820 2617 ex
854 2563 951 2616 hoe
986 2564 1114 2617 loeo.
1154 2592 1220 2603 --
1259 2562 1320 2615 P.
1360 2568 1447 2615 44.
1485 2568 1552 2616 27
1599 2564 1823 2617 derecto
1860 2579 1989 2630 sen,
2039 2566 2145 2619 dir.
2185 2563 2325 2631 cdd„

321 2638 525 2691 decreto
563 2634 683 2688 cod.
722 2633 794 2699 T,
832 2632 967 2685 item
1004 2650 1057 2701 p.
1099 2638 1217 2687 204.
1259 2638 1326 2686 19
1363 2632 1550 2700 codd.;
1591 2632 1664 2687 ad
1699 2651 1752 2701 p.
1793 2640 1912 2689 300.
1953 2641 2045 2702 24,
2086 2641 2206 2689 332.
2243 2641 2326 2701 26,

324 2706 387 2771 Q.
437 2706 596 2760 Rosc.
634 2722 687 2773 p.
728 2709 811 2758 84.
852 2709 936 2757 32.
975 2734 1041 2743 -
1079 2702 1138 2757 Ρ.
1176 2709 1262 2757 44.
1301 2708 1368 2757 29
1415 2705 1465 2757 ei
1507 2719 1630 2758 voce
1673 2706 1828 2759 clara
1863 2703 2071 2771 Klotz.,
2118 2712 2166 2760 et
2211 2720 2327 2760 voce

322 2778 386 2831 cl.
441 2774 600 2829 codd.
640 2772 772 2841 ΤΕ,
820 2780 871 2827 et
914 2774 1070 2828 clara
1112 2789 1233 2829 voce
1277 2776 1327 2829 ei
1360 2773 1504 2827 Bait.
1544 2776 1688 2828 auct.
1728 2773 1899 2844 KayS.
1937 2807 2003 2816 -—
2042 2775 2100 2830 P.
2140 2782 2223 2830 44.
2260 2781 2328 2830 30

323 2848 439 2901 ord.
476 2846 760 2901 transisset
796 2842 1099 2897 Francken.
1127 2862 1181 2913 p.
1212 2850 1333 2911 262,
1371 2844 1522 2912 quod
1560 2846 1695 2899 ordo
1731 2845 1876 2899 nihil
1911 2846 2230 2900 circumdet.
2261 2877 2325 2885 —

324 2916 383 2970 P.
422 2922 506 2971 45.
550 2924 576 2969 1
626 2916 911 2981 conferunt
954 2932 1071 2969 una
1115 2916 1283 2969 amici
1317 2915 1494 2983 vulg,
1541 2914 1714 2982 Bait,
1765 2915 1959 2984 Kay8.,
1997 2918 2181 2983 confer
2213 2933 2327 2971 uma

322 2988 505 3041 meieei
551 2985 671 3039 cod.
720 2985 792 3052 T,
841 3002 957 3039 uma
1005 3002 1107 3040 om.
1158 2984 1376 3053 aliquot
1423 2985 1560 3039 dett.
1607 2985 1795 3053 codd.,
1841 2986 2051 3053 Klotz„
2097 3004 2148 3054 q.
2185 3004 2238 3043 v.
2273 3001 2324 3057 p.

324 3056 597 3112 XXXVII.
672 3055 941 3109 Similiter
986 3074 1039 3125 p.
1081 3062 1163 3110 71.
1206 3064 1232 3109 1
1273 3054 1318 3108 Τ
1345 3056 1519 3110 habet
1554 3061 1666 3111 tam
1701 3074 1770 3111 ne
1804 3074 1862 3112 re
1899 3056 1955 3121 (i.
1995 3073 2042 3111 e.
2077 3064 2328 3126 manere),

326 3129 445 3183 rell.
482 3135 661 3183 tamen
695 3144 926 3181 manere.
964 3156 1030 3167 -—-
1068 3126 1128 3180 P.
1166 3132 1250 3182 45.
1285 3133 1349 3181 12
1386 3128 1547 3181 istius
1583 3126 1704 3181 cod.
1743 3127 1867 3181 Par.
1904 3127 1960 3195 k,
1999 3126 2188 3196 Kaya,
2221 3147 2328 3184 non

325 3217 376 3253 v.
420 3206 482 3253 19
519 3214 622 3252 nec
658 3215 712 3267 p.
750 3203 835 3251 38.
876 3203 959 3263 13,
998 3202 1082 3253 39.
1125 3202 1206 3264 15,
1248 3204 1332 3264 17,
1368 3202 1452 3252 40.
1492 3203 1576 3264 29,
1616 3203 1698 3252 63.
1740 3204 1824 3265 32,
1866 3204 1948 3253 73.
1982 3204 2046 3252 15
2086 3202 2243 3265 cetu,
2279 3218 2326 3253 v.

329 3269 512 3324 Klotz.
559 3287 612 3338 p.
652 3267 886 3321 XXXVI
934 3284 1040 3336 sq„
1088 3284 1190 3321 nos
1236 3267 1309 3321 ad
1345 3267 1500 3321 Verr.
1548 3286 1603 3337 p.
1654 3274 1770 3323 162.
1810 3276 1858 3323 3.
1932 3268 2081 3323 Raro
2124 3271 2186 3323 in
2227 3270 2328 3325 hoc

326 3340 434 3395 vol.
465 3356 533 3395 ea
567 3339 897 3408 pronomina
931 3340 1250 3408 permutata
1287 3339 1433 3407 sunt,
1469 3340 1586 3393 ille
1621 3355 1724 3408 pro
1761 3342 1887 3395 iste
1913 3340 2101 3409 script.
2131 3360 2184 3411 p.
2213 3347 2325 3396 280.

326 3417 395 3466 35
440 3412 499 3464 111
547 3427 657 3465 uno
696 3409 818 3465 cod.
854 3410 937 3479 (in
980 3409 1232 3480 pluribus
1268 3411 1400 3478 his),
1449 3415 1568 3465 283.
1610 3416 1640 3465 7
1673 3411 1737 3465 111
1771 3410 1952 3465 tribus
1991 3410 2148 3466 codd.
2195 3410 2326 3479 bis,

327 3497 468 3549 quos
488 3481 668 3535 Halm.
697 3481 853 3548 sequi
872 3479 1027 3549 solet,
1058 3486 1177 3536 392.
1199 3486 1265 3535 36
1287 3480 1347 3534 111
1367 3479 1513 3548 TW,
1535 3486 1656 3539 404.
1680 3487 1746 3536 14
1763 3483 1823 3536 in
1842 3483 2099 3538 omnibus
2113 3483 2329 3555 praeter
