2534 3875
353 180 442 247 94
768 179 867 235 DE
903 178 1209 235 IMPERIO
1249 178 1363 235 CN.
1392 177 1667 235 POMPEI
1703 178 1995 235 ORATIO.
2513 0 2519 211 Ἰ

351 324 500 390 nius
568 323 683 390 Cn.
737 320 1050 409 Pompeio
1117 323 1449 409 expetenti
1516 344 1591 389 ac
1653 322 2039 409 postulanti.
2146 322 2407 390 Utrum

350 413 495 495 ille,
562 412 674 496 qui
727 412 1026 497 postulat
1072 411 1155 477 ad
1206 415 1468 476 tantum
1516 410 1763 477 bellum
1819 412 2138 498 legatum,
2195 433 2397 497 quem

351 501 543 583 velit,
592 500 866 565 idoneus
918 522 1053 566 non
1108 503 1238 582 est,
1294 499 1407 584 qui
1462 499 1796 585 impetret,
1848 522 1996 565 cum
2050 501 2252 566 ceteri
2308 501 2405 566 ad

352 588 734 674 expilandos
795 588 1005 654 socios
1053 587 1574 673 diripiendasque
1620 588 2019 672 provincias,
2073 610 2237 673 quos
2282 612 2403 654 vo-

351 678 641 760 luerunt,
698 677 958 762 legatos
1005 676 1371 758 eduxerint,
1428 697 1514 740 an
1565 674 1735 761 ipse,
1788 676 1971 741 cuius
2018 676 2163 763 lege
2211 678 2400 742 salus
2436 705 2472 746 ⁵

351 786 428 830 ac
485 765 772 849 dignitas
826 764 1073 850 populo
1121 764 1419 829 Romano
1477 766 1675 848 atque
1731 764 2034 829 omnibus
2081 765 2399 849 gentibus

351 854 713 919 constituta
758 856 875 935 est,
921 873 1151 938 expers
1200 874 1342 917 esse
1389 851 1585 918 debet
1630 852 1879 955 gloriae
1927 853 2064 918 eius
2109 853 2400 938 impera-

350 942 518 1007 toris
567 945 762 1026 atque
800 940 938 1005 eius
987 942 1328 1023 exercituS,
1375 941 1487 1027 qui
1533 940 1808 1005 consilio
1854 940 2060 1026 ipsius
2109 963 2184 1007 ac
2219 942 2398 1027 peri-

245 1048 315 1097 58
354 1030 498 1095 culo
557 1033 682 1094 est·
715 1029 1158 1095 constitutus?
1250 1028 1360 1093 An
1415 1027 1484 1094 G.
1530 1026 1887 1113 Falcidius,
1944 1028 2397 1113 Q.Mete11us‚

353 1116 428 1193 Q.
489 1116 749 1183 Caelius
831 1116 1254 1200 Latiniensis,
1329 1115 1444 1182 Cn.
1507 1115 1823 1181 Lentulus
1832 1167 1851 1201 ,
1925 1138 2088 1202 quos
2162 1139 2395 1183 omnes
2436 1148 2501 1187 ιο

349 1204 620 1270 honoris
685 1226 882 1271 causa
944 1205 1244 1289 nomino,
1326 1226 1471 1270 cum
1536 1205 1787 1270 tribuni
1850 1205 2031 1290 plebi
2092 1205 2400 1291 fuissent,
2522 1210 2524 1221 '

352 1314 524 1358 anno
582 1293 881 1379 proximo
937 1294 1145 1380 legati
1191 1315 1332 1359 esse
1377 1296 1761 1378 potuerunt3
1814 1292 1885 1358 in
1929 1314 2059 1359 uno
2106 1292 2398 1359 Gabinio
2524 1293 2526 1353 Ι

351 1385 509 1447 sunt
552 1385 689 1446 tam
738 1381 1112 1484 diligenteS,
1161 1382 1274 1468 qui
1317 1382 1388 1446 in
1432 1382 1557 1446 hoc
1600 1382 1806 1466 bello,
1852 1381 2026 1465 quod
2070 1382 2217 1467 lege
2262 1380 2400 1447 Ga-

352 1469 536 1535 binia
583 1471 851 1556 geritur,
897 1472 966 1535 in
1009 1471 1135 1536 hoc
1179 1471 1577 1555 imperatore
1615 1474 1811 1553 atque
1847 1469 2151 1553 exercitu,
2197 1490 2399 1555 quem

351 1580 469 1643 per
513 1580 632 1622 vos
678 1558 820 1643 ipse
867 1559 1226 1639 constituit,
1274 1558 1475 1623 etiam
1520 1558 1872 1643 praecipuo
1917 1558 2058 1623 iure
2104 1580 2246 1623 esse
2284 1558 2492 1629 de-15

303 1687 308 1690 -
353 1646 585 1711 beret?
677 1645 774 1711 De
833 1669 960 1731 quo
1018 1610 1298 1734 legan⁷do
1354 1645 1651 1712 consules
1711 1667 1901 1731 spero
1958 1646 2041 1711 ad
2088 1649 2400 1711 senatum

349 1735 694 1799 relaturos,
794 1733 921 1810 Qui
984 1736 1042 1800 si
1105 1734 1503 1801 dubitabunt
1558 1737 1673 1800 aut
1726 1734 2202 1819 gravabuntur,
2261 1756 2397 1819 ego

350 1845 455 1888 me
491 1823 805 1924 profiteor
842 1825 1230 1907 relaturum3
1265 1844 1475 1925 noeque
1514 1844 1618 1887 me
1653 1821 1968 1906 impediet
2006 1823 2398 1907 cuiusquam

350 1910 685 1977 inimicum
726 1911 1026 1993 edictum,
1065 1934 1193 1998 quo
1233 1910 1448 1977 minus
1487 1910 1673 1977 vobis
1709 1911 1916 1976 fretus
1953 1915 2244 1977 vestrum
2285 1912 2395 1978 ius

351 2000 863 2086 beneficiumque
911 2000 1272 2084 defendam,
1315 2021 1525 2086 neque
1561 2004 1821 2085 praeter
1857 2000 2395 2066 intercessionem
2430 2035 2489 2074 20

353 2089 700 2173 quicquam
749 2088 1034 2172 audiam,
1091 2088 1170 2154 de
1217 2111 1374 2174 qua,
1432 2091 1508 2153 ut
1554 2089 1867 2173 arbitror,
1912 2088 2026 2153 isti
2070 2089 2229 2172 ipsi,
2274 2091 2396 2172 qui

352 2179 702 2259 minantur,
741 2176 938 2242 etiam
969 2181 1161 2262 atque
1192 2177 1409 2258 etiam,
1438 2175 1593 2262 quid
1623 2177 1837 2261 liceat,
1864 2176 2395 2242 considerabunt.

349 2263 499 2330 Mea
559 2227 818 2366 quidem
885 2266 1236 2350 sententia,
1312 2264 1627 2348 Quirites,
1690 2286 1860 2330 unus
1922 2264 2003 2330 A.
2067 2263 2395 2330 Gabinius

351 2352 510 2417 belli
557 2352 874 2418 maritimi
917 2375 1264 2439 rerumque
1302 2357 1638 2439 gestarum
1677 2351 1792 2418 On.
1820 2347 2139 2438 Pompeio
2169 2353 2393 2419 socius

351 2440 718 2524 ascribitur,
763 2447 1113 2526 propterea
1159 2443 1332 2528 quod
1379 2441 1549 2506 alter
1592 2441 1708 2506 uni
1751 2440 1917 2505 illud
1961 2441 2209 2506 bellum
2252 2463 2394 2507 sus·
2426 2475 2485 2515 25

351 2527 718 2612 cipiendum
762 2530 998 2595 vestris
1047 2529 1379 2616 suffragiis
1419 2528 1671 2613 detulit,
1718 2529 1886 2594 alter
1922 2529 2213 2594 delatum
2252 2551 2395 2595 sus-

351 2621 739 2703 ceptumque
785 2617 1080 2683 confecit.

244 2709 332 2773 20
484 2703 836 2788 Reliquum
883 2710 1010 2788 est,
1054 2711 1133 2771 ut
1177 2706 1256 2771 de
1303 2704 1376 2781 Q.
1424 2704 1646 2772 Catuli
1692 2705 2081 2770 auctoritate
2128 2708 2196 2769 et
2242 2727 2391 2770 sen-

245 2787 312 2837 69
349 2794 561 2857 tentia
625 2794 964 2858 dicendum
1029 2815 1170 2859 esse
1229 2793 1544 2858 videatur.
1654 2792 1779 2869 Qui
1848 2814 1996 2859 cum
2054 2814 2134 2857 ex
2197 2794 2391 2859 vobis

352 2884 710 2965 quaereret,
757 2879 814 2944 si
859 2882 925 2944 in
971 2903 1101 2947 uno
1150 2881 1265 2948 On.
1302 2880 1616 2966 Pompeio
1664 2882 1885 2946 omnia
1929 2880 2283 2966 poneretiS,
2332 2883 2389 2947 si
2422 2916 2485 2958 ω

352 2968 508 3054 quid
563 2991 639 3034 eo
696 2967 940 3034 factum
997 2973 1197 3055 esset,
1251 2970 1321 3034 in
1377 2991 1506 3054 quo
1563 2990 1745 3053 spem
1796 2970 2027 3034 essetis
2075 2969 2390 3055 habituri,

350 3059 522 3141 cepit
594 3077 908 3141 magnum
981 3079 1136 3123 suae
1202 3058 1468 3123 virtutis
1532 3057 1815 3123 fructum
1882 3079 1958 3124 ac
2022 3057 2390 3144 dignitatis,

349 3168 498 3212 cum
546 3167 770 3210 omnes
817 3167 951 3210 una
994 3168 1201 3230 prope
1247 3168 1405 3211 voce
1449 3147 1516 3211 in
1564 3167 1640 3212 eo
1686 3145 1829 3229 ipso
1878 3167 1998 3212 vos
2044 3167 2227 3231 spem
2272 3146 2389 3212 ha-

345 3235 605 3300 bituros
663 3255 804 3300 esse
861 3234 1134 3300 dixistis.
1225 3233 1490 3298 Etenim
1543 3233 1695 3299 talis
1751 3237 1854 3298 est
1896 3234 2024 3318 vir,
2081 3237 2159 3298 ut
2201 3235 2388 3301 nulla

348 3344 452 3388 res
499 3325 689 3387 tanta
733 3324 820 3388 sit
867 3344 941 3388 ac
987 3326 1126 3388 tam
1173 3322 1487 3405 difficilis,
1545 3343 1741 3407 quam
1786 3322 1902 3386 ille
1946 3343 2078 3388 non
2123 3324 2192 3387 et
2237 3344 2387 3388 con·
2413 3357 2476 3398 ³5

349 3411 494 3476 silio
560 3432 787 3496 regere
851 3416 920 3477 et
981 3411 1367 3495 integritate
1420 3411 1591 3476 tueri
1646 3413 1714 3474 et
1766 3411 2010 3475 virtute
2066 3409 2384 3476 conficere

345 3499 578 3583 possit.
670 3497 795 3566 Sed
848 3499 918 3565 in
973 3499 1099 3566 hoc
1153 3500 1299 3585 ipso
1356 3499 1441 3566 ab
1497 3520 1573 3565 eo
1628 3497 2196 3564 vehementissime
2253 3497 2384 3564 dis·
