2534 3875
757 203 912 260 CAP.
955 210 1003 272 1,
1041 211 1072 260 2
1111 211 1142 271 ς
1186 212 1341 262 1-6,
1934 209 2060 273 341

94 345 329 412 olorem
364 368 560 431 quam
589 345 662 422 Q.
690 345 1068 432 Hortensio,
1104 349 1269 414 mihi
1308 351 1522 416 maius
1561 351 1783 416 odium
1812 352 2065 417 adferre

94 433 294 519 ebent,
326 456 542 500 meum
579 435 855 520 denique
893 438 1158 523 gravius
1196 460 1339 504 esse
1375 438 1702 522 iudicium,
1741 440 1852 524 qui
1888 441 2067 506 adiu·

97 522 285 588 andus
312 523 382 588 in
407 523 512 588 his
541 524 774 608 causis,
804 527 915 609 qui
944 527 1444 611 oppugnandus,
1472 527 1583 612 qui
1613 527 2067 611 defendendus,

94 610 157 692 ,ui
200 610 581 676 deserendus
629 633 770 678 esse
817 614 1157 679 videatur?
1243 613 1415 699 ‘Ita',
1460 615 1701 701 inquit3
1748 615 1846 681 ‘tu
1892 617 2067 682 enim

93 699 467 785 ivestigasti,
514 704 588 765 tu
631 700 1000 784 patefecisti
1048 702 1606 769 coniurationem?
1690 702 1875 779 Quod
1922 727 2069 770 cum
2105 691 2149 756 2

93 786 222 870 icit,
273 809 406 853 non
452 789 734 854 attendit
779 811 954 876 eum,
1001 791 1114 875 qui
1159 791 1572 876 patefecerit,
1617 791 1743 859 hoc
1788 814 2069 877 curasse,
2105 770 2139 817 4

94 877 120 938 t
169 875 231 940 id
286 899 512 942 omues
566 876 888 963 viderent,
951 879 1124 963 quod
1181 883 1377 945 antea
1430 880 1669 946 fuisset
1722 881 2067 947 occultum.

93 969 249 1035 mare
302 966 434 1030 ista
488 966 882 1052 coniuratio,
941 967 998 1031 si
1053 968 1389 1052 patefacta
1433 990 1550 1053 per
1596 991 1699 1034 me
1746 974 1875 1054 est,
1930 973 2069 1034 tam

94 1056 220 1117 atet
267 1052 620 1119 Hortensio
677 1076 873 1138 quam
929 1055 1110 1122 mihi.
1201 1055 1410 1132 Quem
1464 1079 1614 1124 cum
1666 1057 1890 1134 videas
1944 1058 2069 1124 hoc

95 1161 308 1226 onore,
373 1141 793 1226 auctoritate,
856 1144 1128 1228 virtute,
1183 1145 1458 1210 consilio
1513 1147 1881 1230 praeditum
1936 1168 2071 1212 non

93 1228 398 1310 ubitasse,
477 1230 636 1316 quin
715 1233 1156 1298 innocentiam
1227 1233 1301 1299 P.
1374 1233 1593 1300 Sullae
1678 1235 2069 1318 defenderet,

93 1339 292 1403 uaero,
339 1341 472 1404 cur,
518 1319 629 1404 qui
675 1319 910 1388 aditus.
939 1320 1021 1385 ad
1067 1343 1334 1386 causam
1368 1321 1726 1388 Hortensio
1763 1322 2070 1407 patuerit,

93 1405 199 1470 [ihi
241 1408 670 1478 interclusus-1
683 1429 826 1476 esse
875 1410 1195 1493 debuerit3
1243 1431 1485 1494 quaero
1529 1411 1695 1476 illud
1743 1411 1961 1495 etiam,
2009 1411 2067 1476 si

93 1515 168 1576 ie,
230 1496 346 1580 qui
399 1495 693 1584 defendo,
754 1498 1356 1584 reprehendendum
1418 1502 1613 1583 putas
1678 1520 1849 1580 esse,
1915 1500 2071 1584 quid

93 1583 296 1649 tndem
358 1584 435 1648 de
489 1584 593 1652 his
648 1586 982 1652 existimes
1040 1586 1311 1652 summis
1361 1587 1517 1652 viris
1575 1591 1643 1651 et
1686 1587 2070 1652 clarissimis

93 1671 301 1756 ribus,
349 1694 627 1756 quorum
673 1675 889 1741 studio
928 1679 995 1739 et
1033 1675 1355 1760 dignitate
1392 1674 1710 1740 celebrari
1745 1675 1871 1740 hoc
1910 1675 2070 1740 iudi-

94 1782 222 1844 um,
267 1763 492 1828 ornari
537 1785 821 1848 causam,
868 1763 1124 1828 defendi
1160 1763 1355 1828 huius
1390 1762 1832 1830 innocentiam
1870 1764 2068 1828 vides.

93 1845 186 1912 'on
239 1849 416 1919 enim
468 1874 600 1916 una
652 1851 823 1916 ratio
881 1856 982 1916 est
1042 1851 1433 1918 defensionis
1482 1873 1583 1937 ea,
1638 1872 1805 1938 quae
1850 1852 2071 1937 posita

93 1941 138 2001 ³¹.-
182 1938 251 2003 in
297 1940 626 2026 oratione;
671 1962 915 2019 omneS‚
963 1941 1076 2027 qui
1121 1942 1378 2025 adsunt,
1426 1941 1538 2025 qui
1583 1941 1910 2021 laborant,
1958 1942 2071 2024 qui

95 2026 287 2095 alvum
335 2030 588 2113 volunt,
630 2051 754 2114 pro
797 2051 917 2095 sua
961 2033 1149 2115 parte
1195 2032 1390 2114 atque
1429 2031 1821 2095 auctoritate
1858 2029 2072 2093 defen-

95 2118 216 2178 nnt.
307 2117 422 2182 An
464 2140 620 2183 vero
631 2168 649 2202 ,
703 2117 774 2183 in
821 2120 1056 2202 quibus
1105 2118 1434 2183 subselliis
1479 2118 1641 2183 haec
1688 2121 2073 2183 ornamenta
2108 2135 2143 2184 ⁶

95 2224 114 2267 3
163 2204 421 2271 lumina
472 2207 570 2271 rei
622 2206 924 2292 publicae
982 2206 1293 2289 viderem,
1342 2205 1414 2271 in
1456 2205 1559 2270 his
1607 2228 1711 2270 me
1758 2227 2072 2290 apparere

95 2291 312 2377 ollem,
383 2316 530 2359 cum
604 2315 726 2380 ego
796 2294 984 2359 illum
1053 2294 1125 2359 in
1198 2295 1414 2359 locum
1492 2299 1690 2378 atque
1760 2294 1831 2359 in
1903 2294 2071 2359 hanc

97 2382 547 2448 :celsissimam
603 2383 823 2449 sedem
878 2383 1220 2468 dignitatis
1280 2388 1478 2467 atque
1522 2381 1794 2447 honoris
1843 2382 2069 2447 multis

97 2475 202 2535 :eis
269 2493 346 2537 ac
406 2472 662 2556 magnis
718 2471 1053 2537 laboribus
1110 2475 1177 2536 et
1230 2471 1535 2557 periculis
1592 2470 2071 2536 ascendissem?

97 2563 254 2643 tque
309 2563 388 2625 ut
439 2560 819 2647 intellegaS,
880 2560 1239 2645 Torquate,
1297 2581 1488 2643 quem
1546 2581 1834 2642 accuses,
1893 2558 1950 2624 si
2004 2563 2071 2623 te

97 2651 226 2711 vrte'
255 2648 326 2713 id
371 2647 667 2731 offendit,
714 2647 888 2733 quod
933 2670 1055 2733 ego
1065 2698 1083 2731 ,
1137 2648 1249 2734 qui
1303 2649 1374 2713 in
1427 2646 1553 2713 hoc
1599 2668 1835 2734 genere
1882 2669 2071 2731 quae-

98 2734 274 2801 ionis
342 2736 736 2802 defenderim
800 2737 1156 2822 neminem,
1229 2758 1365 2801 non
1425 2736 1630 2801 desim
1697 2736 1767 2801 P.
1834 2734 2073 2821 Sullae,

99 2826 382 2891 >cordate
420 2825 496 2889 de
534 2826 784 2905 ceteriS‚
823 2847 986 2909 quos
1025 2825 1252 2891 adesse
1290 2824 1441 2891 huic
1477 2824 1687 2909 vides3
1722 2824 2068 2910 intelleges

99 2936 102 2971 ;
159 2913 242 2978 de
297 2913 422 2979 hoc
478 2916 546 2977 et
600 2913 677 2978 de
732 2913 879 2978 aliis
937 2913 1247 2979 iudicium
1293 2934 1514 2977 meum
1559 2916 1628 2977 et
1670 2911 1905 2979 horum
1950 2934 2071 2997 par

99 3024 237 3085 ;que
285 3024 486 3067 unum
530 3000 751 3067 fuisse.
816 3002 976 3077 Quis
1021 3005 1325 3066 nostrum
1369 3001 1581 3066 adfuit
1620 3000 2071 3086 Vargunteio?
2109 3017 2143 3065 s

101 3112 283 3175 eme,
335 3088 421 3156 ne'
469 3090 576 3155 hic
625 3089 883 3174 quidem
932 3090 1006 3167 Q.
1051 3088 1476 3174 Hortensius,
1527 3089 1917 3175 praesertim
1962 3088 2075 3171 qui

99 3201 227 3242 um
287 3180 463 3245 solus
521 3182 715 3243 antea
770 3178 849 3243 de
896 3178 1152 3243 ambitu
1195 3177 1610 3243 defendisset.
1702 3176 1766 3242 N
1768 3198 1853 3241 on
1899 3178 2072 3241 enim

101 3289 168 3330 m
217 3288 292 3332 se
336 3267 474 3332 ullo
521 3266 738 3332 officio
786 3289 933 3333 cum
979 3267 1094 3332 illo
1142 3268 1561 3332 coniunctum
1608 3265 2073 3347 arbitrabatur,

101 3378 182 3419 im
241 3353 359 3420 ille
411 3359 601 3421 tanto
657 3357 902 3421 scelere
955 3355 1306 3421 commisso
1361 3355 1651 3420 omnium
1710 3352 2073 3418 officiorum

101 3443 425 3508 ·cietatem
491 3443 878 3509 diremisset.
987 3443 1145 3520 Quis
1206 3447 1510 3509 nostrum
1568 3440 1745 3507 Serv,
1802 3439 2075 3524 Sullam,

101 3532 180 3595 iis
258 3530 590 3619 Publium,
654 3533 800 3618 quis
862 3530 951 3597 M.
1005 3531 1311 3616 Laecam,
1376 3531 1521 3615 quis
1576 3528 1645 3597 G.
1700 3527 2072 3595 Cornelium
