2534 3875
687 985 781 1061 M.
840 987 1126 1060 TULLI
1181 987 1678 1064 CICERONIS

474 1150 696 1236 PRO
760 1152 849 1235 L.
914 1151 1390 1236 MURENA
1453 1152 1898 1240 ORATIO.

883 1482 1477 1544 ARGUMENTUM.

314 1598 571 1655 Comitiis
616 1597 1025 1666 consularibus,
1071 1613 1214 1666 quae
1258 1597 1333 1654 M.
1373 1598 1567 1653 Cicero
1614 1614 1761 1653 anno
1807 1618 1862 1670 p.
1913 1619 1967 1654 u.
2007 1617 2054 1655 c.
2094 1607 2195 1657 691

168 1669 397 1738 habuit,
442 1669 511 1724 D.
548 1669 737 1723 Iunius
784 1667 1007 1723 Silanus
1054 1671 1115 1723 et
1158 1668 1218 1724 L.
1257 1667 1505 1724 Licinius
1551 1670 1787 1724 Murena
1829 1669 1972 1724 facti
2017 1675 2197 1740 erant,

168 1740 456 1812 repulsam
509 1740 759 1794 tulerant
810 1737 871 1793 L.
920 1738 1150 1809 Sergius
1206 1738 1456 1795 Catilina
1509 1743 1570 1794 et
1612 1738 1849 1810 ‚Servius
1900 1740 2198 1810 Sulpicius,

174 1828 413 1881 quorum
452 1809 699 1866 Catilina.
739 1809 795 1864 vi
842 1812 1014 1878 atque
1060 1808 1231 1865 caede
1277 1809 1587 1865 vindictam
1632 1809 1704 1864 de
1753 1811 1938 1880 patria
1983 1827 2199 1867 sumere

0 1920 1 1954 ¹
174 1882 393 1951 statuit,
432 1881 711 1952 Sulpicius
747 1880 867 1935 iure
905 1880 1193 1937 consultus
1228 1881 1349 1935 iure
1384 1882 1575 1952 potius
1614 1896 1681 1934 ac
1717 1880 1939 1952 legibus
1977 1899 2200 1953 compe·

1 1966 3 2019 ι
172 1955 427 2023 titorem,
477 1952 573 2021 qui
618 1952 860 2020 vicerat,
907 1952 1102 2007 ulcisci
1147 1952 1347 2009 voluit.
1419 1952 1523 2007 Ille
1569 1952 1746 2022 igitur
1792 1951 1853 2007 in
1889 1954 2200 2024 perniciem

1 2026 3 2083 1
174 2042 334 2080 suam
386 2024 527 2092 ruit,
583 2023 863 2094 Sulpicius
912 2024 971 2077 L.
1011 2022 1302 2077 Murenam
1354 2022 1425 2077 de
1473 2023 1692 2079 ambitu
1738 2026 2026 2079 accusavit
2071 2025 2202 2079 sub·

176 2094 541 2166 scriptoribus
576 2094 652 2149 M.
691 2093 927 2161 Catone,
974 2090 1071 2149 Cn.
1109 2093 1426 2159 Postumio,
1475 2093 1669 2150 Servio
1709 2093 1959 2164 Sulpicio
2008 2094 2200 2149 adule-

179 2169 382 2221 scente.
467 2166 613 2221 Acta
654 2181 827 2219 causa
869 2166 959 2219 est
1003 2180 1197 2219 mense
1245 2164 1554 2220 Novembri
1599 2166 1731 2219 anni
1779 2184 1833 2235 p.
1880 2182 1934 2221 u.
1981 2182 2029 2220 c.
2077 2172 2200 2234 691,

178 2254 303 2291 cum
340 2236 585 2292 Catilina
609 2236 821 2291 bellum
856 2236 969 2290 iam
1008 2236 1243 2305 gereret.
1304 2234 1571 2290 Defendit
1597 2237 1886 2290 Murenam
1923 2253 2036 2291 una
2071 2252 2197 2291 cum

179 2308 244 2373 Q.
271 2306 570 2364 Hortensio
608 2309 669 2361 et
702 2307 775 2361 M.
806 2304 1004 2361 Crasso
1041 2306 1114 2360 M.
1138 2303 1348 2372 Cicero,
1384 2306 1480 2373 qui
1517 2305 1842 2361 admirabili
1878 2306 2200 2363 urbanitate

177 2380 424 2434 extremo
460 2379 588 2433 loco
625 2376 769 2432 dixit
804 2394 870 2432 ac
906 2376 1207 2446 peroravit.
1259 2376 1324 2431 L.
1355 2374 1590 2430 Murena
1626 2377 1926 2432 absolutus
1964 2380 2026 2434 et
2051 2394 2200 2433 anno

178 2452 311 2520 post
347 2450 538 2504 consul
578 2447 763 2503 factus
801 2450 901 2503 est.

982 2576 1405 2585 ————-—-

313 2733 500 2811 Quod
561 2736 863 2817 precatus
918 2756 957 2799 a
1012 2733 1112 2799 dis
1166 2732 1651 2799 immortalibus
1707 2754 1879 2816 sum,
1941 2733 2204 2816 iudice8‚
2246 2712 2278 2836 ἒ

182 2844 362 2888 more
421 2820 853 2906 institutoque
919 2822 1233 2887 maiorum
1293 2822 1409 2887 illo
1475 2820 1603 2903 die,
1669 2842 1797 2905 quo
1863 2822 2203 2906 auspicato

184 2908 459 2976 comitiis
506 2912 887 2975 centuriatis
935 2909 1003 2975 L.
1049 2908 1391 2975 Murenam
1436 2907 1771 2974 consulem
1818 2908 2206 2993 renuntiavi,

184 3003 257 3063 ut
300 3019 377 3063 ea
421 3020 523 3063 res
572 2998 751 3080 mihi,
794 2998 943 3063 fidei
989 2998 1535 3083 magistratuique
1583 3019 1750 3081 meo,
1795 2998 2036 3080 populo
2075 2998 2206 3080 ple-

7 3076 11 3179 )
129 3103 157 3145 ⁵
186 3086 376 3172 bique
439 3085 772 3151 Romanae
834 3088 997 3151 bene
1061 3090 1260 3171 atque
1323 3085 1598 3151 feliciter
1661 3085 1972 3168 eveniret,
2034 3084 2204 3148 idem

6 3186 13 3207 ⁹
184 3196 410 3260 precor
446 3175 530 3239 ab
569 3175 774 3240 isdem
812 3175 909 3239 dis
948 3174 1431 3240 immortalibus
1470 3175 1555 3239 ob
1596 3173 1881 3238 eiusdem
1919 3170 2204 3238 hominis

6 3224 15 3370 Ι
187 3263 595 3328 consulatum
642 3284 771 3328 una
816 3285 960 3329 cum
1000 3265 1209 3328 salute
1248 3262 1688 3343 obtinendum,
1734 3265 1802 3327 et
1839 3264 1914 3326 ut
1950 3265 2206 3326 vestrae

186 3353 433 3416 mentes
498 3356 695 3435 atque
756 3351 1113 3417 sententiae
1168 3374 1317 3417 cum
1371 3350 1598 3435 populi
1650 3350 1928 3415 Romani
1985 3350 2206 3414 volun-

186 3439 429 3504 tatibus
485 3440 939 3526 suffragiisque
995 3440 1406 3505 consentiant
1463 3460 1664 3524 eaque
1709 3458 1814 3503 res
1860 3437 2206 3522 vobis'po-

110 3544 161 3586 ιο
186 3527 467 3614 puloque
512 3527 808 3593 Romano
864 3549 1118 3612 pacem,
1171 3527 1745 3613 tranquillitatem,
1799 3527 2003 3592 otium
2057 3547 2207 3591 con-
