2534 3875
254 1548 325 1598 89

254 2431 323 2497 90

252 3350 317 3397 91

362 149 496 215 490
649 149 748 204 DE
784 147 997 205 DOMO
1036 148 1177 204 suA
1214 150 1316 203 AD
1355 101 1784 204 Ponrmous
1823 148 2114 205 ORATIO.
2177 129 2182 134 ’

364 293 626 360 consule
690 294 1062 377 reducente,
1126 295 1334 360 altero
1393 297 1695 378 praetore
1751 294 2149 378 quiescente,
2213 297 2403 359 tuum

364 383 574 448 scelus
613 404 828 447 meum
865 383 1178 466 probrum
1213 387 1408 467 putas
1448 403 1589 446 esse
1628 383 1973 469 oportere?
2045 383 2163 466 Ac,
2201 382 2259 447 si
2297 405 2402 448 me

361 470 643 556 populus
707 469 1041 535 Romanus
1100 470 1410 535 incitatus
1477 471 1812 535 iracundia
1877 473 1992 535 aut
2053 471 2304 536 invidia
2369 493 2404 535 e

364 559 627 625 civitate
665 559 959 624 eiecisset
996 559 1295 643 idemque
1332 563 1564 644 postea
1603 581 1748 624 mea
1781 559 1853 623 in
1887 581 2025 622 rem
2062 559 2400 644 publicam

362 647 676 712 beneficia
722 647 1101 712 recordatus
1149 669 1218 711 se
1265 647 1664 732 collegisset,
1710 646 2150 712 temeritatem
2199 652 2400 732 atque
2424 664 2447 704 ⁵

362 735 669 800 iniuriam
717 757 902 800 suam
947 735 1363 800 restitutione
1411 733 1555 800 mea
1590 735 2130 819 reprehendisset,
2177 741 2402 800 tamen

362 824 657 909 profecto
703 845 894 888 nemo
942 827 1080 888 tam
1128 828 1304 889 esset
1349 845 1592 908 amem,
1639 823 1750 908 qui
1797 823 1960 889 mihi
1995 824 2132 888 tale
2168 826 2400 911 populi

362 912 670 978 iudicium
727 933 861 977 non
916 911 1224 996 dignitati
1280 912 1499 995 potius
1547 934 1744 996 quam
1791 913 2087 977 dedecori
2131 917 2401 996 putaret

365 1021 508 1065 esse
553 1004 873 1084 oportere.
944 999 1005 1064 N
1011 1021 1137 1064 unc
1180 1021 1334 1064 vero
1382 1022 1529 1065 cum
1575 1023 1678 1065 me
1713 1000 1785 1064 in
1820 1000 2130 1066 iudicium
2167 1002 2398 1086 populi

361 1111 553 1154 nemo
601 1087 891 1152 omnium
938 1087 1205 1172 vocarit,
1252 1087 1669 1154 condemnari
1715 1110 1848 1153 non
1893 1089 2239 1173 potuerim,
2287 1090 2396 1174 qui
2422 1108 2466 1146 10

364 1179 705 1242 accusatus
751 1198 886 1241 non
934 1176 1075 1259 sim,
1121 1177 1398 1260 den-ique
1435 1199 1516 1242 ne
1553 1176 1781 1261 pulsus
1820 1177 2078 1261 quidem
2116 1177 2217 1242 ita
2255 1178 2397 1260 sim,

363 1269 464 1348 ut,
520 1264 576 1328 si
621 1264 1104 1349 contenderem,
1160 1286 1466 1350 superare
1509 1287 1644 1330 non
1687 1287 1977 1349 possem,
2037 1271 2396 1350 contraque

366 1375 403 1416 a
447 1353 690 1437 populo
738 1351 1034 1418 Romano
1083 1373 1338 1438 semper
1385 1354 1509 1418 sim
1555 1352 1854 1418 defensus
1865 1404 1883 1437 ,
1939 1353 2395 1438 amplificatuS,

366 1445 651 1524 ornatuS,
697 1440 851 1525 quid
897 1445 1015 1524 est,
1062 1463 1259 1526 quare
1305 1442 1647 1526 quisquam
1691 1440 1853 1507 mihi
1903 1463 1971 1506 se
2007 1443 2156 1524 ipsa
2190 1463 2392 1528 popu·

365 1529 492 1594 lari
549 1529 802 1594 ratione
858 1529 1262 1614 anteponat?
1364 1529 1471 1593 An
1524 1533 1598 1594 tu
1651 1531 1969 1614 populum
2023 1529 2392 1595 Romanum
2423 1547 2468 1586 15

366 1639 505 1683 esse
551 1617 742 1683 illum
787 1623 999 1702 putaS,
1048 1618 1159 1702 qui
1206 1621 1465 1683 constat
1509 1640 1588 1682 ex
1623 1618 1725 1702 iis,
1772 1619 1883 1702 qui
1921 1619 2216 1694 mercede
2252 1641 2392 1684 con·

365 1706 712 1789 ducuntur,
768 1705 880 1790 qui
925 1707 1359 1791 inpelluntur,
1404 1709 1478 1770 ut
1523 1706 1656 1770 vim
1705 1706 2003 1770 adferant
2049 1707 2391 1793 magistra·

361 1795 570 1878 tibus,
631 1797 707 1858 ut
760 1793 1102 1859 obsideant
1156 1798 1483 1877 senatum,
1538 1798 1770 1880 optent
1823 1795 2058 1860 cotidie
2113 1796 2391 1879 caedem,

361 1882 675 1967 incendia,
703 1883 1013 1969 rapinas?
1044 1905 1236 1967 quem
1262 1887 1338 1948 tu
1366 1886 1583 1948 tamen
1612 1883 1925 1969 populum
1955 1883 2082 1948 nisi
2101 1884 2390 1949 tabernis

365 1972 603 2037 clausis
675 1970 1087 2055 frequentare
1160 1994 1294 2037 non
1359 1976 1623 2055 poteras
1632 2020 1650 2055 ,
1724 1972 1827 2037 cui
1887 1973 2132 2058 populo
2201 1972 2391 2038 duces
2419 1991 2474 2029 20

363 2059 716 2143 LentidioS‚
762 2059 1031 2145 Lollios,
1077 2060 1472 2146 PlaguleioS,
1519 2057 1782 2145 Sergios
1828 2060 2257 2143 praefeceras,
2339 2060 2390 2127 Ο

364 2147 645 2233 speciem
711 2147 1221 2233 dignitatemque
1277 2148 1506 2233 populi
1558 2147 1865 2232 Romani,
1931 2171 2127 2233 quam
2184 2171 2390 2236 regesi,

364 2258 559 2320 quam
605 2236 903 2301 nationes
944 2240 1221 2315 exterae,
1267 2257 1463 2321 quam
1511 2239 1740 2322 gentes
1777 2238 2050 2302 ultimae
2086 2240 2389 2323 pertime-

364 2328 570 2407 scant,
614 2324 1099 2389 multitudinem
1144 2325 1482 2390 hominum
1519 2346 1595 2389 ex
1644 2326 1864 2409 serviS,
1913 2348 1989 2389 ex
2035 2325 2389 2409 conductiS,

364 2434 443 2477 ex
497 2412 908 2497 facinerosis,
962 2436 1039 2478 ex
1094 2413 1436 2499 egentibus
1493 2415 1991 2499 congregatam!
2081 2414 2214 2479 Illa
2267 2416 2390 2480 fuit
2417 2429 2467 2469 25

362 2499 779 2584 pulchritudo
816 2502 1041 2586 populi
1077 2500 1376 2584 Romani,
1412 2501 1532 2567 illa
1566 2501 1795 2585 forma,
1836 2524 2032 2586 quam
2059 2502 2130 2566 in
2159 2525 2389 2587 campo

360 2588 584 2652 vidisti
639 2591 807 2672 tum,
863 2611 1009 2654 cum
1054 2589 1255 2654 etiam
1302 2590 1427 2654 tibi
1472 2593 1702 2655 contra
1747 2594 2010 2655 senatus
2058 2592 2390 2676 totiusque

360 2675 595 2741 Italiae
654 2678 1109 2743 auctoritatem
1167 2682 1233 2743 et
1281 2678 1566 2743 studium
1613 2678 1863 2743 dicendi
1907 2683 2204 2761 potestas
2251 2679 2391 2745 fuit.

361 2764 485 2828 Ille
523 2765 805 2849 populus
836 2770 936 2830 est
962 2766 1262 2831 dominus
1292 2788 1536 2851 regum,
1572 2765 1781 2832 victor
1810 2770 2004 2851 atque
2033 2767 2392 2852 imperator

362 2854 651 2918 omnium
698 2854 1019 2939 gentium,
1075 2876 1263 2939 quem
1311 2856 1426 2920 illo
1473 2855 1832 2920 clarissimo
1882 2855 2010 2940 die,
2057 2856 2394 2940 scelerate,
2416 2871 2458 2910 3⁰

358 2942 584 3006 vidisti
629 2945 790 3025 tum,
838 2964 982 3007 cum
1030 2964 1253 3007 omnes
1302 2943 1624 3029 principes
1673 2943 1979 3027 civitatis,
2023 2964 2252 3009 omnes
2297 2967 2395 3010 or·

361 3029 582 3094 dinum
639 3034 837 3113 atque
894 3033 1185 3095 aetatum
1242 3032 1531 3096 omnium
1589 3031 1971 3118 suffragium
2018 3054 2087 3096 se
2133 3054 2272 3098 non
2321 3034 2395 3097 de

359 3118 518 3182 civis
527 3168 546 3201 ,
623 3119 737 3183 sed
800 3118 878 3183 de
942 3119 1227 3184 civitatis
1293 3121 1503 3184 salute
1568 3120 1734 3184 ferre
1799 3119 2180 3205 censebant,
2247 3144 2396 3187 cum

360 3205 635 3290 denique
681 3206 978 3271 homines
1024 3208 1094 3271 in
1141 3230 1442 3291 campum
1485 3229 1618 3273 non
1662 3207 1952 3272 tabernis
1961 3258 1981 3291 ,
2026 3208 2141 3273 sed
2189 3210 2396 3275 muni-

251 3272 339 3335 34
360 3294 546 3377 cipi1s
592 3294 829 3359 clausis
875 3300 1210 3360 venerunt.
1283 3294 1428 3361 Hoc
1475 3316 1596 3381 ego
1643 3297 1908 3381 populo,
1953 3296 2011 3361 si
2058 3301 2200 3361 tum
2248 3320 2396 3363 con·
2420 3310 2460 3352 ³⁵

360 3379 534 3444 sules
610 3385 725 3446 aut
796 3382 1075 3447 fuissent
1147 3383 1217 3446 in
1289 3404 1358 3447 re
1422 3383 1687 3466 publica
1751 3388 1865 3449 aut
1928 3385 2195 3451 omnino
2263 3408 2398 3451 non

356 3466 657 3552 fuissent,
690 3470 875 3535 nullo
915 3470 1139 3535 labore
1179 3475 1294 3535 tuo
1333 3471 1676 3556 praecipiti
1712 3471 1919 3538 furori
1957 3476 2154 3557 atque
2184 3474 2398 3559 impio
