2534 3875
591 941 685 1014 M.
763 941 1118 1012 TULLI
1190 941 1834 1018 CICERONIS

150 1041 580 1170 'ORATIO
664 1087 808 1169 DE
897 1085 1590 1173 HARUSPIOUM
1683 1087 2222 1174 RESPONSO

326 1241 434 1312 IN
488 1241 566 1312 P.
624 1238 1048 1313 CLODIUM
1101 1239 1210 1312 IN
1268 1240 1654 1314 SENATU
1710 1242 2102 1317 HABITA.

912 1505 1504 1568 ARGUMENTUM.

344 1621 481 1678 Cum
507 1622 581 1676 M.
613 1620 805 1676 Cicero
834 1622 1261 1677 restitutionem
1299 1640 1459 1678 suam
1493 1623 1808 1694 reciperata
1843 1623 2019 1679 etiam
2057 1623 2223 1680 domo

203 1711 307 1750 sua
331 1695 392 1748 in
417 1691 640 1749 Palatio
677 1693 987 1763 perfectam
1014 1709 1137 1747 esse
1164 1695 1406 1762 putaret,
1444 1711 1749 1762 numquam
1785 1697 1977 1750 tamen
2005 1695 2214 1763 odium,

202 1766 355 1835 quod
397 1766 457 1820 in
495 1781 621 1818 eum
660 1765 995 1834 conceperat
1029 1765 1090 1822 P.
1131 1763 1386 1832 Clodius,
1423 1766 1680 1820 cessavit.
1756 1765 1938 1832 Quam
1975 1766 2048 1821 ob
2085 1780 2220 1836 rem,

203 1854 330 1892 cum
372 1834 639 1906 prodigia
682 1835 862 1890 multa
907 1836 969 1889 in
1019 1851 1155 1905 agro
1192 1834 1508 1890 Latiniensi
1554 1835 1708 1891 facta
1747 1852 1869 1891 esse
1907 1837 2225 1892 dicerentur

203 1923 381 1977 eaque
438 1905 519 1962 sic
573 1905 857 1977 explicata
910 1905 983 1961 ab
1036 1905 1431 1977 haruspicibus
1496 1908 1710 1977 essent,
1777 1906 1940 1976 quasi
1993 1906 2226 1963 numina

202 1980 436 2035 deorum
480 1978 640 2033 laesa
684 1980 875 2033 essent
918 1994 1013 2044 e0,
1059 1979 1209 2046 quod
1253 1980 1380 2032 loca
1426 1993 1587 2033 sacra
1620 1995 1722 2048 pro
1760 1979 2010 2048 profanis
2047 1979 2219 2033 habe-

201 2052 411 2117 rentur,
446 2050 555 2103 hac
591 2049 689 2104 ille
727 2048 1122 2119 explicatione,
1160 2064 1305 2117 quae
1341 2049 1581 2105 fortasse
1618 2052 1691 2104 ab
1719 2064 1786 2103 eo
1812 2049 1938 2118 ipso
1969 2049 2228 2117 quaesita

205 2124 344 2190 erat,
379 2122 465 2174 ita
498 2136 632 2173 usus
670 2121 784 2189 est,
820 2122 886 2174 ut
919 2137 1039 2175 rem
1074 2120 1147 2175 ad
1186 2119 1470 2174 Ciceronis
1509 2121 1738 2174 domum
1774 2122 2034 2186 referret,
2081 2136 2224 2188 quae

206 2207 333 2245 cum
386 2189 666 2244 Libertati
716 2191 979 2245 dedicata
1025 2190 1249 2257 fuisset,
1300 2192 1414 2244 iam
1463 2207 1563 2261 pro
1615 2190 1855 2259 profana
1904 2189 2222 2245 haberetur.

205 2262 404 2331 Itaque
442 2262 500 2314 et
532 2260 718 2315 verbis
756 2261 1016 2316 audiente
1052 2260 1259 2332 populo
1299 2277 1466 2329 saepe
1503 2262 1565 2315 in
1590 2261 1665 2319 M.
1695 2261 1940 2315 Tullium
1973 2261 2225 2316 invectus

206 2333 295 2386 est
332 2332 391 2385 et
425 2331 608 2399 ipsam
644 2331 763 2385 eius
809 2332 1036 2385 domum
1083 2332 1331 2386 evertere
1378 2331 1584 2398 voluit3
1630 2349 1665 2386 a
1699 2331 1760 2386 Τ.
1799 2332 1981 2386 Annio
2018 2332 2226 2387 Milone

204 2404 399 2457 tamen
434 2400 493 2454 id
527 2402 792 2471 perficere
828 2400 1147 2472 prohibitus
1185 2404 1286 2456 est.
1346 2401 1502 2467 Quae
1531 2418 1658 2455 cum
1686 2402 1772 2457 ita
1809 2404 2014 2469 essent,
2053 2404 2226 2458 etiam

204 2474 279 2527 M.
327 2469 543 2526 Tullius
595 2488 690 2526 eos
742 2474 973 2527 conatus
1028 2472 1179 2527 omni
1228 2488 1402 2542 opera
1450 2473 1829 2542 impugnavit,
1881 2475 1940 2527 et
1990 2490 2116 2527 cum
2164 2475 2226 2528 P.

213 2542 442 2599 Clodius
504 2542 565 2595 in
628 2544 857 2624 senatu,
932 2560 1057 2597 cum
1130 2546 1358 2597 senatus
1432 2560 1558 2625 cum
1621 2543 1901 2626 equitibus
1962 2542 2230 2627 Romanis

206 2616 403 2753 3235?
416 2612 1237 2740 ’112003'32532‘2‘135253251202
1274 2615 2228 2763 iffiiim”issffgctssffssssssffeoessssii

207 2773 375 2824 quem
421 2755 593 2810 etiam
636 2755 697 2809 P.
737 2753 1005 2809 Servilius
1052 2754 1227 2809 verba
1274 2754 1499 2810 fecerat.
1574 2755 1713 2810 Cum
1757 2758 1951 2811 tamen
2000 2757 2228 2825 quidam

209 2829 495 2882 senatores
523 2826 846 2881 Ciceronem
883 2826 1102 2896 longius
1139 2840 1496 2895 progressum
1534 2842 1655 2881 esse
1693 2826 1981 2896 dixissent,
2019 2830 2067 2880 is
2102 2826 2229 2895 hac,

210 2913 355 2966 quae
399 2895 544 2951 infra
588 2895 825 2965 legitur,
872 2898 1125 2951 oratione
1170 2897 1366 2950 itidem
1414 2896 1475 2950 in
1521 2900 1718 2953 senatu
1763 2896 1962 2951 habita
2010 2897 2079 2953 de
2127 2896 2228 2951 illo

208 2966 570 3037 haruspicum
624 2984 883 3036 responso
941 2970 999 3021 et
1049 2967 1117 3021 de
1174 2968 1326 3022 omni
1379 2983 1547 3022 causa
1601 2968 1917 3023 accuratius
1974 2970 2230 3025 senatum

210 3038 443 3093 edocere
489 3038 677 3093 studet
722 3054 991 3107 suamque
1035 3037 1312 3092 rationem
1357 3038 1672 3093 defendere.
1746 3039 1878 3092 Eius
1915 3037 2069 3092 modi
2107 3054 2229 3093 ora—

209 3108 419 3163 tionem
459 3107 781 3163 Ciceronem
831 3109 1094 3163 habuisse
1142 3124 1267 3163 cum
1317 3113 1545 3165 auctore
1583 3108 1775 3165 Cassio
1814 3107 1992 3162 Dione
2041 3108 2230 3162 admo-

210 3180 344 3233 dum
381 3178 676 3249 probabile
715 3180 804 3246 sit,
841 3183 961 3233 tum
998 3180 1162 3234 huius
1201 3178 1398 3249 ipsius,
1440 3196 1584 3248 quae
1623 3178 1796 3233 etiam
1832 3194 1983 3231 nunc
2017 3178 2078 3232 in
2115 3196 2231 3233 ma-

209 3249 374 3304 nibus
426 3251 536 3315 est,
602 3250 871 3305 orationis
932 3250 1015 3306 ita
1070 3252 1406 3305 mentionem
1463 3250 1718 3305 fecerunt
1775 3248 1981 3303 summi
2033 3249 2233 3304 harum

207 3336 395 3377 rerum
442 3320 876 3387 existimatores,
927 3322 991 3387 Q.
1031 3320 1302 3375 Asconius
1342 3320 1620 3375 Pedianus
1666 3319 1727 3374 in
1765 3319 1880 3374 Cic.
1920 3320 2058 3375 orat.
2101 3318 2232 3374 Cor-

207 3391 495 3447 nelianam
530 3410 584 3461 p.
616 3398 699 3448 61.
732 3398 800 3448 28
830 3395 888 3447 et
916 3399 1000 3447 62.
1030 3397 1096 3445 21
1126 3391 1207 3459 (P.
1238 3391 1316 3445 lV
1344 3390 1454 3446 vol.
1484 3390 1563 3444 111
1588 3409 1641 3460 p.
1671 3394 1792 3445 247.
1824 3396 1890 3444 22
1931 3392 1990 3445 et
2025 3395 2146 3446 248.
2178 3393 2232 3459 6)

212 3466 272 3517 et
323 3460 553 3527 Quintil.
593 3463 645 3518 V
685 3470 767 3519 11.
816 3469 909 3533 42,
965 3465 1031 3518 ut
1074 3463 1246 3519 etiam
1295 3460 1544 3533 singulos
1594 3460 1714 3517 eius
1762 3460 2033 3519 orationis
2079 3461 2236 3517 locos

322 3561 431 3603 010.
458 3562 521 3601 11.
550 3562 588 3603 2.
1849 3555 1915 3604 33
