2534 3875
828 194 982 250 CAP.
1020 199 1230 250 49—51
1271 186 1321 261 ς’
1342 201 1640 250 127-131.
2078 196 2218 260 505

193 340 411 405 animo
468 340 593 405 tibi
649 340 780 404 ista
832 361 966 404 non
1012 340 1203 424 scita,
1258 339 1372 404 sed-
1415 341 1724 424 portenta
1769 341 2219 422 conscriberet,

192 449 368 493 esses
425 429 643 494 omnia
699 429 755 493 si
810 428 1025 492 minus
1080 449 1177 510 re,
1232 431 1304 492 at
1358 427 1575 492 verbis
1632 426 1946 513 legitimis
2003 450 2221 494 conse-

192 521 399 582 cutus·
473 514 597 582 Sed
637 539 766 582 uno
805 520 1098 600 tempore
1136 516 1466 581 cautiones
1503 515 1751 579 fiebant
1784 517 2219 600 pecuniarum,

192 605 458 670 foedera
492 604 897 670 feriebantur
934 605 1434 688 provinciarum,
1480 623 1708 686 regum
1747 605 2220 688 appellationes

138 706 165 748 5
195 693 454 758 venales
502 697 703 776 erant,
750 714 1084 757 servorum
1132 693 1421 757 omnium
1468 692 1732 756 vicatim
1771 692 2222 756 celebrabatur

193 786 337 847 tota
366 783 524 846 urbe
554 781 913 865 discriptio,
942 780 1188 846 inimici
1216 782 1286 844 in
1315 781 1597 866 gratiam
1616 780 2221 861 reconciliabantur,

195 870 469 954 imperia
516 870 965 935 scribebantur
1010 891 1181 933 nova.
1226 869 1568 953 iuventuti,
1616 867 1690 944 Q.
1719 866 1867 933 Seio
1907 890 2223 934 venenum

194 959 431 1023 misero
486 958 872 1043 parabatur,
930 958 1007 1022 de
1064 955 1177 1022 Cn.
1222 957 1560 1042 Pompeio,
1613 960 2099 1042 propugnatore
2157 960 2224 1020 et

195 1048 462 1114 custode
490 1047 763 1132 imperii,
800 1046 1242 1111 interficiendo
1273 1046 1543 1110 consilia
1569 1045 1922 1129 inibantur,
1960 1047 2222 1110 senatus

118 1150 169 1192 1⁰
194 1158 275 1201 ne
321 1135 477 1220 quid
524 1140 712 1219 esset,
759 1138 832 1199 ut
877 1136 1178 1220 lugerent
1235 1155 1489 1218 semper
1535 1134 1716 1218 boni,
1761 1138 1837 1198 ut
1882 1136 2073 1219 capta
2118 1155 2222 1197 res

195 1224 458 1308 publica.
521 1223 861 1289 consulum
924 1223 1291 1307 proditione
1353 1224 1419 1287 vi
1472 1221 1824 1288 tribunicia
1877 1224 2224 1287 teneretur.

193 1311 375 1378 Haec
439 1335 585 1378 cum
648 1315 751 1378 tot
814 1314 1131 1394 tantaque
1186 1314 1561 1396 agerentur,
1624 1332 1758 1374 non
1813 1311 2048 1374 mirum
2105 1314 2224 1388 est,

194 1401 577 1486 praesertim
632 1402 703 1464 in
760 1400 975 1465 furore
1032 1399 1234 1464 animi
1281 1402 1347 1464 et
1394 1401 1733 1482 caecitate,
1787 1400 1996 1464 multa
2039 1398 2224 1462 illum

196 1495 264 1554 et
304 1493 373 1554 te
418 1487 743 1555 fefellisse.

116 1591 168 1632 1⁵
329 1579 422 1643 At
478 1577 717 1661 videte,
775 1579 1019 1660 quanta
1072 1576 1160 1640 sit
1202 1576 1306 1642 vis
1361 1575 1554 1641 huius
1601 1574 1898 1657 Papiriae
1945 1574 2110 1660 legis
2157 1576 2332 1641 in130

196 1689 267 1732 re
306 1667 447 1748 tali,
484 1687 617 1731 non
655 1665 912 1749 qualem
942 1668 1016 1729 tu
1046 1663 1259 1728 adfers
1291 1664 1552 1729 sceleris
1582 1664 1844 1747 plenam
1875 1665 1941 1726 et
1967 1662 2228 1729 furoriS.

198 1754 271 1831 Q.
314 1754 595 1820 Marcius
642 1775 868 1819 censor
915 1754 1176 1838 signum
1214 1749 1614 1818 Concordiae
1650 1751 1894 1815 fecerat
1930 1750 2121 1833 idque
2160 1752 2228 1815 in

198 1843 458 1928 publico
525 1843 914 1908 conlocarat.
1010 1840 1154 1905 Hoc
1224 1840 1483 1926 signum
1552 1837 1622 1906 C.
1671 1837 1934 1903 Cassius
2001 1859 2229 1904 censor

198 1955 344 1999 cum
398 1933 468 1996 in
527 1931 770 1997 curiam
818 1930 1293 2013 transtulisset,
1351 1928 1700 2013 collegium
1746 1930 2037 1993 vestrum
2085 1949 2226 1992 con·

122 2034 175 2075 2⁰
204 2022 425 2103 suluit,
462 2043 617 2085 num
658 2019 813 2105 quid
852 2041 991 2084 esse
1030 2040 1261 2085 causae
1301 2017 1646 2099 videretur,
1682 2017 1836 2100 quin
1873 2016 1940 2079 id
1971 2017 2228 2099 signum

200 2109 572 2192 curiamque
628 2107 1025 2174 Concordiae
1081 2108 1424 2172 dedicaret.
1525 2105 1808 2187 Quaeso,
1874 2103 2330 2187 pontificeS‚5l

205 2200 271 2260 et
323 2197 652 2261 hominem
710 2219 853 2261 cum
898 2196 1161 2261 homine
1209 2200 1276 2259 et
1321 2200 1580 2278 tempus
1630 2215 1774 2257 cum
1821 2195 2115 2275 tempore
2163 2199 2229 2256 et

204 2305 343 2349 rem
392 2305 537 2348 cum
580 2305 651 2348 re
698 2288 1087 2369 comparate.
1160 2283 1282 2348 Ille
1327 2287 1470 2347 erat
1517 2302 1768 2346 summa
1805 2280 2125 2344 modestia
2163 2284 2229 2344 et

202 2372 525 2457 gravitate
582 2392 836 2455 censor,
891 2372 996 2437 hic
1050 2372 1352 2435 tribunus
1407 2371 1496 2455 pl.
1543 2370 1782 2435 scelere
1839 2372 1906 2433 et
1960 2368 2230 2434 audacia

122 2475 175 2516 25
204 2459 541 2544 singulari.
624 2459 904 2545 Tempus
952 2461 1115 2524 illud
1163 2462 1306 2523 erat
1350 2457 1776 2542 tranquillum
1823 2460 1890 2521 et
1934 2457 2003 2521 in
2038 2455 2227 2521 liber-

201 2553 339 2615 tate
401 2548 630 2633 populi
695 2551 762 2612 et
816 2549 1286 2633 gubernatione
1342 2548 1630 2629 positum
1685 2548 1980 2629 senatuS,
2042 2548 2226 2610 tuum

198 2660 394 2723 porro
433 2641 690 2721 tempus
721 2636 1020 2701 libertate
1048 2636 1277 2720 populi
1300 2634 1578 2700 Romani
1608 2655 1935 2718 oppressa,
1963 2638 2227 2697 senatus

200 2726 589 2791 auctoritate
628 2725 859 2789 deleta.
915 2724 1043 2789 Res
1073 2723 1187 2787 illa
1214 2724 1406 2806 plena
1432 2722 1742 2803 iustitiae,
1780 2721 2335 2807 sapientiae,(131)

203 2814 549 2900 dignitatis
607 2810 867 2900 (censor
922 2812 1121 2894 enim,
1177 2832 1375 2896 penes
1430 2831 1620 2894 quem
1677 2811 1954 2875 maiores
1999 2810 2228 2889 nostri,

120 2917 175 2957 30
200 2902 267 2966 id
331 2902 503 2987 quod
554 2905 629 2966 tu
684 2899 1037 2977 sustulisti,
1102 2899 1407 2965 iudicium
1463 2899 1827 2963 senatoriae
1889 2897 2228 2981 dignitatis

202 3011 342 3055 esse
398 2990 774 3073 voluerunt,
830 2986 1228 3055 Concordiae
1288 2989 1547 3073 signum
1603 2987 1868 3051 volebat
1924 2985 1995 3048 in
2051 2984 2230 3048 curia

200 3078 571 3162 curiamque
618 3078 678 3143 ei
725 3078 879 3142 deae
926 3073 1271 3161 dedicare),
1307 3077 1638 3160 praeclar-a
1683 3074 1986 3139 voluntas
2033 3076 2334 3154 atque131

202 3168 379 3232 omni
424 3166 614 3231 laude
662 3166 889 3252 digna3
946 3164 1386 3248 praescribere
1433 3164 1603 3229 enim
1652 3183 1721 3227 se
1768 3159 2230 3242 arbitrabatur,

202 3259 274 3319 ut
329 3255 467 3319 sine
526 3254 760 3319 studiis
819 3252 1239 3318 dissensionis
1300 3251 1659 3317 sententiae
1716 3249 2106 3330 dicerentur,
2173 3247 2231 3311 si

122 3358 174 3400 3⁵
203 3344 418 3409 sedem
482 3343 696 3426 ipsam
762 3364 837 3408 ac
901 3342 1224 3427 templum
1287 3339 1532 3425 publici
1595 3336 1851 3403 consilii
1913 3335 2229 3420 religione

204 3430 599 3497 Concordiae
666 3430 1075 3496 devinxisset.
1185 3427 1286 3493 Tu
1350 3450 1494 3493 cum
1558 3424 1759 3506 ferr0,
1825 3446 1969 3489 cum
2034 3427 2232 3507 metu,

203 3542 347 3586 cum
396 3519 651 3605 edictis,
708 3542 854 3585 cum
900 3516 1293 3604 privilegiis,
1339 3538 1483 3580 cum
1531 3511 1978 3598 praesentibus
2025 3511 2229 3595 copiis
