2534 3875
214 962 277 1010 11

213 1843 278 1891 12

213 2811 279 2860 13

320 184 447 247 182
641 208 645 213 ·
788 182 888 237 DE
927 181 1116 237 LEGE
1153 181 1484 237 AGRARIA
1524 182 1801 237 ORATIO
1840 180 1883 236 Ι.

315 350 447 394 non
509 331 730 413 potest
792 330 1016 392 utrum
1082 328 1400 391 severitas
1468 326 1759 391 acerbior
1826 349 1912 390 an
1981 326 2361 411 benignitas

317 417 770 501 quaestuosior
816 417 905 481 sit
950 416 1189 480 futura.

452 504 620 569 Sunt
682 509 905 570 tamen
963 505 1034 567 in
1097 507 1242 568 tota
1301 503 1448 589 lege
1514 502 1927 586 exceptiones
1996 502 2156 567 duae
2223 525 2361 567 non

315 598 456 658 tam
527 593 792 679 iniquae
860 613 1058 676 quam
1132 593 1549 674 suspiciosae.
1656 590 1925 675 Excipit
1990 592 2219 671 [enim]
2287 592 2358 656 in

316 682 624 765 vectigali
671 679 1060 764 imponendo
1109 700 1344 764 agrum
1388 678 1883 744 Recentoricum
1920 676 2353 762 Siciliensem,
2395 696 2422 737 5

317 771 386 833 in
441 769 793 834 vendendis
850 770 1028 853 agris
1085 790 1196 833 eos
1253 788 1475 851 agros,
1530 767 1608 832 de
1674 768 1909 851 quibus
1958 772 2219 831 cautum
2269 769 2358 832 sit

315 858 590 923 foedere.
680 856 769 921 Hi
817 859 970 921 sunt
1014 856 1085 919 in
1130 854 1375 936 Africa,
1423 857 1533 940 qui
1580 856 1663 920 ab
1713 854 2098 939 Hiempsale
2145 858 2355 939 possi·

319 947 568 1010 dentur.
658 944 786 1010 Hic
846 965 1115 1030 quaero,
1177 945 1232 1007 si
1280 942 1649 1027 Hiempsali
1709 944 1871 1007 satis
1930 948 2033 1007 est
2089 948 2355 1008 cautum

315 1034 573 1098 foedere
630 1036 696 1097 et
741 1032 1202 1097 Recentoricus
1259 1054 1417 1119 ager
1463 1033 1759 1115 privatus
1807 1036 1935 1113 est,
1996 1031 2152 1116 quid
2201 1033 2353 1096 atti·

315 1121 531 1186 nuerit
577 1122 812 1205 excipi3
861 1123 963 1185 sin
1009 1126 1077 1185 et
1112 1120 1343 1185 foedus
1388 1120 1551 1185 illud
1595 1121 1796 1185 habet
1843 1122 2129 1204 aliquam
2171 1120 2357 1185 dubi·
2386 1140 2442 1178 ιο

316 1211 638 1274 tationem
699 1213 764 1273 et
826 1230 984 1293 ager
1029 1208 1491 1273 Recentoricus
1539 1209 1773 1273 dicitur
1818 1230 1953 1273 non
1997 1230 2356 1293 numquam

319 1319 458 1362 esse
503 1298 832 1382 publicus,
877 1319 1072 1381 quem
1117 1301 1306 1381 putet
1350 1298 1871 1361 existimaturum
1918 1297 2078 1361 duas
2124 1318 2355 1362 causas

315 1386 385 1449 in
448 1387 605 1450 orbe
670 1391 992 1451 terrarum
1059 1390 1378 1469 repertaS,
1455 1386 1691 1469 quibus
1758 1386 1968 1470 gratis
2037 1391 2355 1469 parceret.

316 1473 792 1558 Numquisnam
841 1479 981 1538 tam
1028 1474 1370 1538 abstrusus
1418 1496 1694 1558 usquam
1729 1494 2036 1537 nummus
2073 1473 2353 1557 videtur,

319 1584 512 1646 quem
574 1584 707 1627 non
762 1562 1102 1628 architecti
1155 1562 1424 1626 huiusce
1480 1562 1648 1647 legis
1707 1561 2093 1627 olfecerint‘?
2193 1562 2350 1626 Pro·
2384 1582 2436 1622 ιε

315 1652 580 1732 vinciaS,
627 1652 927 1717 civitates
965 1650 1228 1734 liberae,
1277 1651 1507 1733 sociOS,
1547 1651 1812 1729 amicos,
1852 1670 2039 1737 reges
2080 1649 2355 1734 denique

317 1737 726 1823 exhauriunt,
748 1739 1096 1803 admovent
1111 1760 1341 1803 manus
1355 1738 1789 1824 vectigalibus
1806 1739 2033 1823 populi
2050 1737 2356 1804 Romani.

318 1826 467 1892 Non
527 1831 629 1891 est
683 1828 864 1893 satiS.
955 1826 1222 1910 Audite,
1284 1827 1505 1891 audite
1561 1847 1705 1910 vos,
1767 1828 1878 1911 qui
1941 1826 2353 1911 amplissimo

317 1916 542 1999 populi
599 1920 987 2000 senatusque
1049 1914 1286 1980 iudicio
1334 1915 1649 1981 exercitus
1695 1915 2021 1980 habuistis
2068 1922 2134 1980 et
2179 1915 2356 1980 bella

318 2005 647 2089 gessistis:
708 2004 880 2088 quod
927 2003 1008 2068 ad
1056 2026 1377 2088 quemque
1422 2005 1791 2089 pervenerit
1837 2026 1914 2068 ex
1960 2004 2228 2089 praeda,
2276 2027 2355 2070 ex
2384 2025 2438 2064 20

317 2093 662 2176 manubiis,
709 2115 789 2157 ex
827 2113 984 2156 auro
1033 2094 1395 2176 coronario,
1440 2093 1613 2177 quod
1648 2114 1856 2177 neque
1895 2097 2355 2176 consumptum

315 2181 386 2244 in
448 2183 870 2246 monumento
916 2201 1124 2265 neque
1171 2182 1242 2244 in
1289 2182 1611 2245 aerarium
1659 2181 1939 2244 relatum
1986 2182 2102 2263 sit,
2156 2181 2225 2244 id
2273 2182 2356 2245 ad

317 2269 714 2333 decemviros
767 2269 997 2332 referri
1053 2267 1262 2332 iubet!
1344 2267 1489 2334 Hoc
1544 2271 1757 2353 capite
1804 2269 2012 2333 multa
2059 2273 2355 2352 sperant3

317 2359 389 2420 in
442 2357 654 2421 omnis
709 2357 1137 2441 imperatores
1188 2357 1585 2442 heredesque
1630 2379 1851 2422 eorum
1899 2357 2354 2441 quaestionem

319 2466 435 2508 suo
493 2444 732 2509 iudicio
780 2447 1188 2528 comparant,
1244 2445 1358 2509 sed
1404 2447 1755 2510 maximam
1802 2447 2146 2529 pecuniam
2194 2468 2265 2510 se
2313 2469 2354 2510 a
2380 2470 2433 2510 25

316 2531 563 2596 Fausto
601 2533 939 2597 ablaturos
979 2533 1397 2597 arbitrantur.
1474 2533 1683 2608 Quam
1720 2555 1983 2598 causam
2022 2534 2355 2617 suscipere

317 2620 516 2683 iurati
544 2619 787 2685 iudices
815 2621 1186 2704 noluerunt,
1233 2621 1403 2685 hanc
1430 2622 1544 2685 isti
1573 2622 1921 2686 decemviri
1952 2624 2351 2705 [suscepere]

317 2706 558 2772 idcirco
615 2730 655 2771 a
709 2707 1028 2773 iudicibus
1083 2709 1365 2773 fortasse
1411 2711 1944 2792 praetermissam
1992 2731 2131 2774 esse
2180 2711 2353 2775 arbi·

318 2798 606 2879 trantur,
669 2796 843 2879 quod
905 2798 995 2860 sit
1047 2797 1209 2880 ipsis
1275 2802 1621 2862 reservata.
1719 2797 1967 2863 Deinde
2028 2799 2229 2862 etiam
2281 2799 2355 2863 in

317 2883 639 2967 reliquum
684 2890 943 2968 tempus
991 2885 1493 2970 diligentissime
1540 2887 1777 2970 sancit,
1822 2890 1916 2970 ut,
1961 2886 2134 2970 quod
2180 2887 2355 2970 quis·
2384 2915 2440 2955 so

319 2993 442 3056 que
480 2971 838 3055 imperator
875 2973 1116 3038 habeat
1143 2974 1471 3057 pecuniae,
1508 2975 1806 3057 protinus
1836 2975 1918 3039 ad
1947 2974 2351 3042 decemviros

318 3059 575 3124 referat.
665 3058 793 3125 Hic
853 3064 1076 3125 tamen
1131 3063 1370 3145 excipit
1421 3061 1801 3146 Pompeium
1860 3063 2223 3147 simillime,
2279 3068 2357 3128 ut

319 3148 484 3212 mihi
528 3147 811 3233 videtur,
858 3153 1050 3234 atque
1096 3153 1172 3214 ut
1217 3151 1337 3214 illa
1381 3152 1541 3235 lege,
1590 3173 1718 3237 qua
1762 3153 2090 3238 peregrini
2138 3151 2356 3216 Roma

319 3235 662 3321 eiciuntur,
702 3236 1098 3320 Glaucippus
1144 3239 1479 3323 excipitur.
1542 3238 1693 3303 Non
1740 3240 1911 3303 enim
1958 3240 2082 3305 hac
2129 3261 2355 3324 excep-

317 3323 496 3389 tione
532 3347 699 3390 unus
739 3325 1038 3390 adficitur
1065 3327 1397 3409 benefici0,
1436 3326 1548 3391 sed
1576 3349 1742 3391 unus
1769 3329 2069 3411 privatur
2095 3328 2354 3393 iniuria.
2386 3364 2445 3404 35

319 3411 446 3476 Sed
489 3412 592 3478 cui
633 3415 975 3479 manubias
1017 3415 1313 3496 remittit,
1358 3416 1427 3479 in
1468 3415 1661 3479 huius
1696 3415 2048 3500 vectigalia
2083 3417 2355 3481 invadit.

315 3497 510 3564 Iubet
555 3501 726 3566 enim
773 3503 1066 3588 pecunia,
1103 3505 1160 3568 si
1199 3526 1328 3589 qua
1364 3507 1515 3588 post
1550 3524 1670 3568 nos
1711 3504 2009 3569 consules
2046 3525 2125 3568 ex
2159 3506 2354 3570 novis
