<?xml version="1.0" encoding="UTF-8"?>
<!DOCTYPE html PUBLIC "-//W3C//DTD XHTML 1.0 Transitional//EN"
    "http://www.w3.org/TR/xhtml1/DTD/xhtml1-transitional.dtd">
<html xmlns="http://www.w3.org/1999/xhtml" xml:lang="en" lang="en">
 <head>
  <title>
</title>
<meta http-equiv="Content-Type" content="text/html;charset=utf-8" />
  <meta name='ocr-system' content='tesseract 3.04.00' />
  <meta name='ocr-capabilities' content='ocr_page ocr_carea ocr_par ocr_line ocrx_word'/>
</head>
<body>
  <div class='ocr_page' id='page_1' title='image "./scriptaquaemans03mlgoog_0540.png"; bbox 0 0 2534 3875; ppageno 0'>
   <div class='ocr_carea' id='block_1_1' title="bbox 257 490 346 555">
    <p class='ocr_par' dir='ltr' id='par_1_1' title="bbox 257 490 346 555">
     <span class='ocr_line' id='line_1_1' title="bbox 257 490 346 555; baseline 0 0"><span class='ocrx_word' id='word_1_1' title='bbox 257 490 346 555; x_wconf 88' lang='lat'><strong>15</strong></span> 
     </span>
    </p>
   </div>
   <div class='ocr_carea' id='block_1_2' title="bbox 255 568 327 617">
    <p class='ocr_par' dir='ltr' id='par_1_2' title="bbox 255 568 327 617">
     <span class='ocr_line' id='line_1_2' title="bbox 255 568 327 617; baseline -0.014 0"><span class='ocrx_word' id='word_1_2' title='bbox 255 568 327 617; x_wconf 79' lang='lat'><strong>34</strong></span> 
     </span>
    </p>
   </div>
   <div class='ocr_carea' id='block_1_3' title="bbox 263 2037 333 2086">
    <p class='ocr_par' dir='ltr' id='par_1_3' title="bbox 263 2037 333 2086">
     <span class='ocr_line' id='line_1_3' title="bbox 263 2037 333 2086; baseline 0.014 -1"><span class='ocrx_word' id='word_1_3' title='bbox 263 2037 333 2086; x_wconf 84' lang='lat'><strong>35</strong></span> 
     </span>
    </p>
   </div>
   <div class='ocr_carea' id='block_1_4' title="bbox 362 189 1821 253">
    <p class='ocr_par' dir='ltr' id='par_1_4' title="bbox 362 189 1821 253">
     <span class='ocr_line' id='line_1_4' title="bbox 362 189 1821 253; baseline -0.004 0"><span class='ocrx_word' id='word_1_4' title='bbox 362 190 498 253; x_wconf 83' lang='lat'><strong>402</strong></span> <span class='ocrx_word' id='word_1_5' title='bbox 924 189 1068 245; x_wconf 82' lang='lat' dir='ltr'><strong>PRO</strong></span> <span class='ocrx_word' id='word_1_6' title='bbox 1107 192 1170 246; x_wconf 91' lang='lat' dir='ltr'><strong>L.</strong></span> <span class='ocrx_word' id='word_1_7' title='bbox 1209 190 1487 245; x_wconf 88' lang='lat' dir='ltr'>FLACCO</span> <span class='ocrx_word' id='word_1_8' title='bbox 1526 190 1821 247; x_wconf 84' lang='lat' dir='ltr'><strong>ORATIO.</strong></span> 
     </span>
    </p>
   </div>
   <div class='ocr_carea' id='block_1_5' title="bbox 363 333 2528 3071">
    <p class='ocr_par' dir='ltr' id='par_1_5' title="bbox 364 333 2419 488">
     <span class='ocr_line' id='line_1_5' title="bbox 364 333 2419 421; baseline 0.001 -22"><span class='ocrx_word' id='word_1_9' title='bbox 364 338 596 419; x_wconf 80' lang='lat' dir='ltr'><strong>postea</strong></span> <span class='ocrx_word' id='word_1_10' title='bbox 629 333 873 399; x_wconf 89' lang='lat' dir='ltr'><strong>facturi</strong></span> <span class='ocrx_word' id='word_1_11' title='bbox 910 337 1147 418; x_wconf 90' lang='lat' dir='ltr'><strong>essent,</strong></span> <span class='ocrx_word' id='word_1_12' title='bbox 1193 335 1360 400; x_wconf 85' lang='lat' dir='ltr'><strong>scire</strong></span> <span class='ocrx_word' id='word_1_13' title='bbox 1394 357 1531 401; x_wconf 90' lang='lat' dir='ltr'><strong>non</strong></span> <span class='ocrx_word' id='word_1_14' title='bbox 1567 339 1849 420; x_wconf 86' lang='lat' dir='ltr'><strong>poterat,</strong></span> <span class='ocrx_word' id='word_1_15' title='bbox 1888 336 2044 420; x_wconf 90' lang='lat' dir='ltr'><strong>quid</strong></span> <span class='ocrx_word' id='word_1_16' title='bbox 2078 336 2419 421; x_wconf 75' lang='lat' dir='ltr'><strong>fecissent,</strong></span> 
     </span>
     <span class='ocr_line' id='line_1_6' title="bbox 364 423 643 488; baseline -0.007 0"><span class='ocrx_word' id='word_1_17' title='bbox 364 423 643 488; x_wconf 81' lang='lat' dir='ltr'><strong>videbat.</strong></span> 
     </span>
    </p>

    <p class='ocr_par' dir='ltr' id='par_1_6' title="bbox 363 508 2528 3071">
     <span class='ocr_line' id='line_1_7' title="bbox 501 508 2416 596; baseline 0.001 -21"><span class='ocrx_word' id='word_1_18' title='bbox 501 508 652 592; x_wconf 87' lang='lat' dir='ltr'><strong>Sed,</strong></span> <span class='ocrx_word' id='word_1_19' title='bbox 719 511 1024 596; x_wconf 86' lang='lat' dir='ltr'><strong>quoniam</strong></span> <span class='ocrx_word' id='word_1_20' title='bbox 1089 511 1166 575; x_wconf 88' lang='lat' dir='ltr'><strong>de</strong></span> <span class='ocrx_word' id='word_1_21' title='bbox 1231 512 1559 577; x_wconf 90' lang='lat' dir='ltr'><strong>communi</strong></span> <span class='ocrx_word' id='word_1_22' title='bbox 1612 512 1820 577; x_wconf 83' lang='lat' dir='ltr'><strong>totius</strong></span> <span class='ocrx_word' id='word_1_23' title='bbox 1875 512 2074 578; x_wconf 89' lang='lat' dir='ltr'><strong>Asiae</strong></span> <span class='ocrx_word' id='word_1_24' title='bbox 2134 512 2416 578; x_wconf 88' lang='lat' dir='ltr'><strong>crimine</strong></span> 
     </span>
     <span class='ocr_line' id='line_1_8' title="bbox 368 599 2417 687; baseline 0 -23"><span class='ocrx_word' id='word_1_25' title='bbox 368 603 468 664; x_wconf 85' lang='lat' dir='ltr'><strong>est</strong></span> <span class='ocrx_word' id='word_1_26' title='bbox 523 599 796 679; x_wconf 91' lang='lat' dir='ltr'><strong>dictum,</strong></span> <span class='ocrx_word' id='word_1_27' title='bbox 852 600 1201 686; x_wconf 84' lang='lat' dir='ltr'><strong>aggrediar</strong></span> <span class='ocrx_word' id='word_1_28' title='bbox 1255 600 1391 664; x_wconf 89' lang='lat' dir='ltr'><strong>iam</strong></span> <span class='ocrx_word' id='word_1_29' title='bbox 1449 599 1530 665; x_wconf 90' lang='lat' dir='ltr'><strong>ad</strong></span> <span class='ocrx_word' id='word_1_30' title='bbox 1586 600 1881 687; x_wconf 78' lang='lat' dir='ltr'><strong>singulas</strong></span> <span class='ocrx_word' id='word_1_31' title='bbox 1942 600 2277 683; x_wconf 83' lang='lat' dir='ltr'><strong>civitates3</strong></span> <span class='ocrx_word' id='word_1_32' title='bbox 2334 623 2417 665; x_wconf 90' lang='lat' dir='ltr'><strong>ex</strong></span> 
     </span>
     <span class='ocr_line' id='line_1_9' title="bbox 366 688 2473 773; baseline 0 -21"><span class='ocrx_word' id='word_1_33' title='bbox 366 688 601 773; x_wconf 89' lang='lat' dir='ltr'><strong>quibus</strong></span> <span class='ocrx_word' id='word_1_34' title='bbox 639 689 728 753; x_wconf 91' lang='lat' dir='ltr'><strong>sit</strong></span> <span class='ocrx_word' id='word_1_35' title='bbox 765 709 919 753; x_wconf 88' lang='lat' dir='ltr'><strong>sane</strong></span> <span class='ocrx_word' id='word_1_36' title='bbox 954 688 1147 752; x_wconf 90' lang='lat' dir='ltr'><strong>nobis</strong></span> <span class='ocrx_word' id='word_1_37' title='bbox 1185 688 1403 773; x_wconf 88' lang='lat' dir='ltr'><strong>prima</strong></span> <span class='ocrx_word' id='word_1_38' title='bbox 1438 689 1671 754; x_wconf 87' lang='lat' dir='ltr'><strong>civitas</strong></span> <span class='ocrx_word' id='word_1_39' title='bbox 1708 690 2156 755; x_wconf 80' lang='lat' dir='ltr'><strong>Acmonensis.</strong></span> <span class='ocrx_word' id='word_1_40' title='bbox 2224 688 2416 754; x_wconf 86' lang='lat' dir='ltr'><strong>Citat</strong></span> <span class='ocrx_word' id='word_1_41' title='bbox 2442 706 2473 747; x_wconf 83' lang='lat'><strong>⁵</strong></span> 
     </span>
     <span class='ocr_line' id='line_1_10' title="bbox 363 776 2417 863; baseline 0 -22"><span class='ocrx_word' id='word_1_42' title='bbox 363 798 600 863; x_wconf 87' lang='lat' dir='ltr'><strong>praeco</strong></span> <span class='ocrx_word' id='word_1_43' title='bbox 655 798 812 843; x_wconf 81' lang='lat' dir='ltr'><strong>voce</strong></span> <span class='ocrx_word' id='word_1_44' title='bbox 883 777 1169 841; x_wconf 90' lang='lat' dir='ltr'><strong>maxima</strong></span> <span class='ocrx_word' id='word_1_45' title='bbox 1221 777 1481 863; x_wconf 83' lang='lat' dir='ltr'><strong>legatos</strong></span> <span class='ocrx_word' id='word_1_46' title='bbox 1536 778 1998 843; x_wconf 87' lang='lat' dir='ltr'><strong>Acmonenses.</strong></span> <span class='ocrx_word' id='word_1_47' title='bbox 2098 776 2417 843; x_wconf 80' lang='lat' dir='ltr'>Procedit</span> 
     </span>
     <span class='ocr_line' id='line_1_11' title="bbox 365 863 2417 950; baseline -0 -19"><span class='ocrx_word' id='word_1_48' title='bbox 365 886 532 931; x_wconf 92' lang='lat' dir='ltr'><strong>unus</strong></span> <span class='ocrx_word' id='word_1_49' title='bbox 623 863 1056 950; x_wconf 79' lang='lat' dir='ltr'><strong>Asclepiades,</strong></span> <span class='ocrx_word' id='word_1_50' title='bbox 1172 864 1520 930; x_wconf 88' lang='lat' dir='ltr'><strong>Prodeant.</strong></span> <span class='ocrx_word' id='word_1_51' title='bbox 1635 865 1941 931; x_wconf 76' lang='lat' dir='ltr'><strong>Etiamne</strong></span> <span class='ocrx_word' id='word_1_52' title='bbox 2013 888 2417 950; x_wconf 80' lang='lat' dir='ltr'><strong>praeconem</strong></span> 
     </span>
     <span class='ocr_line' id='line_1_12' title="bbox 366 952 2415 1039; baseline 0 -21"><span class='ocrx_word' id='word_1_53' title='bbox 366 953 633 1018; x_wconf 85' lang='lat' dir='ltr'><strong>mentiri</strong></span> <span class='ocrx_word' id='word_1_54' title='bbox 698 952 1018 1039; x_wconf 65' lang='lat' dir='ltr'><strong>coegisti?</strong></span> <span class='ocrx_word' id='word_1_55' title='bbox 1107 952 1236 1018; x_wconf 84' lang='lat' dir='ltr'><strong>Est</strong></span> <span class='ocrx_word' id='word_1_56' title='bbox 1292 954 1493 1037; x_wconf 86' lang='lat' dir='ltr'><strong>enim,</strong></span> <span class='ocrx_word' id='word_1_57' title='bbox 1557 953 1774 1036; x_wconf 90' lang='lat' dir='ltr'><strong>credo,</strong></span> <span class='ocrx_word' id='word_1_58' title='bbox 1837 955 1895 1019; x_wconf 92' lang='lat' dir='ltr'><strong>is</strong></span> <span class='ocrx_word' id='word_1_59' title='bbox 1952 955 2054 1019; x_wconf 81' lang='lat' dir='ltr'><strong>vir</strong></span> <span class='ocrx_word' id='word_1_60' title='bbox 2109 956 2269 1037; x_wconf 87' lang='lat' dir='ltr'><strong>iste,</strong></span> <span class='ocrx_word' id='word_1_61' title='bbox 2335 958 2415 1019; x_wconf 93' lang='lat' dir='ltr'><strong>ut</strong></span> 
     </span>
     <span class='ocr_line' id='line_1_13' title="bbox 367 1041 2414 1125; baseline 0 -19"><span class='ocrx_word' id='word_1_62' title='bbox 367 1041 656 1107; x_wconf 87' lang='lat' dir='ltr'><strong>civitatis</strong></span> <span class='ocrx_word' id='word_1_63' title='bbox 709 1063 949 1106; x_wconf 90' lang='lat' dir='ltr'><strong>nomen</strong></span> <span class='ocrx_word' id='word_1_64' title='bbox 1004 1064 1124 1106; x_wconf 86' lang='lat' dir='ltr'><strong>sua</strong></span> <span class='ocrx_word' id='word_1_65' title='bbox 1183 1044 1577 1107; x_wconf 85' lang='lat' dir='ltr'><strong>auctoritate</strong></span> <span class='ocrx_word' id='word_1_66' title='bbox 1636 1043 1987 1125; x_wconf 87' lang='lat' dir='ltr'><strong>sustineat,</strong></span> <span class='ocrx_word' id='word_1_67' title='bbox 2055 1043 2414 1107; x_wconf 85' lang='lat' dir='ltr'><strong>damnatus</strong></span> 
     </span>
     <span class='ocr_line' id='line_1_14' title="bbox 366 1128 2526 1216; baseline 0.001 -22"><span class='ocrx_word' id='word_1_68' title='bbox 366 1129 767 1215; x_wconf 77' lang='lat' dir='ltr'><strong>turpissimis</strong></span> <span class='ocrx_word' id='word_1_69' title='bbox 840 1130 1098 1194; x_wconf 89' lang='lat' dir='ltr'><strong>iudiciis</strong></span> <span class='ocrx_word' id='word_1_70' title='bbox 1174 1130 1380 1214; x_wconf 91' lang='lat' dir='ltr'><strong>domi,</strong></span> <span class='ocrx_word' id='word_1_71' title='bbox 1450 1134 1721 1196; x_wconf 86' lang='lat' dir='ltr'><strong>notatus</strong></span> <span class='ocrx_word' id='word_1_72' title='bbox 1786 1131 2028 1195; x_wconf 90' lang='lat' dir='ltr'><strong>litteris</strong></span> <span class='ocrx_word' id='word_1_73' title='bbox 2091 1128 2526 1216; x_wconf 74' lang='lat' dir='ltr'><strong>publicis31⁰³</strong></span> 
     </span>
     <span class='ocr_line' id='line_1_15' title="bbox 369 1217 2526 1303; baseline 0 -20"><span class='ocrx_word' id='word_1_74' title='bbox 369 1219 549 1283; x_wconf 90' lang='lat' dir='ltr'><strong>cuius</strong></span> <span class='ocrx_word' id='word_1_75' title='bbox 597 1217 674 1282; x_wconf 92' lang='lat' dir='ltr'><strong>de</strong></span> <span class='ocrx_word' id='word_1_76' title='bbox 720 1217 1010 1302; x_wconf 78' lang='lat' dir='ltr'><strong>probriS,</strong></span> <span class='ocrx_word' id='word_1_77' title='bbox 1057 1217 1397 1283; x_wconf 87' lang='lat' dir='ltr'><strong>adulteriis</strong></span> <span class='ocrx_word' id='word_1_78' title='bbox 1445 1240 1521 1285; x_wconf 94' lang='lat' dir='ltr'><strong>ac</strong></span> <span class='ocrx_word' id='word_1_79' title='bbox 1566 1219 1811 1303; x_wconf 89' lang='lat' dir='ltr'><strong>stupris</strong></span> <span class='ocrx_word' id='word_1_80' title='bbox 1860 1222 2121 1284; x_wconf 89' lang='lat' dir='ltr'><strong>exstant</strong></span> <span class='ocrx_word' id='word_1_81' title='bbox 2165 1221 2413 1284; x_wconf 91' lang='lat' dir='ltr'><strong>Acmo-</strong></span> <span class='ocrx_word' id='word_1_82' title='bbox 2524 1254 2526 1291; x_wconf 84' lang='lat'>;</span> 
     </span>
     <span class='ocr_line' id='line_1_16' title="bbox 365 1306 2412 1393; baseline 0 -22"><span class='ocrx_word' id='word_1_83' title='bbox 365 1308 664 1371; x_wconf 88' lang='lat' dir='ltr'><strong>nensium</strong></span> <span class='ocrx_word' id='word_1_84' title='bbox 711 1306 999 1388; x_wconf 87' lang='lat' dir='ltr'><strong>litterae,</strong></span> <span class='ocrx_word' id='word_1_85' title='bbox 1056 1328 1220 1392; x_wconf 88' lang='lat' dir='ltr'><strong>quas</strong></span> <span class='ocrx_word' id='word_1_86' title='bbox 1265 1328 1390 1392; x_wconf 83' lang='lat' dir='ltr'><strong>ego</strong></span> <span class='ocrx_word' id='word_1_87' title='bbox 1435 1329 1570 1373; x_wconf 91' lang='lat' dir='ltr'><strong>non</strong></span> <span class='ocrx_word' id='word_1_88' title='bbox 1615 1307 1831 1373; x_wconf 91' lang='lat' dir='ltr'><strong>solum</strong></span> <span class='ocrx_word' id='word_1_89' title='bbox 1875 1312 2145 1392; x_wconf 86' lang='lat' dir='ltr'><strong>propter</strong></span> <span class='ocrx_word' id='word_1_90' title='bbox 2191 1308 2412 1393; x_wconf 89' lang='lat' dir='ltr'><strong>longi-</strong></span> 
     </span>
     <span class='ocr_line' id='line_1_17' title="bbox 367 1394 2413 1481; baseline 0 -22"><span class='ocrx_word' id='word_1_91' title='bbox 367 1394 678 1478; x_wconf 76' lang='lat' dir='ltr'><strong>tudinem,</strong></span> <span class='ocrx_word' id='word_1_92' title='bbox 725 1395 840 1459; x_wconf 90' lang='lat' dir='ltr'><strong>sed</strong></span> <span class='ocrx_word' id='word_1_93' title='bbox 887 1394 1086 1459; x_wconf 92' lang='lat' dir='ltr'><strong>etiam</strong></span> <span class='ocrx_word' id='word_1_94' title='bbox 1133 1398 1404 1479; x_wconf 88' lang='lat' dir='ltr'><strong>propter</strong></span> <span class='ocrx_word' id='word_1_95' title='bbox 1439 1396 1890 1481; x_wconf 84' lang='lat' dir='ltr'><strong>turpissimam</strong></span> <span class='ocrx_word' id='word_1_96' title='bbox 1928 1396 2413 1461; x_wconf 87' lang='lat' dir='ltr'><strong>obscenitatem</strong></span> 
     </span>
     <span class='ocr_line' id='line_1_18' title="bbox 367 1483 2414 1570; baseline 0.001 -23"><span class='ocrx_word' id='word_1_97' title='bbox 367 1483 716 1547; x_wconf 86' lang='lat' dir='ltr'><strong>verborum</strong></span> <span class='ocrx_word' id='word_1_98' title='bbox 787 1484 1296 1568; x_wconf 87' lang='lat' dir='ltr'><strong>praetereundas</strong></span> <span class='ocrx_word' id='word_1_99' title='bbox 1367 1487 1549 1568; x_wconf 77' lang='lat' dir='ltr'><strong>puto,</strong></span> <span class='ocrx_word' id='word_1_100' title='bbox 1656 1483 1843 1548; x_wconf 86' lang='lat' dir='ltr'><strong>Dixit</strong></span> <span class='ocrx_word' id='word_1_101' title='bbox 1912 1484 2172 1570; x_wconf 88' lang='lat' dir='ltr'><strong>publice</strong></span> <span class='ocrx_word' id='word_1_102' title='bbox 2248 1484 2414 1549; x_wconf 87' lang='lat' dir='ltr'><strong>data</strong></span> 
     </span>
     <span class='ocr_line' id='line_1_19' title="bbox 369 1570 2497 1657; baseline 0.001 -22"><span class='ocrx_word' id='word_1_103' title='bbox 369 1570 825 1636; x_wconf 85' lang='lat' dir='ltr'><strong>drachmarum</strong></span> <span class='ocrx_word' id='word_1_104' title='bbox 875 1572 1057 1636; x_wconf 55' lang='lat' dir='ltr'><strong>cufi.</strong></span> <span class='ocrx_word' id='word_1_105' title='bbox 1120 1571 1311 1635; x_wconf 84' lang='lat' dir='ltr'><strong>Dixit</strong></span> <span class='ocrx_word' id='word_1_106' title='bbox 1355 1576 1635 1656; x_wconf 90' lang='lat' dir='ltr'><strong>tantum,</strong></span> <span class='ocrx_word' id='word_1_107' title='bbox 1679 1572 1848 1636; x_wconf 85' lang='lat' dir='ltr'><strong>nihil</strong></span> <span class='ocrx_word' id='word_1_108' title='bbox 1886 1571 2192 1657; x_wconf 86' lang='lat' dir='ltr'><strong>ostendit,</strong></span> <span class='ocrx_word' id='word_1_109' title='bbox 2236 1573 2411 1637; x_wconf 88' lang='lat' dir='ltr'><strong>nihil</strong></span> <span class='ocrx_word' id='word_1_110' title='bbox 2444 1588 2497 1629; x_wconf 82' lang='lat'><strong>1⁵</strong></span> 
     </span>
     <span class='ocr_line' id='line_1_20' title="bbox 367 1658 2411 1746; baseline 0 -22"><span class='ocrx_word' id='word_1_111' title='bbox 367 1660 676 1746; x_wconf 82' lang='lat' dir='ltr'><strong>protulit3</strong></span> <span class='ocrx_word' id='word_1_112' title='bbox 739 1658 854 1723; x_wconf 90' lang='lat' dir='ltr'><strong>sed</strong></span> <span class='ocrx_word' id='word_1_113' title='bbox 909 1660 1232 1743; x_wconf 89' lang='lat' dir='ltr'><strong>adiunxit,</strong></span> <span class='ocrx_word' id='word_1_114' title='bbox 1294 1660 1363 1723; x_wconf 92' lang='lat' dir='ltr'><strong>id</strong></span> <span class='ocrx_word' id='word_1_115' title='bbox 1418 1660 1590 1745; x_wconf 90' lang='lat' dir='ltr'><strong>quod</strong></span> <span class='ocrx_word' id='word_1_116' title='bbox 1644 1663 1843 1741; x_wconf 90' lang='lat' dir='ltr'><strong>certe,</strong></span> <span class='ocrx_word' id='word_1_117' title='bbox 1897 1661 2206 1746; x_wconf 87' lang='lat' dir='ltr'><strong>quoniam</strong></span> <span class='ocrx_word' id='word_1_118' title='bbox 2261 1666 2411 1725; x_wconf 88' lang='lat' dir='ltr'><strong>erat</strong></span> 
     </span>
     <span class='ocr_line' id='line_1_21' title="bbox 371 1748 2411 1833; baseline 0.001 -21"><span class='ocrx_word' id='word_1_119' title='bbox 371 1749 824 1831; x_wconf 88' lang='lat' dir='ltr'><strong>domesticum,</strong></span> <span class='ocrx_word' id='word_1_120' title='bbox 881 1748 1106 1813; x_wconf 90' lang='lat' dir='ltr'><strong>docere</strong></span> <span class='ocrx_word' id='word_1_121' title='bbox 1162 1748 1411 1832; x_wconf 89' lang='lat' dir='ltr'><strong>debuit,</strong></span> <span class='ocrx_word' id='word_1_122' title='bbox 1466 1770 1535 1813; x_wconf 91' lang='lat' dir='ltr'><strong>se</strong></span> <span class='ocrx_word' id='word_1_123' title='bbox 1591 1748 1901 1833; x_wconf 83' lang='lat' dir='ltr'><strong>privatim</strong></span> <span class='ocrx_word' id='word_1_124' title='bbox 1948 1749 2411 1814; x_wconf 82' lang='lat' dir='ltr'><strong>drachmarum</strong></span> 
     </span>
     <span class='ocr_line' id='line_1_22' title="bbox 370 1835 2411 1923; baseline 0 -22"><span class='ocrx_word' id='word_1_125' title='bbox 370 1839 530 1901; x_wconf 58' lang='lat' dir='ltr'><strong>ccvi</strong></span> <span class='ocrx_word' id='word_1_126' title='bbox 576 1835 846 1900; x_wconf 84' lang='lat' dir='ltr'><strong>dedisse.</strong></span> <span class='ocrx_word' id='word_1_127' title='bbox 938 1836 1268 1911; x_wconf 83' lang='lat' dir='ltr'><strong>Quantum</strong></span> <span class='ocrx_word' id='word_1_128' title='bbox 1316 1836 1444 1919; x_wconf 78' lang='lat' dir='ltr'><strong>sibi</strong></span> <span class='ocrx_word' id='word_1_129' title='bbox 1490 1837 1783 1901; x_wconf 89' lang='lat' dir='ltr'><strong>ablatum</strong></span> <span class='ocrx_word' id='word_1_130' title='bbox 1828 1836 2025 1903; x_wconf 89' lang='lat' dir='ltr'><strong>homo</strong></span> <span class='ocrx_word' id='word_1_131' title='bbox 2072 1837 2411 1923; x_wconf 89' lang='lat' dir='ltr'><strong>impuden-</strong></span> 
     </span>
     <span class='ocr_line' id='line_1_23' title="bbox 370 1923 2528 2074; baseline 0.001 -85"><span class='ocrx_word' id='word_1_132' title='bbox 370 1926 667 1991; x_wconf 90' lang='lat' dir='ltr'><strong>tissimus</strong></span> <span class='ocrx_word' id='word_1_133' title='bbox 715 1923 890 2009; x_wconf 90' lang='lat' dir='ltr'><strong>dicit,</strong></span> <span class='ocrx_word' id='word_1_134' title='bbox 935 1928 1194 1990; x_wconf 86' lang='lat' dir='ltr'><strong>tantum</strong></span> <span class='ocrx_word' id='word_1_135' title='bbox 1242 1949 1602 2010; x_wconf 89' lang='lat' dir='ltr'><strong>numquam</strong></span> <span class='ocrx_word' id='word_1_136' title='bbox 1649 1929 1749 1990; x_wconf 92' lang='lat' dir='ltr'><strong>est</strong></span> <span class='ocrx_word' id='word_1_137' title='bbox 1786 1948 1983 1992; x_wconf 89' lang='lat' dir='ltr'><strong>ausus</strong></span> <span class='ocrx_word' id='word_1_138' title='bbox 2019 1930 2095 1991; x_wconf 94' lang='lat' dir='ltr'><strong>ut</strong></span> <span class='ocrx_word' id='word_1_139' title='bbox 2129 1926 2411 1992; x_wconf 83' lang='lat' dir='ltr'><strong>haberet</strong></span> <span class='ocrx_word' id='word_1_140' title='bbox 2526 1979 2528 2074; x_wconf 59' lang='lat'><strong>⁴</strong></span> 
     </span>
     <span class='ocr_line' id='line_1_24' title="bbox 369 2011 2495 2188; baseline 0 -21"><span class='ocrx_word' id='word_1_141' title='bbox 369 2020 704 2167; x_wconf 49' lang='lat' dir='ltr'><strong>ssgffrighs.</strong></span> <span class='ocrx_word' id='word_1_142' title='bbox 720 2011 2100 2186; x_wconf 40' lang='lat' dir='ltr'><strong>AzossstngaffoSegffiitussenggfflffaetrgss</strong></span> <span class='ocrx_word' id='word_1_143' title='bbox 2145 2038 2409 2188; x_wconf 49' lang='lat'><strong>{2133</strong></span> <span class='ocrx_word' id='word_1_144' title='bbox 2440 2033 2495 2072; x_wconf 60' lang='lat'><strong>2⁰</strong></span> 
     </span>
     <span class='ocr_line' id='line_1_25' title="bbox 373 2191 2528 2280; baseline 0 -24"><span class='ocrx_word' id='word_1_145' title='bbox 373 2193 707 2256; x_wconf 87' lang='lat' dir='ltr'><strong>consortes</strong></span> <span class='ocrx_word' id='word_1_146' title='bbox 737 2193 892 2255; x_wconf 89' lang='lat' dir='ltr'><strong>sunt</strong></span> <span class='ocrx_word' id='word_1_147' title='bbox 921 2191 1380 2255; x_wconf 86' lang='lat' dir='ltr'><strong>mendicitatis.</strong></span> <span class='ocrx_word' id='word_1_148' title='bbox 1428 2191 1789 2256; x_wconf 83' lang='lat' dir='ltr'><strong>Audiamus</strong></span> <span class='ocrx_word' id='word_1_149' title='bbox 1808 2191 2014 2277; x_wconf 83' lang='lat' dir='ltr'><strong>igitur</strong></span> <span class='ocrx_word' id='word_1_150' title='bbox 2034 2191 2409 2277; x_wconf 84' lang='lat' dir='ltr'><strong>Sextilium3</strong></span> <span class='ocrx_word' id='word_1_151' title='bbox 2527 2247 2528 2280; x_wconf 27' lang='lat'>¹</span> 
     </span>
     <span class='ocr_line' id='line_1_26' title="bbox 371 2278 2409 2365; baseline 0.001 -22"><span class='ocrx_word' id='word_1_152' title='bbox 371 2279 605 2344; x_wconf 87' lang='lat' dir='ltr'><strong>fratres</strong></span> <span class='ocrx_word' id='word_1_153' title='bbox 646 2279 921 2362; x_wconf 91' lang='lat' dir='ltr'><strong>denique</strong></span> <span class='ocrx_word' id='word_1_154' title='bbox 960 2278 1090 2363; x_wconf 90' lang='lat' dir='ltr'><strong>ipsi</strong></span> <span class='ocrx_word' id='word_1_155' title='bbox 1124 2280 1470 2363; x_wconf 83' lang='lat' dir='ltr'><strong>prodeant3</strong></span> <span class='ocrx_word' id='word_1_156' title='bbox 1508 2301 1705 2364; x_wconf 86' lang='lat' dir='ltr'><strong>quam</strong></span> <span class='ocrx_word' id='word_1_157' title='bbox 1741 2280 1967 2345; x_wconf 83' lang='lat' dir='ltr'><strong>volent</strong></span> <span class='ocrx_word' id='word_1_158' title='bbox 1993 2280 2409 2365; x_wconf 87' lang='lat' dir='ltr'><strong>impudenter</strong></span> 
     </span>
     <span class='ocr_line' id='line_1_27' title="bbox 372 2367 2407 2452; baseline 0.001 -20"><span class='ocrx_word' id='word_1_159' title='bbox 372 2368 774 2432; x_wconf 88' lang='lat' dir='ltr'><strong>mentiantur</strong></span> <span class='ocrx_word' id='word_1_160' title='bbox 829 2371 921 2451; x_wconf 88' lang='lat' dir='ltr'><strong>et,</strong></span> <span class='ocrx_word' id='word_1_161' title='bbox 978 2369 1147 2451; x_wconf 93' lang='lat' dir='ltr'><strong>quod</strong></span> <span class='ocrx_word' id='word_1_162' title='bbox 1202 2389 1559 2452; x_wconf 87' lang='lat' dir='ltr'><strong>numquam</strong></span> <span class='ocrx_word' id='word_1_163' title='bbox 1604 2367 1981 2452; x_wconf 89' lang='lat' dir='ltr'><strong>habuerint,</strong></span> <span class='ocrx_word' id='word_1_164' title='bbox 2035 2369 2289 2434; x_wconf 89' lang='lat' dir='ltr'><strong>dedisse</strong></span> <span class='ocrx_word' id='word_1_165' title='bbox 2336 2391 2407 2434; x_wconf 91' lang='lat' dir='ltr'><strong>se</strong></span> 
     </span>
     <span class='ocr_line' id='line_1_28' title="bbox 375 2455 2485 2542; baseline 0.002 -23"><span class='ocrx_word' id='word_1_166' title='bbox 375 2456 621 2538; x_wconf 84' lang='lat' dir='ltr'><strong>dicant3</strong></span> <span class='ocrx_word' id='word_1_167' title='bbox 667 2458 892 2520; x_wconf 88' lang='lat' dir='ltr'><strong>tamen</strong></span> <span class='ocrx_word' id='word_1_168' title='bbox 939 2455 1188 2538; x_wconf 87' lang='lat' dir='ltr'><strong>aliquid</strong></span> <span class='ocrx_word' id='word_1_169' title='bbox 1231 2455 1513 2520; x_wconf 86' lang='lat' dir='ltr'><strong>fortasse</strong></span> <span class='ocrx_word' id='word_1_170' title='bbox 1561 2478 1781 2521; x_wconf 87' lang='lat' dir='ltr'><strong>coram</strong></span> <span class='ocrx_word' id='word_1_171' title='bbox 1826 2457 2124 2542; x_wconf 90' lang='lat' dir='ltr'><strong>producti</strong></span> <span class='ocrx_word' id='word_1_172' title='bbox 2171 2458 2408 2541; x_wconf 89' lang='lat' dir='ltr'><strong>dicent,</strong></span> <span class='ocrx_word' id='word_1_173' title='bbox 2436 2473 2485 2516; x_wconf 68' lang='lat'><strong>25</strong></span> 
     </span>
     <span class='ocr_line' id='line_1_29' title="bbox 372 2541 2407 2629; baseline 0.002 -23"><span class='ocrx_word' id='word_1_174' title='bbox 372 2544 442 2606; x_wconf 92' lang='lat' dir='ltr'><strong>in</strong></span> <span class='ocrx_word' id='word_1_175' title='bbox 498 2564 624 2626; x_wconf 93' lang='lat' dir='ltr'><strong>quo</strong></span> <span class='ocrx_word' id='word_1_176' title='bbox 671 2543 1245 2629; x_wconf 87' lang='lat' dir='ltr'><strong>reprehendantur.</strong></span> <span class='ocrx_word' id='word_1_177' title='bbox 1340 2541 1513 2609; x_wconf 79' lang='lat' dir='ltr'><strong>‘Non</strong></span> <span class='ocrx_word' id='word_1_178' title='bbox 1559 2543 1835 2629; x_wconf 82' lang='lat' dir='ltr'><strong>deduxi&#39;,</strong></span> <span class='ocrx_word' id='word_1_179' title='bbox 1880 2545 2119 2629; x_wconf 88' lang='lat' dir='ltr'><strong>inquit,</strong></span> <span class='ocrx_word' id='word_1_180' title='bbox 2175 2543 2407 2612; x_wconf 78' lang='lat' dir='ltr'><strong>‘Sexti-</strong></span> 
     </span>
     <span class='ocr_line' id='line_1_30' title="bbox 373 2627 2407 2716; baseline 0.003 -22"><span class='ocrx_word' id='word_1_181' title='bbox 373 2627 579 2695; x_wconf 90' lang='lat' dir='ltr'><strong>lium.’</strong></span> <span class='ocrx_word' id='word_1_182' title='bbox 648 2628 822 2695; x_wconf 85' lang='lat' dir='ltr'><strong>Cedo</strong></span> <span class='ocrx_word' id='word_1_183' title='bbox 861 2632 1143 2698; x_wconf 78' lang='lat' dir='ltr'><strong>tabulas,</strong></span> <span class='ocrx_word' id='word_1_184' title='bbox 1205 2630 1383 2696; x_wconf 78' lang='lat' dir='ltr'><strong>‘Non</strong></span> <span class='ocrx_word' id='word_1_185' title='bbox 1419 2631 1799 2716; x_wconf 67' lang='lat' dir='ltr'><strong>deportavi?</strong></span> <span class='ocrx_word' id='word_1_186' title='bbox 1863 2632 2126 2700; x_wconf 88' lang='lat' dir='ltr'><strong>Fratres</strong></span> <span class='ocrx_word' id='word_1_187' title='bbox 2166 2635 2407 2700; x_wconf 87' lang='lat' dir='ltr'><strong>saltem</strong></span> 
     </span>
     <span class='ocr_line' id='line_1_31' title="bbox 375 2716 2407 2807; baseline 0.002 -23"><span class='ocrx_word' id='word_1_188' title='bbox 375 2718 624 2784; x_wconf 87' lang='lat' dir='ltr'><strong>exhibe.</strong></span> <span class='ocrx_word' id='word_1_189' title='bbox 723 2716 898 2784; x_wconf 75' lang='lat' dir='ltr'><strong>‘Non</strong></span> <span class='ocrx_word' id='word_1_190' title='bbox 962 2717 1382 2786; x_wconf 65' lang='lat' dir='ltr'><strong>denuntiavi?</strong></span> <span class='ocrx_word' id='word_1_191' title='bbox 1485 2720 1669 2797; x_wconf 86' lang='lat' dir='ltr'><strong>Quod</strong></span> <span class='ocrx_word' id='word_1_192' title='bbox 1738 2743 1895 2807; x_wconf 87' lang='lat' dir='ltr'><strong>ergo</strong></span> <span class='ocrx_word' id='word_1_193' title='bbox 1961 2744 2126 2786; x_wconf 90' lang='lat' dir='ltr'><strong>unus</strong></span> <span class='ocrx_word' id='word_1_194' title='bbox 2182 2723 2407 2789; x_wconf 88' lang='lat' dir='ltr'><strong>Ascle-</strong></span> 
     </span>
     <span class='ocr_line' id='line_1_32' title="bbox 372 2804 2406 2894; baseline 0.004 -25"><span class='ocrx_word' id='word_1_195' title='bbox 372 2804 597 2893; x_wconf 89' lang='lat' dir='ltr'><strong>piades</strong></span> <span class='ocrx_word' id='word_1_196' title='bbox 642 2805 907 2871; x_wconf 89' lang='lat' dir='ltr'><strong>fortuna</strong></span> <span class='ocrx_word' id='word_1_197' title='bbox 954 2829 1178 2892; x_wconf 90' lang='lat' dir='ltr'><strong>egens,</strong></span> <span class='ocrx_word' id='word_1_198' title='bbox 1233 2810 1370 2874; x_wconf 86' lang='lat' dir='ltr'><strong>vita</strong></span> <span class='ocrx_word' id='word_1_199' title='bbox 1413 2810 1655 2894; x_wconf 86' lang='lat' dir='ltr'><strong>turpis,</strong></span> <span class='ocrx_word' id='word_1_200' title='bbox 1700 2810 2184 2876; x_wconf 87' lang='lat' dir='ltr'><strong>existimatione</strong></span> <span class='ocrx_word' id='word_1_201' title='bbox 2229 2811 2406 2877; x_wconf 88' lang='lat' dir='ltr'><strong>dam-</strong></span> 
     </span>
     <span class='ocr_line' id='line_1_33' title="bbox 371 2894 2481 2984; baseline 0.002 -24"><span class='ocrx_word' id='word_1_202' title='bbox 371 2898 568 2960; x_wconf 88' lang='lat' dir='ltr'><strong>natus</strong></span> <span class='ocrx_word' id='word_1_203' title='bbox 632 2894 1038 2981; x_wconf 89' lang='lat' dir='ltr'><strong>impudentia</strong></span> <span class='ocrx_word' id='word_1_204' title='bbox 1101 2901 1295 2981; x_wconf 88' lang='lat' dir='ltr'><strong>atque</strong></span> <span class='ocrx_word' id='word_1_205' title='bbox 1362 2898 1628 2962; x_wconf 89' lang='lat' dir='ltr'><strong>audacia</strong></span> <span class='ocrx_word' id='word_1_206' title='bbox 1682 2896 1890 2964; x_wconf 89' lang='lat' dir='ltr'><strong>fretus</strong></span> <span class='ocrx_word' id='word_1_207' title='bbox 1947 2899 2086 2964; x_wconf 92' lang='lat' dir='ltr'><strong>sine</strong></span> <span class='ocrx_word' id='word_1_208' title='bbox 2142 2901 2406 2984; x_wconf 82' lang='lat' dir='ltr'><strong>tabulis,</strong></span> <span class='ocrx_word' id='word_1_209' title='bbox 2431 2917 2481 2956; x_wconf 76' lang='lat'><strong>³⁰</strong></span> 
     </span>
     <span class='ocr_line' id='line_1_34' title="bbox 375 2983 2405 3071; baseline 0.002 -22"><span class='ocrx_word' id='word_1_210' title='bbox 375 2983 516 3049; x_wconf 89' lang='lat' dir='ltr'><strong>sine</strong></span> <span class='ocrx_word' id='word_1_211' title='bbox 546 2989 808 3048; x_wconf 90' lang='lat' dir='ltr'><strong>auctore</strong></span> <span class='ocrx_word' id='word_1_212' title='bbox 837 2983 1079 3067; x_wconf 86' lang='lat' dir='ltr'><strong>iecerit,</strong></span> <span class='ocrx_word' id='word_1_213' title='bbox 1106 2985 1173 3048; x_wconf 92' lang='lat' dir='ltr'><strong>id</strong></span> <span class='ocrx_word' id='word_1_214' title='bbox 1200 3007 1324 3050; x_wconf 93' lang='lat' dir='ltr'><strong>nos</strong></span> <span class='ocrx_word' id='word_1_215' title='bbox 1355 2988 1541 3071; x_wconf 92' lang='lat' dir='ltr'><strong>quasi</strong></span> <span class='ocrx_word' id='word_1_216' title='bbox 1562 2987 1805 3051; x_wconf 86' lang='lat' dir='ltr'><strong>crimen</strong></span> <span class='ocrx_word' id='word_1_217' title='bbox 1826 2991 1939 3052; x_wconf 89' lang='lat' dir='ltr'><strong>aut</strong></span> <span class='ocrx_word' id='word_1_218' title='bbox 1956 2987 2405 3054; x_wconf 89' lang='lat' dir='ltr'><strong>testimonium</strong></span> 
     </span>
    </p>
   </div>
   <div class='ocr_carea' id='block_1_6' title="bbox 2524 501 2526 1243">
    <p class='ocr_par' dir='ltr' id='par_1_7' title="bbox 2524 501 2526 1243">
     <span class='ocr_line' id='line_1_35' title="bbox 2524 501 2526 1243; baseline 0 0"><span class='ocrx_word' id='word_1_219' title='bbox 2524 501 2526 1243; x_wconf 95' lang='lat' dir='ltr'><strong> </strong></span> 
     </span>
    </p>
   </div>
   <div class='ocr_carea' id='block_1_7' title="bbox 261 3071 2404 3160">
    <p class='ocr_par' dir='ltr' id='par_1_8' title="bbox 261 3071 2404 3160">
     <span class='ocr_line' id='line_1_36' title="bbox 261 3071 2404 3160; baseline 0.002 -23"><span class='ocrx_word' id='word_1_220' title='bbox 261 3088 336 3139; x_wconf 83' lang='grc'><strong>36</strong></span> <span class='ocrx_word' id='word_1_221' title='bbox 374 3071 952 3157; x_wconf 79' lang='lat' dir='ltr'><strong>pertimescemus?</strong></span> <span class='ocrx_word' id='word_1_222' title='bbox 1059 3071 1240 3138; x_wconf 90' lang='lat' dir='ltr'><strong>Idem</strong></span> <span class='ocrx_word' id='word_1_223' title='bbox 1314 3073 1783 3158; x_wconf 89' lang='lat' dir='ltr'><strong>laudationem,</strong></span> <span class='ocrx_word' id='word_1_224' title='bbox 1858 3097 2052 3160; x_wconf 89' lang='lat' dir='ltr'><strong>quam</strong></span> <span class='ocrx_word' id='word_1_225' title='bbox 2123 3097 2249 3142; x_wconf 90' lang='lat' dir='ltr'><strong>nos</strong></span> <span class='ocrx_word' id='word_1_226' title='bbox 2324 3078 2404 3142; x_wconf 89' lang='lat' dir='ltr'><strong>ab</strong></span> 
     </span>
    </p>
   </div>
   <div class='ocr_carea' id='block_1_8' title="bbox 373 3159 2478 3604">
    <p class='ocr_par' dir='ltr' id='par_1_9' title="bbox 373 3159 2478 3604">
     <span class='ocr_line' id='line_1_37' title="bbox 375 3159 2405 3248; baseline 0.003 -24"><span class='ocrx_word' id='word_1_227' title='bbox 375 3160 894 3226; x_wconf 90' lang='lat' dir='ltr'><strong>Acmonensibus</strong></span> <span class='ocrx_word' id='word_1_228' title='bbox 921 3159 1155 3226; x_wconf 86' lang='lat' dir='ltr'><strong>Flacco</strong></span> <span class='ocrx_word' id='word_1_229' title='bbox 1196 3162 1417 3227; x_wconf 88' lang='lat' dir='ltr'><strong>datam</strong></span> <span class='ocrx_word' id='word_1_230' title='bbox 1445 3163 1954 3248; x_wconf 82' lang='lat' dir='ltr'><strong>proferebamus,</strong></span> <span class='ocrx_word' id='word_1_231' title='bbox 1989 3164 2227 3230; x_wconf 86' lang='lat' dir='ltr'><strong>falsam</strong></span> <span class='ocrx_word' id='word_1_232' title='bbox 2266 3187 2405 3231; x_wconf 91' lang='lat' dir='ltr'><strong>esse</strong></span> 
     </span>
     <span class='ocr_line' id='line_1_38' title="bbox 376 3247 2407 3339; baseline 0.003 -27"><span class='ocrx_word' id='word_1_233' title='bbox 376 3247 650 3313; x_wconf 90' lang='lat' dir='ltr'><strong>dicebat.</strong></span> <span class='ocrx_word' id='word_1_234' title='bbox 743 3247 940 3314; x_wconf 85' lang='lat' dir='ltr'><strong>Cuius</strong></span> <span class='ocrx_word' id='word_1_235' title='bbox 997 3248 1256 3334; x_wconf 90' lang='lat' dir='ltr'><strong>quidem</strong></span> <span class='ocrx_word' id='word_1_236' title='bbox 1302 3250 1696 3316; x_wconf 89' lang='lat' dir='ltr'><strong>laudationis</strong></span> <span class='ocrx_word' id='word_1_237' title='bbox 1742 3253 1994 3318; x_wconf 86' lang='lat' dir='ltr'><strong>iactura</strong></span> <span class='ocrx_word' id='word_1_238' title='bbox 2039 3254 2407 3339; x_wconf 87' lang='lat' dir='ltr'><strong>exoptanda</strong></span> 
     </span>
     <span class='ocr_line' id='line_1_39' title="bbox 373 3335 2478 3427; baseline 0.003 -27"><span class='ocrx_word' id='word_1_239' title='bbox 373 3336 565 3401; x_wconf 91' lang='lat' dir='ltr'><strong>nobis</strong></span> <span class='ocrx_word' id='word_1_240' title='bbox 611 3336 755 3402; x_wconf 90' lang='lat' dir='ltr'><strong>fuit.</strong></span> <span class='ocrx_word' id='word_1_241' title='bbox 845 3335 1039 3421; x_wconf 87' lang='lat' dir='ltr'><strong>Nam,</strong></span> <span class='ocrx_word' id='word_1_242' title='bbox 1084 3342 1160 3402; x_wconf 93' lang='lat' dir='ltr'><strong>ut</strong></span> <span class='ocrx_word' id='word_1_243' title='bbox 1207 3338 1466 3424; x_wconf 87' lang='lat' dir='ltr'><strong>signum</strong></span> <span class='ocrx_word' id='word_1_244' title='bbox 1512 3340 1847 3422; x_wconf 88' lang='lat' dir='ltr'><strong>publicum</strong></span> <span class='ocrx_word' id='word_1_245' title='bbox 1891 3341 2179 3424; x_wconf 88' lang='lat' dir='ltr'><strong>inspexit</strong></span> <span class='ocrx_word' id='word_1_246' title='bbox 2221 3364 2404 3427; x_wconf 88' lang='lat' dir='ltr'><strong>prae-</strong></span> <span class='ocrx_word' id='word_1_247' title='bbox 2430 3357 2478 3400; x_wconf 77' lang='lat'><strong>³5</strong></span> 
     </span>
     <span class='ocr_line' id='line_1_40' title="bbox 376 3423 2403 3512; baseline 0.004 -24"><span class='ocrx_word' id='word_1_248' title='bbox 376 3423 590 3488; x_wconf 90' lang='lat' dir='ltr'><strong>clarus</strong></span> <span class='ocrx_word' id='word_1_249' title='bbox 655 3425 779 3489; x_wconf 89' lang='lat' dir='ltr'><strong>iste</strong></span> <span class='ocrx_word' id='word_1_250' title='bbox 847 3431 1074 3491; x_wconf 83' lang='lat' dir='ltr'><strong>auctor</strong></span> <span class='ocrx_word' id='word_1_251' title='bbox 1139 3447 1294 3490; x_wconf 89' lang='lat' dir='ltr'><strong>suae</strong></span> <span class='ocrx_word' id='word_1_252' title='bbox 1360 3425 1673 3512; x_wconf 84' lang='lat' dir='ltr'><strong>civitatis,</strong></span> <span class='ocrx_word' id='word_1_253' title='bbox 1738 3429 1947 3495; x_wconf 90' lang='lat' dir='ltr'><strong>solere</strong></span> <span class='ocrx_word' id='word_1_254' title='bbox 2014 3451 2166 3495; x_wconf 89' lang='lat' dir='ltr'><strong>suos</strong></span> <span class='ocrx_word' id='word_1_255' title='bbox 2232 3430 2403 3496; x_wconf 83' lang='lat' dir='ltr'><strong>cives</strong></span> 
     </span>
     <span class='ocr_line' id='line_1_41' title="bbox 373 3511 2403 3604; baseline 0.004 -29"><span class='ocrx_word' id='word_1_256' title='bbox 373 3516 754 3598; x_wconf 87' lang='lat' dir='ltr'><strong>ceterosque</strong></span> <span class='ocrx_word' id='word_1_257' title='bbox 803 3511 1086 3579; x_wconf 80' lang='lat' dir='ltr'><strong>Graecos</strong></span> <span class='ocrx_word' id='word_1_258' title='bbox 1135 3535 1212 3577; x_wconf 92' lang='lat' dir='ltr'><strong>ex</strong></span> <span class='ocrx_word' id='word_1_259' title='bbox 1258 3518 1581 3600; x_wconf 88' lang='lat' dir='ltr'><strong>tempore,</strong></span> <span class='ocrx_word' id='word_1_260' title='bbox 1638 3516 1810 3602; x_wconf 90' lang='lat' dir='ltr'><strong>quod</strong></span> <span class='ocrx_word' id='word_1_261' title='bbox 1856 3539 2021 3603; x_wconf 86' lang='lat' dir='ltr'><strong>opus</strong></span> <span class='ocrx_word' id='word_1_262' title='bbox 2067 3518 2181 3604; x_wconf 91' lang='lat' dir='ltr'><strong>sit,</strong></span> <span class='ocrx_word' id='word_1_263' title='bbox 2236 3519 2403 3585; x_wconf 89' lang='lat' dir='ltr'><strong>obsi-</strong></span> 
     </span>
    </p>
   </div>
  </div>
 </body>
</html>
