2534 3875
205 1452 274 1502 34

207 2334 274 2386 35

313 152 399 217 86
722 152 820 207 DE
849 152 1153 207 IMPERIO
1183 150 1590 237 CN5POMPEI
1627 150 1922 208 ORATIO.

310 318 468 362 vero
503 294 827 382 ignoratis
863 298 1126 380 portum
1156 293 1423 381 Caietae
1462 292 1957 360 celeberrimum
1998 317 2072 362 ac
2109 295 2363 379 plenis-

313 386 552 450 simum
622 384 891 449 navium
965 384 1373 468 inspectante
1436 388 1737 466 praetore
1803 405 1844 448 a
1912 384 2363 467 praedonibus

313 494 458 539 esse
515 472 871 558 direptum,
926 493 1005 537 ex
1057 471 1313 536 Miseno
1364 475 1585 535 autem
1641 469 1785 535 eius
1832 470 2043 555 ipsius
2090 472 2363 557 liberos,

311 562 424 647 qui
482 582 629 626 cum
692 560 1129 645 praedonibus
1197 563 1391 624 antea
1448 559 1543 623 ibi
1606 559 1857 625 bellum
1924 564 2248 646 gesserat,
2312 584 2363 625 a

310 647 748 735 praedonibus
805 669 946 713 esse
1001 648 1346 712 sublatos?
1437 645 1613 711 Nam
1675 647 1830 732 quid
1878 669 2001 732 ego
2050 647 2359 715 Ostiense
2392 667 2435 707 ⁵

314 737 795 803 incommodum
840 740 1037 820 atque
1073 736 1260 800 illam
1298 735 1516 801 labem
1556 738 1751 819 atque
1788 736 2217 819 ignominiam
2254 738 2360 801 rei

313 826 613 910 publicae
699 846 965 910 querar,
1047 846 1193 889 cum
1279 846 1481 908 prope
1567 824 2087 909 inspectantibus
2162 825 2357 891 vobis

309 915 540 980 classis
588 935 682 996 ea,
719 912 823 978 cui
868 913 1097 978 consul
1136 912 1364 996 populi
1392 912 1671 977 Romani
1707 913 2119 998 praepositus
2159 918 2363 997 esset,

313 1026 352 1067 a
396 999 834 1086 praedonibus
882 1005 1077 1086 capta
1114 1005 1309 1085 atque
1357 1022 1670 1084 oppressa
1715 1001 1861 1066 est?
1952 1000 2081 1066 Pro
2130 1002 2196 1066 di
2231 1002 2358 1066 im-

311 1091 658 1156 mortales!
712 1092 1054 1153 tantamne
1113 1089 1304 1153 unius
1350 1088 1635 1153 hominis
1692 1088 2092 1155 incredibilis
2139 1112 2215 1157 ac
2260 1090 2359 1155 di·
2396 1109 2467 1149 10

311 1180 468 1243 vina
529 1178 740 1242 virtus
813 1181 951 1242 tam
1026 1177 1210 1241 brevi
1283 1182 1579 1262 tempore
1652 1178 1863 1242 lucem
1940 1177 2191 1243 adferre
2254 1178 2361 1243 rei

311 1267 613 1351 publicae
660 1264 896 1348 potuit,
941 1269 1018 1330 ut
1061 1287 1198 1349 voS,
1245 1265 1357 1349 qui
1395 1265 1589 1331 modo
1636 1269 1789 1330 ante
1827 1266 2071 1331 ostium
2100 1266 2360 1332 Tiberi-

311 1377 469 1420 num
515 1356 789 1419 classem
834 1354 1126 1418 hostium
1172 1353 1524 1437 videbatiS,
1569 1353 1619 1418 ii
1662 1375 1835 1419 nunc
1878 1354 2133 1419 nullam
2175 1354 2357 1421 intra

314 1442 554 1508 Oceani
612 1443 853 1507 ostium
899 1442 1303 1526 praedonum
1336 1463 1582 1513 ‚navem
1630 1462 1770 1507 esse
1818 1442 2142 1509 audiatis?
2233 1442 2357 1507 At-
2525 1520 2526 1523 Ἴ

314 1553 436 1615 que
481 1531 645 1597 haec
691 1553 821 1616 qua
865 1530 1198 1595 celeritate
1237 1539 1423 1615 gesta
1457 1531 1609 1611 sint,
1657 1552 2052 1615 quamquam
2088 1530 2359 1616 videtis,
2392 1550 2457 1591 15
2525 1546 2526 1553 ³

311 1624 534 1683 tamen
581 1642 621 1685 a
666 1640 772 1683 me
815 1619 887 1683 in
931 1618 1199 1684 dicendo
1246 1618 1720 1703 praetereunda
1767 1640 1901 1683 non
1948 1622 2117 1684 sunt.
2190 1618 2355 1695 Quis

312 1708 486 1773 enim
549 1728 862 1791 umquam
929 1711 1044 1772 aut
1108 1706 1389 1772 obeundi
1442 1706 1693 1791 negotii
1749 1710 1865 1771 aut
1916 1708 2359 1793 consequendi

314 1798 622 1880 quaestus
689 1796 905 1860 studio
970 1797 1111 1859 tam
1175 1795 1363 1859 brevi
1427 1799 1723 1880 tempore
1786 1797 1893 1861 tot
1956 1797 2100 1862 loca
2154 1796 2356 1879 adire,

311 1888 536 1950 tantos
575 1905 802 1949 cursus
839 1884 1152 1950 conficere
1189 1883 1423 1967 potuit,
1462 1906 1657 1969 quam
1694 1883 1992 1950 celeriter
2019 1883 2132 1950 Gn.
2162 1884 2358 1952 Pom-

310 1975 460 2056 peio
507 1973 665 2037 duce
711 1973 884 2037 tanti
929 1972 1086 2036 belli
1130 1971 1413 2054 impetus
1459 1973 1844 2058 navigavit?
1904 1972 2015 2057 qui
2060 1974 2355 2039 nondum
2387 1993 2451 2034 zo

312 2061 706 2147 tempestivo
766 2060 850 2126 ad
893 2059 1337 2145 navigandum
1383 2061 1553 2125 mari
1599 2059 1889 2126 Siciliam
1937 2061 2123 2144 adiit,
2177 2061 2356 2127 Afri·

313 2172 452 2214 cam
497 2149 891 2233 exploravit,
945 2149 1021 2213 'in
1068 2147 1436 2213 Sardiniam
1482 2171 1631 2214 cum
1676 2149 1884 2215 classe
1929 2149 2109 2214 venit
2154 2155 2355 2234 atque

311 2238 474 2303 haec
519 2239 651 2301 tria
683 2235 1119 2301 frumentaria
1155 2237 1445 2301 subsidia
1481 2237 1578 2301 rei
1615 2237 1917 2321 publicae
1953 2238 2355 2306 firmissimis

311 2325 656 2411 praesidiis
711 2325 1156 2408 classibusque
1204 2323 1498 2389 munivit.
1589 2325 1747 2390 Inde
1792 2347 1939 2391 cum
1986 2347 2055 2391 se
2099 2326 2167 2390 in
2216 2326 2355 2392 Ita-

313 2414 470 2479 liam
526 2413 904 2498 recepisset,
958 2413 1208 2477 duabus
1265 2412 1603 2498 Hispaniis
1664 2418 1733 2478 et
1778 2413 1998 2479 Gallia
2042 2413 2352 2480 Transal-
2383 2433 2444 2475 25

312 2502 470 2586 pina
514 2501 856 2586 praesidiis
907 2523 981 2566 ac
1026 2501 1303 2566 navibus
1350 2501 1761 2585 confirmata,
1807 2502 2025 2568 missis
2071 2503 2235 2568 item
2281 2504 2355 2568 in

315 2611 498 2654 oram
553 2588 798 2672 Illyrici
853 2589 1052 2654 maris
1109 2593 1178 2654 et
1231 2590 1303 2653 in
1348 2588 1669 2655 Achaiam
1716 2612 2103 2676 omnemque
2150 2590 2353 2657 Grae-

312 2679 484 2742 ciam
546 2677 826 2742 navibus
891 2677 1128 2742 Italiae
1193 2677 1320 2743 duo
1391 2678 1600 2742 maria
1665 2679 1967 2744 maximis
2030 2680 2354 2746 classibus

312 2765 835 2851 firmissimisque
910 2765 1249 2848 praesidiis
1321 2765 1692 2850 adornavit,
1762 2768 1903 2850 ipse
1976 2771 2197 2834 autem
2277 2772 2355 2833 ut

313 2851 664 2918 Brundisio
711 2852 1043 2939 profectus
1092 2857 1209 2937 est,
1247 2854 1960 2941 undequinquagesimo
1997 2855 2099 2920 die
2135 2859 2352 2922 totam
2380 2875 2440 2916 ao

315 2941 399 3005 ad
433 2939 780 3025 imperium
816 2941 1047 3026 populi
1083 2941 1362 3006 Romani
1400 2939 1696 3007 Ciliciam
1735 2943 2059 3027 adiunxit3
2106 2966 2354 3030 omnes,

316 3028 428 3113 qui
472 3029 714 3114 ubique
759 3029 1120 3113 praedones
1166 3030 1449 3114 fuerunt,
1494 3031 1739 3117 partim
1786 3031 1961 3117 capti
2000 3031 2354 3099 interfecti-

316 3139 441 3201 que
489 3122 669 3200 sunt,
713 3117 955 3202 partim
1005 3117 1196 3182 unius
1244 3118 1437 3184 huius
1476 3140 1545 3183 se
1591 3119 1865 3204 imperio
1915 3141 1991 3186 ac
2035 3121 2355 3205 potestati

317 3205 718 3270 dediderunt.
807 3204 990 3270 Idem
1037 3205 1479 3290 Cretensibus,
1526 3229 1671 3273 cum
1720 3208 1801 3272 ad
1848 3230 1997 3274 eum
2044 3230 2247 3294 usque
2284 3210 2353 3274 in

315 3293 775 3378 Pamphyliam
822 3294 1082 3380 legatos
1132 3295 1712 3380 deprecatoresque
1760 3296 2123 3379 misissent,
2169 3319 2352 3382 spem
2382 3315 2437 3356 ³5

317 3381 664 3448 deditionis
719 3404 852 3449 non
901 3383 1147 3448 ademit
1192 3384 1580 3469 obsidesque
1626 3385 1993 3469 imperavit.
2058 3384 2165 3450 Ita
2207 3390 2354 3450 tan-

316 3472 459 3534 tum
517 3472 790 3558 bellum,
847 3477 985 3536 tam
1034 3471 1440 3558 diuturnum,
1496 3478 1630 3538 tam
1678 3473 1873 3557 longe
1919 3473 2179 3558 lateque
2225 3473 2354 3540 dis-
