2534 3875
274 189 407 253 266
762 187 841 242 IN
880 189 943 242 L.
982 185 1386 243 CATILINAM
1425 185 1694 242 ORATIO
1733 185 1802 241 ΙΙ.

275 332 427 398 Non
464 332 635 398 enim
672 333 802 397 iam
841 335 995 397 sunt
1031 331 1384 396 mediocres
1420 331 1757 396 hominum
1793 331 2132 414 lubidines,
2168 353 2308 396 non

275 422 595 486 humanae
650 443 727 486 ac
780 419 1153 505 tolerandae
1212 419 1545 503 audaciae;
1599 419 1764 483 nihil
1819 419 2116 505 cogitant
2169 419 2305 484 nisi

276 510 563 592 caedem,
618 509 745 574 nisi
800 508 1123 592 incendia,
1177 507 1306 572 nisi
1363 508 1644 590 rapinaS.
1733 507 2138 573 Patrimonia
2183 529 2308 572 sua

274 598 734 684 profuderunt,
778 597 1075 661 fortunas
1122 617 1274 660 suas
1322 595 1802 680 obligaverunt3
1856 617 1961 661 res
2009 617 2120 661 eos
2163 596 2303 661 iam

272 686 524 770 pridem
545 685 847 769 deseruit,
873 684 1033 749 fides
1050 705 1257 769 nuper
1278 683 1546 748 deficere
1566 684 1806 768 coepit3
1835 684 2056 748 eadem
2077 690 2305 749 tamen
2331 705 2364 746 s

276 777 412 859 illa,
433 797 596 859 quae
624 777 766 838 erat
789 774 859 838 in
890 772 1304 862 abundantia,
1331 772 1552 837 lubido
1571 775 1927 858 permanet.
1965 772 2213 849 Quodsi
2230 773 2306 836 in

276 864 429 927 vino
478 867 545 926 et
582 863 727 930 alea
762 861 1252 926 comissationes
1291 861 1504 938 solum
1543 866 1610 924 et
1647 865 1862 926 scorta
1899 865 2303 945 quaererent,

278 955 498 1016 essent
525 951 626 1015 illi
658 949 916 1034 quidem
945 948 1346 1033 desperandi,
1386 948 1500 1013 sed
1525 951 1748 1014 tamen
1775 953 1992 1014 essent
2018 948 2302 1030 ferendi3

275 1040 400 1104 hoc
446 1060 596 1104 vero
646 1038 789 1122 quis
832 1037 999 1102 ferre
1039 1037 1264 1121 possit,
1309 1038 1553 1101 inertes
1589 1038 1886 1102 homines
1921 1037 2303 1102 fortissimis

278 1128 436 1193 viris
500 1126 823 1208 insidiari,
895 1125 1316 1190 stultissimos
1381 1125 1932 1210 prudentissimis,
2007 1125 2302 1191 ebriosos
2333 1148 2396 1187 ιο

280 1214 515 1281 sobriis
525 1265 543 1298 ,
599 1214 978 1279 dormientis
1024 1213 1497 1298 vigilantibus?
1545 1215 1656 1297 qui
1701 1214 1865 1278 mihi
1909 1215 2302 1279 accubantes

278 1304 349 1368 in
393 1303 703 1368 conviviis
749 1302 1045 1387 conplexi
1082 1301 1386 1368 mulieres
1422 1301 1760 1386 inpudicas
1797 1303 1948 1368 vino
1986 1303 2304 1389 languidi,

280 1391 556 1457 conferti
599 1391 773 1475 cibo,
820 1392 1009 1456 sertis
1055 1390 1369 1472 redimiti,
1413 1391 1762 1475 unguentis
1809 1391 2027 1475 obliti,
2074 1391 2303 1456 debili-

278 1480 407 1544 tati
452 1479 694 1564 stupris
733 1483 1033 1544 eructant
1068 1479 1473 1543 sermonibus
1511 1481 1646 1543 suis
1685 1479 1943 1544 caedem
1979 1480 2304 1544 bonorum

176 1583 239 1632 11
283 1571 476 1651 atque
528 1568 707 1632 urbis
761 1567 1074 1633 incendia.
1164 1565 1412 1640 Quibus
1459 1587 1580 1652 ego
1629 1567 1881 1632 confido
1928 1568 2304 1652 impendere
2333 1587 2393 1628 15

278 1657 489 1721 fatum
536 1656 814 1739 aliquod,
861 1660 927 1720 et
972 1676 1249 1740 poenam
1295 1655 1425 1719 iam
1466 1655 1574 1719 diu
1609 1655 2037 1740 improbitati,
2079 1656 2306 1741 nequi-

278 1745 437 1829 tiae,
492 1744 744 1827 sceleri,
804 1743 1062 1808 libidini
1117 1743 1407 1807 debitam
1461 1747 1576 1808 aut
1628 1744 1874 1808 instare
1929 1745 2061 1808 iam
2107 1745 2304 1829 plane

280 1837 395 1898 aut
457 1836 631 1897 certe
686 1832 1220 1917 adpropinquare.
1321 1829 1496 1906 Quos
1557 1833 1612 1895 si
1668 1831 1876 1896 meus'
1907 1832 2305 1915 consulatuS,

280 1921 585 2006 quoniam
614 1942 844 1985 sanare
870 1942 1004 1985 non
1030 1923 1267 2003 potest,
1305 1920 1662 2004 sustulerit,
1697 1943 1832 1985 non
1857 1919 2053 1986 breve
2079 1921 2302 1986 nescio

280 2010 451 2094 quod
496 2014 775 2093 tempus,
820 2008 934 2073 sed
978 2010 1185 2073 multa
1230 2010 1486 2073 saecula
1530 2010 1914 2095 propagarit
1958 2010 2053 2073 rei
2087 2009 2302 2094 publi·
2333 2030 2395 2070 so

280 2121 409 2163 cae.
518 2096 720 2162 Nulla
793 2101 893 2161 est
966 2097 1138 2161 enim
1204 2098 1388 2161 natio
1397 2146 1415 2180 ,
1490 2118 1685 2180 quam
1747 2098 2306 2183 pertimescamus,

278 2187 497 2251 nullus
542 2207 685 2267 rex,
741 2186 851 2271 qui
896 2186 1138 2249 bellum
1183 2187 1426 2270 populo
1471 2184 1769 2251 Romano
1813 2186 2026 2251 facere
2072 2186 2304 2271 possit.

225 2318 229 2322 -
280 2274 517 2339 Omnia
572 2278 723 2338 sunt
782 2278 1050 2338 externa
1100 2274 1291 2338 unius
1347 2274 1587 2339 virtute
1632 2278 1810 2338 terra
1853 2274 2145 2359 marique
2190 2296 2306 2360 pa·

279 2365 454 2446 cata3
510 2362 938 2427 domesticum
994 2362 1241 2426 bellum
1288 2367 1533 2446 manet,
1587 2362 1764 2426 intus
1812 2363 2082 2427 insidiae
2129 2366 2304 2446 sunt,

276 2452 453 2515 intus
498 2450 818 2515 inclusum
863 2450 1220 2535 periculum
1269 2453 1396 2533 est,
1449 2450 1625 2515 intus
1673 2454 1773 2515 est
1818 2450 2046 2516 hostis.
2138 2450 2305 2515 Cum
2333 2469 2388 2510 25

278 2539 537 2603 luxuria
588 2538 806 2622 nobis,
866 2561 1010 2603 cum
1068 2538 1381 2621 amentia,
1435 2560 1582 2603 cum
1638 2540 1874 2604 scelere
1921 2539 2304 2604 certandum

280 2630 399 2690 est.
499 2624 671 2691 Huic
724 2647 847 2711 ego
900 2648 1003 2690 me
1057 2626 1233 2690 bello
1293 2626 1517 2690 ducem
1577 2628 1915 2712 profiteor,
1984 2625 2302 2712 Quirites3

280 2714 563 2798 suscipio
608 2714 983 2779 inimicitias
1029 2714 1364 2778 hominum
1401 2714 1831 2799 perditorum3
1879 2738 2044 2799 quae
2082 2717 2306 2781 sanari

278 2805 614 2886 poterunt,
668 2823 1067 2886 quacumque
1112 2803 1365 2867 ratione
1413 2804 1684 2883 sanab0,
1745 2826 1907 2888 quae
1951 2804 2307 2869 resecanda

280 2894 487 2971 erunt,
514 2912 645 2954 non
671 2890 889 2974 patiar
916 2892 996 2955 ad
1023 2891 1375 2974 perniciem
1403 2891 1686 2956 civitatis
1709 2914 1985 2957 manere.
2020 2892 2304 2958 Proinde
2333 2910 2390 2951 80

280 2982 395 3043 aut
432 2982 663 3042 exeant
702 2982 814 3042 aut
853 2978 1186 3062 quiescant
1222 2982 1353 3062 aut,
1395 2980 1452 3043 si
1490 2984 1556 3043 et
1597 2981 1666 3043 in
1701 2980 1860 3045 urbe
1891 2985 1955 3045 et
1981 2980 2052 3044 in
2079 2981 2306 3051 eadem

281 3071 495 3130 mente
540 3072 948 3151 permanent,
994 3088 1087 3149 ea,
1132 3089 1299 3151 quae
1345 3071 1689 3152 merentur,
1733 3073 2090 3153 expectent.

174 3132 242 3257 1⁶23
414 3154 507 3219 At
554 3155 751 3219 etiam
800 3160 971 3235 sunt,
1017 3155 1127 3239 qui
1172 3156 1407 3238 dicant,
1455 3154 1756 3241 Quirites,
1802 3180 1841 3221 a
1887 3178 1990 3221 me
2028 3158 2307 3223 eiectum

280 3244 349 3306 in
404 3243 669 3307 exilium
728 3264 868 3309 esse
916 3242 1286 3309 Catilinam.
1378 3243 1563 3319 Quod
1609 3265 1731 3330 ego
1780 3245 1837 3309 si
1881 3246 2079 3310 verbo
2129 3247 2309 3311 adse-

280 3330 392 3413 qui
444 3352 731 3415 possem,
795 3332 958 3396 istos
1017 3332 1197 3416 ipsos
1252 3332 1551 3414 eicerem,
1608 3335 1716 3418 qui
1771 3334 1933 3399 haec
1987 3336 2307 3400 locuntur.
2335 3351 2390 3392 ³5

276 3416 494 3482 Homo
551 3420 722 3483 enim
772 3419 1073 3484 videlicet
1125 3420 1392 3485 timidus
1449 3424 1562 3486 aut
1611 3422 1808 3485 etiam
1853 3423 2310 3506 permodestus

279 3526 501 3571 vocem
556 3507 839 3572 consulis
892 3509 1063 3572 ferre
1114 3531 1249 3574 non
1303 3509 1547 3594 potuit3
1603 3510 1798 3575 simul
1854 3513 2048 3594 atque
2095 3511 2192 3576 ire
2238 3513 2314 3576 in
