2534 3875
787 135 940 194 CAP.
970 143 1181 193 31—33
1221 143 1252 204 ξ
1293 143 1520 194 82—87.
2035 138 2168 203 489

143 302 366 347 versus
414 284 678 346 senatus
728 282 933 346 multo
980 285 1153 365 ante,
1200 303 1395 366 quam
1445 285 1544 345 est
1589 282 1728 347 lata
1772 283 1876 348 lex
1924 282 2000 348 de
2047 305 2171 366 me,

153 369 479 456 ‘gratias
528 369 899 455 agendas'
947 369 1199 435 censuit
1248 369 1752 434 ‘civitatibus
1798 370 1924 453 iis,
1973 392 2170 455 quae

143 459 229 522 M.
258 457 633 523 Tullium'
678 494 755 504 --
798 458 1183 522 tantumne?
1222 457 1426 523 immo
1466 459 1692 524 etiam:
1731 457 2004 523 ‘civem
2044 481 2171 544 op-

144 546 328 611 time
376 547 463 610 de
517 567 596 610 re
640 547 955 629 publica
1002 546 1392 628 meritum,
1447 545 1989 631 recepissent.'
2080 547 2172 612 Et
2237 544 2243 551 ’

5 639 7 654 “
92 653 115 693 ε,
144 639 217 699 111
290 655 456 698 unus
528 634 799 719 pestifer
872 634 1030 701 civis
1104 655 1251 698 eum
1315 634 1695 699 restitutum
1758 655 1962 719 negas
2029 656 2170 700 esse

144 723 376 805 civem,
452 743 642 806 quem
718 722 993 788 eiectum
1056 722 1392 788 universus
1459 725 1721 787 senatus
1783 744 1917 787 non
1979 723 2171 788 modo

143 811 367 912 civem,
404 811 517 875 sed
554 811 753 875 etiam
792 812 1127 896 egregium
1165 811 1372 876 civem
1410 832 1664 895 semper
1700 811 2004 895 putavit?
2081 811 2173 875 At

143 921 323 983 ver0,
378 905 453 964 ut
498 898 764 963 annales
810 899 1040 984 populi
1084 898 1363 964 Romani
1411 903 1478 964 et
1523 903 1947 966 monumenta
1993 903 2171 964 vetu-

146 988 336 1052 statis
409 989 735 1072 locuntur,
806 985 1023 1052 Kaeso
1086 988 1201 1051 ille
1256 987 1600 1064 Quinctius
1666 991 1733 1052 et
1794 987 1880 1052 M.
1935 987 2172 1052 Furius

66 1096 117 1136 10
145 1075 462 1141 Camillus
528 1079 594 1140 et
649 1074 718 1141 O.
764 1073 1078 1141 Servilius
1132 1075 1376 1160 Ahala,
1439 1098 1587 1141 cum
1651 1079 1871 1141 essent
1927 1077 2172 1159 optime

145 1165 221 1230 de
277 1185 347 1229 re
401 1164 665 1247 publica
722 1164 965 1248 meriti,
1018 1168 1241 1229 tamen
1274 1164 1523 1248 populi
1565 1165 1823 1229 incitati
1868 1165 2001 1229 vim
2047 1165 2172 1229 ira-

144 1253 570 1336 cundiamque
610 1253 965 1335 subierunt,
1013 1252 1430 1337 damnatique
1470 1253 1750 1318 comitiis
1788 1252 2170 1318 centuriatis

146 1364 291 1407 cum
338 1342 408 1405 in
455 1341 719 1406 exilium
762 1341 1227 1426 profugissent,
1271 1362 1496 1406 rursus
1544 1341 1627 1405 ab
1667 1341 1893 1406 eodem
1930 1343 2172 1427 populo

144 1430 403 1515 placato
462 1432 615 1494 sunt
668 1429 736 1494 in
794 1452 979 1494 suam
1033 1429 1382 1514 pristinam
1430 1429 1818 1514 dignitatem
1864 1431 2173 1496 restituti.

68 1537 117 1578 15
146 1517 391 1593 Quodsi
427 1518 531 1582 his
571 1517 893 1582 damnatis
929 1539 1063 1582 non
1099 1518 1292 1582 modo
1331 1539 1462 1582 11011
1499 1517 1804 1582 inminuit
1833 1517 2172 1582 calamitas

23 1606 27 1610 ’
144 1607 487 1672 clarissimi
526 1605 810 1671 nominis
849 1607 1149 1692 gloriam,
1190 1606 1302 1670 sed
1343 1606 1541 1670 etiam
1567 1606 1945 1671 honestavit
1973 1605 2173 1689 (nam,

146 1695 269 1759 etsi
297 1695 681 1796 optabilius
730 1697 830 1758 est
876 1715 1136 1759 cursum
1182 1693 1358 1759 vitae
1404 1694 1716 1759 conficere
1765 1694 1902 1757 sine
1951 1693 2174 1758 dolore

146 1787 211 1847 et
259 1783 396 1848 sine
443 1783 697 1864 iniuria,
743 1786 965 1847 tamen
1012 1782 1091 1846 ad
1130 1782 1700 1846 immortalitatem
1738 1781 1986 1867 gloriae
2024 1783 2174 1884 plus

147 1871 359 1937 adfert
413 1872 850 1937 desideratum
908 1892 1048 1935 esse
1096 1893 1135 1934 a
1182 1871 1318 1935 suis
1366 1871 1616 1937 civibus
1664 1892 1862 1955 quam
1909 1871 2173 1935 omnino

68 1980 119 2020 20
145 1983 499 2044 numquam
537 1982 677 2026 esse
718 1959 1085 2045 violatum),
1132 1960 1294 2024 mihi
1331 1960 1471 2024 sine
1511 1960 1644 2024 ullo
1682 1959 1920 2024 iudicio
1948 1960 2176 2044 populi

147 2048 468 2134 profectO,
533 2072 678 2114 011111
743 2049 1167 2150 amplissimis
1220 2049 1508 2113 omnium
1561 2048 1815 2113 iudiciis
1871 2048 2175 2111 restituto

148 2100 476 2201 maledieti
511 2138 725 2201 locum
768 2141 882 2201 aut
919 2136 1206 2202 criminis
1245 2136 1612 2221 optinebit?
1677 2136 1892 2200 Fortis
1923 2140 1990 2200 et
2018 2157 2176 2201 con·

148 2228 329 2289 stans
375 2224 445 2287 in
489 2225 741 2310 optima
784 2226 1037 2291 ratione
1084 2226 1241 2291 civis
1289 2226 1359 2289 P.
1386 2224 1680 2309 Popilius
1729 2246 1982 2308 semper
2019 2224 2175 2308 fuit3

146 2318 370 2377 tamen
433 2312 569 2377 eius
629 2315 700 2377 in
756 2314 933 2378 omni
987 2314 1125 2378 vita
1178 2313 1344 2378 nihil
1403 2317 1504 2377 est
1559 2313 1640 2377 ad
1697 2312 1953 2377 laudem
2010 2314 2174 2377 inlu-

68 2421 117 2461 25
148 2401 348 2465 strius
406 2423 599 2486 quam
650 2402 993 2476 ,calamitas
1053 2403 1215 2485 ipsa.
1318 2400 1474 2476 Quis
1535 2401 1707 2465 enim
1761 2403 1894 2466 iam
1951 2402 2176 2466 memi-

147 2490 353 2554 nisset
409 2512 557 2554 eum
614 2490 773 2553 bene
831 2490 907 2554 de
960 2512 1029 2555 re
1091 2489 1358 2574 publica
1413 2490 1748 2573 meritum,
1802 2489 1931 2553 nisi
1978 2495 2044 2555 et
2090 2490 2174 2555 ab

145 2577 463 2662 improbis
520 2578 825 2662 expulsus
872 2583 1044 2643 esset
1090 2582 1156 2642 et
1199 2599 1318 2662 per
1364 2578 1571 2643 bonos
1618 2577 2007 2643 restitutus?
2099 2579 2173 2655 Q.

146 2665 399 2731 Metelli
446 2667 852 2751 praeclarum
898 2667 1243 2750 imperium
1281 2666 1351 2730 111
1388 2688 1456 2730 10
1494 2666 1766 2731 militari
1800 2666 1947 2750 fuit,
1995 2689 2174 2753 egre-

149 2756 259 2840 gia
313 2777 603 2839 censura,
648 2754 859 2820 omnis
897 2756 1034 2820 vita
1068 2754 1263 2839 plena
1301 2754 1674 2838 gravitatis3
1722 2759 1944 2820 tamen
1980 2755 2172 2820 huius

68 2861 120 2901 30
148 2843 275 2907 viri
310 2844 568 2909 laudem
604 2842 687 2908 ad
724 2844 1188 2927 sempiternam
1228 2843 1608 2908 memoriam
1647 2844 1962 2927 temporis
2002 2845 2167 2908 0010-

2210 832 2278 882 86

2214 2155 2280 2205 87

148 2931 343 2995 mitas
390 2932 801 3017 propagavit.
894 2930 1139 3007 Quodsi
1186 2933 1306 3012 [et]
1353 2930 1518 3015 illis,
1564 2932 1674 3015 qui
1721 2932 1976 3017 expulsi
2021 2936 2174 2996 sunt
2195 2932 2280 2997 33

147 3019 387 3103 inique,
434 3021 545 3085 sed
590 3024 811 3085 tamen
856 3020 1141 3104 legibue,
1194 3020 1445 3085 reducti
1489 3020 1768 3085 inimicis
1815 3019 2174 3085 interfectis

146 3107 597 3191 rogationibus
644 3108 1037 3191 tribuniciis,
1083 3130 1216 3173 non
1267 3110 1658 3174 auctoritate
1707 3111 1999 3190 senatus,
2043 3129 2176 3171 non

147 3195 429 3261 comitiis
467 3198 864 3281 centuriatiS,
908 3218 1041 3261 11011
1079 3197 1350 3262 decretis
1388 3197 1640 3279 Italiae,
1685 3217 1818 3260 non
1857 3195 2174 3260 desiderio

66 3301 118 3342 35
147 3284 459 3367 civitatis,
511 3284 749 3352 iniuria
800 3285 1206 3351 inimicorum
1267 3286 1508 3372 probro
1556 3306 1688 3349 non
1732 3283 1885 3367 fuit,
1940 3283 2010 3347 in
2055 3306 2176 3365 me,

147 3374 259 3457 qui
307 3374 634 3457 profectus
682 3395 827 3439 sum
872 3375 1145 3459 integer,
1192 3374 1328 3439 afui
1375 3373 1571 3439 simul
1609 3394 1755 3437 cum
1791 3394 1861 3435 re
1897 3371 2176 3456 publica,

145 3462 309 3526 redii
354 3484 501 3527 cum
550 3464 832 3529 maxima
878 3462 1196 3550 dignitate
1244 3469 1300 3529 te
1345 3463 1512 3544 viv0,
1557 3460 1764 3525 fratre
1811 3465 1928 3525 tuo
1967 3460 2174 3527 altero
