2534 3875
860 175 1033 241 CAP..
1052 182 1265 232 37-39
1305 183 1336 244 ς,
1373 182 1601 233 80-85.
2086 177 2220 244 335

312 321 726 406 Quamquam
789 321 1058 388 huiusce
1122 321 1219 387 rei
1281 325 1580 406 potestas
1635 323 1850 388 omnis
1903 323 1976 388 in
2027 324 2216 390 vobis
2237 325 2321 391 39

177 412 310 476 sita
346 415 467 495 est,
503 411 775 495 iudices;
813 414 1025 476 totam
1060 431 1197 475 rem
1233 409 1563 494 publicam
1600 431 1719 476 vos
1754 409 1826 475 in
1860 411 1986 477 hac
2021 433 2220 478 causa

176 499 416 564 tenetis
431 549 451 583 ,
494 521 615 565 vos
660 499 1059 584 gubernatis.
1151 497 1221 563 Si
1263 497 1337 563 L.
1384 496 1668 564 Catilina
1713 521 1861 564 cum
1907 520 2026 565 suo
2074 521 2216 565 con-

178 587 323 654 silio
367 586 771 653 nefariorum
815 586 1175 670 hominum,
1223 607 1387 670 quos
1436 608 1655 652 secum
1691 586 1932 672 eduxit,
1976 588 2101 653 hac
2135 588 2216 653 de

0 720 1 723 η
106 694 145 736 5
176 697 250 741 re
293 679 523 761 posset
564 675 868 758 iudicare,
914 675 1374 740 condemnaret
1417 674 1492 741 L.
1518 674 1877 759 Murenam,
1924 676 1982 740 si
2016 675 2215 741 inter·

174 764 365 830 ficere
423 767 679 848 posset,
732 763 1071 830 occideret.
1161 763 1406 827 Petunt
1461 762 1637 828 enim
1681 765 1969 829 rationes
2014 763 2215 849 illius,

174 856 254 917 ut
319 853 589 917 orbetur
651 852 895 917 auxilio
954 873 1059 917 res
1112 851 1405 936 publica,
1467 856 1544 917 ut
1596 851 1928 918 minuatur
1983 858 2215 918 contra

177 963 367 1006 suum
420 940 713 1006 furorem
769 940 1242 1025 imperatorum
1288 941 1505 1024 copia,
1558 945 1634 1006 ut
1679 940 1888 1006 maior
1931 940 2214 1006 facultas

175 1029 462 1095 tribunis
516 1029 729 1115 plebis
776 1028 965 1094 detur
1012 1028 1282 1114 depulso
1331 1028 1704 1094 adversario
1751 1028 2090 1094 seditionis
2138 1051 2214 1095 ac

78 1136 145 1175 ιο
176 1117 539 1183 discordiae
584 1117 1026 1183 concitandae.
1116 1115 1381 1182 Idemne
1426 1117 1632 1202 igitur
1677 1117 1913 1183 delecti
1958 1139 2036 1182 ex
2081 1139 2214 1183 am·

172 1205 495 1292 plissimis
560 1205 897 1270 ordinibus
960 1204 1415 1271 honestissimi
1477 1209 1674 1290 atque
1739 1206 2214 1291 sapientissimi

175 1294 302 1360 viri
356 1293 740 1359 iudicabunt
749 1344 767 1376 ,
831 1293 999 1378 quod
1056 1294 1168 1358 ille
1224 1293 1826 1376 importunissimus
1883 1294 2214 1381 gladiator

172 1381 388 1448 hostis
436 1382 532 1447 rei
567 1382 866 1467 publicae
902 1381 1260 1447 iudicaret?>
1325 1379 1491 1445 Mihi
1528 1382 1790 1463 credite,
1835 1381 2096 1467 iudices,
2139 1383 2211 1448 in
2247 1399 2319 1450 84
2373 1449 2378 1452 .

172 1469 299 1536 hac
340 1492 543 1536 causa
584 1492 720 1536 non
763 1470 978 1536 solum
1025 1469 1104 1535 de
1148 1468 1221 1535 L.
1249 1467 1577 1554 Murenae,
1621 1491 1849 1535 verum
1886 1471 2086 1536 etiam
2133 1472 2212 1537 de

80 1575 146 1617 15
176 1563 399 1625 vestra
455 1559 671 1624 salute
716 1559 1110 1624 sententiam
1153 1557 1397 1623 feretis.
1488 1556 1567 1622 In
1612 1557 1959 1623 discrimen
2004 1563 2211 1624 extre-

175 1670 356 1713 mum
401 1647 730 1730 venimus3
773 1646 941 1712 nihil
986 1651 1088 1712 est
1133 1646 1285 1728 iam,
1329 1646 1500 1710 unde
1535 1668 1656 1711 nos
1693 1645 2060 1712 reficiamus
2098 1653 2214 1713 aut

174 1736 287 1800 ubi
333 1735 507 1820 lapsi
550 1737 955 1802 resistamus,
1025 1734 1178 1801 Non
1224 1735 1439 1799 solum
1484 1733 1835 1800 minuenda
1877 1755 2012 1799 non
2057 1739 2211 1800 sunt

174 1824 438 1907 auxilia,
486 1845 653 1908 quae
697 1824 1033 1906 habemus,
1080 1823 1191 1888 sed
1239 1823 1440 1888 etiam
1477 1844 1664 1908 nova,
1711 1823 1767 1887 si
1802 1823 1945 1887 fieri
1979 1823 2209 1908 possit,

173 1911 631 1999 comparanda.
685 1912 916 1979 Hostis
954 1915 1056 1977 est
1092 1911 1265 1978 enim
1301 1932 1436 1977 non
1462 1911 1634 1998 apud
1663 1911 2000 1995 Anienem,
2037 1912 2210 1997 quod

83 2020 145 2060 20
172 2002 352 2067 bello
400 2000 643 2067 Punico
700 2002 1161 2087 gravissimum
1219 2002 1433 2066 visum
1481 2006 1610 2085 est,
1665 2001 1778 2066 sed
1821 2002 1892 2064 in
1935 2000 2096 2065 urbe
2139 2000 2211 2065 in

171 2091 319 2155 foro
367 2090 463 2173 (di
499 2090 928 2155 immortales!
978 2090 1115 2154 sine
1153 2090 1404 2176 gemitu
1439 2090 1564 2155 hoc
1602 2089 1728 2155 dici
1763 2111 1896 2154 non
1930 2087 2211 2175 potest);

173 2201 308 2246 non
352 2199 546 2245 nemo
594 2179 793 2243 etiam
839 2178 908 2243 in
952 2178 1069 2242 illo
1116 2178 1400 2243 sacrario
1446 2180 1541 2243 rei
1577 2177 1897 2262 publicae,
1942 2177 2012 2242 in
2046 2177 2210 2262 ipsa,

173 2267 473 2352 inquam,
537 2268 719 2333 curia
770 2288 903 2332 non
955 2288 1147 2331 nemo
1201 2265 1414 2331 hostis
1470 2270 1589 2331 est.
1688 2265 1776 2331 Di
1832 2265 2072 2349 faxint,
2133 2268 2210 2331 ut

174 2376 357 2420 meus
406 2354 686 2441 collega,
730 2355 832 2420 vir
876 2354 1302 2433 fortissimus,
1347 2356 1473 2420 hoc
1520 2353 1845 2419 Catilinae
1889 2354 2210 2419 nefarium

86 2462 147 2502 κε,
174 2443 594 2509 latrocinium
678 2446 969 2508 armatus
1045 2442 1401 2529 opprimat!
1484 2462 1607 2527 ego
1679 2446 1949 2528 togatus
2019 2441 2209 2507 vobis

174 2532 494 2615 bonisque
560 2533 860 2597 omnibus
918 2531 1322 2597 adiutoribus
1377 2531 1529 2615 hoc,
1594 2532 1766 2616 quod
1823 2534 2209 2614 conceptum

174 2641 282 2685 res
338 2620 602 2706 publica
654 2620 1013 2704 periculum
1066 2621 1377 2705 parturit,
1430 2620 1703 2684 consilio
1750 2619 2098 2685 discutiam
2143 2626 2210 2684 et

175 2708 622 2791 comprimam.
696 2707 821 2773 Sed
868 2708 1023 2793 quid
1067 2708 1334 2773 tandem
1378 2708 1512 2792 fiet,
1557 2708 1616 2773 si
1659 2708 1822 2772 haec
1867 2710 2092 2794 elapsa
2129 2708 2207 2773 de
2245 2724 2313 2775 85

174 2797 482 2861 manibus
511 2796 757 2862 nostris
784 2797 855 2862 in
882 2819 1031 2861 eum
1060 2817 1322 2881 annum,
1360 2796 1471 2883 qui
1499 2796 1931 2881 consequitur,
1977 2797 2206 2861 redun-

88 2904 149 2944 so
174 2885 439 2950 darint?
512 2883 696 2949 Unus
744 2886 870 2949 erit
904 2884 1153 2968 consul,
1198 2888 1264 2949 et
1299 2884 1358 2949 is
1403 2906 1536 2949 non
1578 2884 1650 2950 in
1693 2884 2238 2950 administrando·

173 2974 370 3057 bello,
417 2972 530 3037 sed
573 2974 645 3038 in
690 2973 1068 3038 sufficiendo
1114 2974 1373 3059 collega
1419 2977 1788 3058 occupatus.
1836 2972 2039 3039 ¹Hunc
2073 2973 2206 3037 iam

175 3063 289 3145 qui
333 3061 712 3145 impedituri
757 3064 892 3127 sint
927 3058 1049 3103 *²⁸²*
1084 3061 1205 3125 illa
1240 3061 1447 3145 pestis
1483 3060 1788 3126 immanis
1833 3062 2208 3146 importuna

174 3148 503 3215 Catilinae
520 3153 920 3234 prorumpet,
940 3171 1069 3234 qua
1087 3170 1173 3235 po
1196 3146 1320 3191 ΨΒ*
1340 3151 1653 3233 minatur;
1679 3151 1749 3215 in
1766 3170 1960 3234 agros
1981 3149 2208 3214 subur·

172 3240 388 3302 banos
443 3242 711 3321 repente
768 3237 1129 3321 advolabit3
1182 3238 1554 3303 versabitur
1605 3238 1678 3303 in
1723 3236 1958 3303 rostris
2003 3237 2207 3320 furor,

91 3340 149 3383 5⁵
176 3327 249 3390 in
293 3326 474 3394 curia
518 3326 735 3409 timor,
778 3326 849 3390 in
885 3326 1029 3390 foro
1066 3326 1449 3409 coniuratio,
1493 3327 1563 3391 in
1599 3346 1831 3411 campo
1869 3325 2207 3409 exercitus,

174 3414 248 3479 in
292 3414 470 3499 agris
516 3416 825 3497 vastitas3
870 3414 1050 3478 omni
1097 3418 1317 3480 autem
1361 3414 1432 3479 in
1477 3413 1628 3479 sede
1665 3437 1742 3480 ac
1779 3415 1922 3480 loco
1960 3415 2207 3479 ferrum

172 3502 636 3587 flammamque
690 3507 1079 3588 metuemus;
1143 3523 1310 3586 quae
1361 3503 1493 3567 iam
1552 3502 1663 3568 diu
1719 3506 2208 3589 comparantur3
