2534 3875
386 151 514 214 132
911 150 1052 205 PRO
1091 150 1157 204 A.
1197 148 1556 204 CLUENTIO
1596 147 1883 204 ORATIO.

383 292 739 359 Cluentius,
821 293 1002 359 Haec
1049 299 1268 359 autem
1316 316 1421 358 res
1467 294 1670 358 habet
1714 293 1839 357 hoc
1886 297 2088 378 certe,
2133 297 2207 358 ut
2250 294 2427 359 nihil

379 383 593 467 possit
638 404 847 466 neque
895 382 1186 447 additum
1232 404 1441 466 neque
1481 382 1848 446 detractum
1884 382 1963 445 de
2000 404 2071 447 re
2106 380 2426 447 familiari

381 472 604 535 latere.
677 470 858 535 Anni
903 475 1057 535 sunt
1101 474 1271 553 octo,
1315 491 1463 534 cum
1510 470 1642 533 ista
1688 490 1887 534 causa
1931 469 2002 533 in
2046 469 2179 534 ista
2223 470 2424 534 medi-
2512 470 2514 483 *

379 559 630 623 tatione
676 563 1003 641 versatur,
1059 580 1207 624 cum
1255 558 1502 642 omnia,
1558 578 1723 640 quae
1771 556 1855 621 ad
1902 579 2047 621 eam
2092 580 2231 622 rem
2276 580 2423 642 per-

379 647 618 729 tinent,
685 651 750 711 et
815 669 896 710 ex
959 646 1150 710 huius
1217 651 1285 709 et
1350 668 1428 709 ex
1492 645 1774 709 aliorum
1827 645 2075 709 tabulis
2132 645 2420 731 agitatis,
2451 648 2514 723 5}

378 735 702 818 tractatis,
749 734 1101 819 inquiritiS,
1148 756 1294 799 cum
1344 734 1596 798 interea
1642 731 2069 798 Cluentianae
2106 734 2418 818 pecuniae

380 823 733 908 vestigium
792 823 1046 886 nullum
1101 822 1429 886 invenitis
1530 819 1740 896 Quid?
1794 820 2085 885 Albiana
2141 824 2419 906 pecunia

332 948 336 953 ·
380 911 761 995 vestigiisne
835 910 1024 976 nobis
1087 909 1420 974 odoranda
1478 914 1579 973 est
1641 932 1725 973 an
1784 908 1867 973 ad
1924 909 2143 993 ipsum
2204 911 2418 976 cubile

274 1191 341 1239 83

274 2807 356 2934 {a}

380 998 570 1063 vobis
635 997 907 1062 ducibus
972 998 1190 1063 venire
1255 998 1648 1082 possumus?
1761 995 2091 1062 Tenentur
2152 1019 2280 1063 uno
2345 998 2418 1063 in
2513 1028 2514 1079 3

379 1086 524 1151 loco
551 1084 664 1150 HS
695 1105 942 1171 Ioch,
978 1091 1281 1151 tenentur
1318 1086 1487 1170 apud
1525 1085 1856 1149 hominem
1895 1086 2417 1171 audacissimum,
2452 1107 2505 1145 10

379 1178 684 1238 tenentur
727 1176 902 1258 apud
936 1174 1240 1257 iudicem3
1291 1174 1448 1257 quid
1482 1174 1681 1237 voltis
1721 1174 2047 1258 amplius?
2113 1176 2206 1238 At
2242 1175 2419 1239 enim

381 1261 685 1327 Staienus
749 1285 884 1327 non
934 1262 1063 1327 fuit
1119 1263 1202 1327 ab
1259 1261 1617 1347 Oppianico
1627 1311 1645 1344 ,
1711 1262 1824 1325 sed
1882 1284 1922 1325 a
1978 1260 2277 1326 Cluentio
2336 1262 2420 1326 ad

378 1350 688 1415 iudicium
744 1351 1287 1435 corrumpendum
1345 1350 1759 1415 constitutus
1852 1347 1984 1414 Cur
2040 1372 2214 1434 eum,
2270 1372 2420 1416 cum

378 1439 449 1502 in
516 1440 856 1504 consilium
920 1440 1154 1522 iretur,
1219 1438 1558 1503 Cluentius
1633 1442 1699 1502 et
1756 1435 2119 1502 Cannutius
2192 1439 2421 1503 abesse

378 1527 844 1611 patiebantur?
875 1549 1006 1611 cur,
1033 1549 1181 1592 cum
1209 1527 1281 1590 in
1308 1526 1649 1590 consilium
1680 1526 2050 1609 mittebant,
2078 1525 2415 1591 Staienum
2452 1546 2505 1586 15

378 1614 673 1700 iudicem,
719 1616 824 1681 cui
857 1616 1196 1699 pecuniam
1237 1614 1565 1697 dederant,
1600 1636 1735 1679 non
1771 1614 2233 1699 requirebant?
2285 1614 2421 1699 Op-

379 1703 675 1787 pianicus
716 1705 1128 1788 querebatur,
1174 1700 1513 1777 Quinctius
1552 1702 1925 1787 flagitabat3
1973 1702 2112 1768 sine
2150 1700 2420 1769 Staieno

378 1813 460 1856 ne
514 1793 584 1855 in
638 1792 984 1857 consilium
1038 1793 1269 1874 iretur,
1324 1790 1675 1855 tribunicia
1726 1794 2055 1875 potestate
2113 1791 2419 1856 effectum

357 1884 499 1946 est.
601 1881 694 1945 At
754 1880 1229 1946 condemnavit.
1329 1878 1519 1944 Hanc
1576 1879 1749 1944 enim
1808 1879 2421 1946 condemnationem

381 1968 646 2034 dederat
701 1969 996 2034 obsidem
1054 1967 1268 2032 Bulbo
1336 1972 1403 2032 et
1466 1969 1697 2033 ceteris
1708 2019 1725 2051 ,
1788 1972 1864 2032 ut
1922 1969 2275 2033 destitutus
2334 1970 2421 2034 ab
2455 1990 2481 2028 2

381 2056 740 2142 Oppianico
801 2058 1147 2121 videretur.
1244 2054 1457 2131 Quare
1518 2056 1577 2120 si
1624 2056 1819 2121 istinc
1878 2079 2077 2121 causa
2134 2076 2425 2122 corrum-

379 2146 575 2230 pendi
617 2145 866 2229 iudicii,
913 2145 971 2208 si
1013 2145 1211 2208 istinc
1257 2147 1559 2229 pecunia,
1606 2145 1799 2210 istinc
1846 2143 2147 2210 Staienus
2158 2196 2175 2229 ,
2222 2145 2425 2210 istinc

381 2235 657 2318 denique
702 2233 915 2299 omnis
961 2233 1140 2297 fraus
1185 2237 1252 2297 et
1290 2233 1559 2298 audacia
1596 2236 1715 2316 est,
1760 2232 1911 2298 hinc
1947 2233 2175 2317 pudor,
2220 2233 2425 2298 hone-

381 2327 486 2386 sta
531 2323 698 2404 vita,
756 2323 943 2386 nulla
997 2322 1283 2404 suspicio
1341 2321 1677 2405 pecuniae,
1731 2322 1917 2386 nulla
1962 2323 2427 2405 corrumpendi

379 2410 602 2475 iudicii
664 2432 888 2493 causa,
942 2409 1248 2493 patimini
1294 2409 1568 2473 veritate
1615 2410 1945 2492 patefacta
1992 2413 2189 2493 atque
2236 2411 2426 2474 omni
2458 2428 2506 2489 2³.

382 2519 600 2562 errore
642 2498 904 2562 sublato
943 2519 1019 2562 eo
1057 2497 1341 2562 transire
1378 2497 1557 2561 illius
1595 2497 2017 2582 turpitudinis
2054 2497 2426 2581 infamiam,

379 2585 494 2649 ubi
539 2589 756 2650 cetera
793 2585 1119 2649 maleficia
1165 2585 1561 2668 consistunt,
1609 2587 1691 2650 ab
1738 2607 1816 2652 eo
1851 2585 2169 2650 invidiam
2212 2586 2427 2650 disce·

381 2672 530 2736 dere
577 2672 945 2756 aliquando,
989 2673 1074 2737 ad
1121 2693 1313 2757 quem
1358 2694 1717 2756 numquam
1764 2675 2116 2740 accessisse
2153 2675 2429 2760 culpam

381 2759 636 2825 videtis.

514 2847 611 2912 At
663 2848 834 2913 enim
887 2847 1230 2933 pecuniam
1280 2849 1544 2914 Staieno
1599 2849 1776 2914 dedit
1823 2850 2225 2934 Oppianicus
2286 2873 2432 2918 non
2463 2872 2489 2911 3

382 2937 464 3001 ad
537 2937 1080 3018 corrumpendum
1145 2936 1486 3019 iudicium,
1556 2937 1668 3002 sed
1738 2938 1821 3003 ad
1895 2939 2433 3006 conciliationem
2498 2992 2506 3001 .

383 3025 653 3110 gratiae.
736 3021 910 3089 Tene
956 3024 1099 3103 hoc,
1145 3025 1325 3108 Acci,
1372 3025 1601 3106 dicere,
1647 3028 1770 3091 tali
1805 3026 2167 3109 prudentia,
2216 3029 2432 3094 etiam

380 3136 504 3179 usu
559 3117 756 3197 atque
811 3113 1277 3179 exercitatione
1331 3114 1740 3197 praeditum?
1844 3113 2433 3198 Sapientissimum

382 3224 524 3267 esse
576 3202 800 3266 dicunt
854 3224 1029 3285 eum,
1089 3201 1223 3286 cui,
1278 3201 1453 3284 quod
1508 3224 1671 3285 opus
1727 3203 1839 3284 sit,
1895 3203 2026 3287 ipsi
2079 3204 2307 3268 veniat
2356 3207 2436 3270 in

381 3293 692 3374 mentem3
755 3291 1050 3375 proxime
1111 3290 1413 3354 accedere
1474 3290 1689 3374 illum,
1750 3291 1862 3374 qui
1922 3291 2191 3356 alterius
2253 3294 2433 3359 bene
2467 3307 2503 3352 :3

381 3379 667 3444 inventis
730 3380 1155 3463 obtemperet.
1233 3377 1315 3442 In
1369 3379 1659 3444 stultitia
1712 3384 1940 3445 contra
1986 3383 2102 3444 est.
2196 3379 2434 3447 Minus

383 3467 555 3531 enim
601 3467 844 3532 stultus
892 3472 994 3531 est
1039 3467 1114 3549 is,
1167 3467 1268 3531 cui
1314 3465 1482 3530 nihil
1526 3467 1596 3529 in
1643 3469 1927 3530 mentem
1973 3467 2171 3552 venit,
2217 3491 2437 3552 quam
