2534 3875
776 124 931 182 CAP-
969 131 1140 180 9--11
1183 131 1216 190 ἓ
1250 129 1479 180 25—32.
2041 125 2126 188 47

102 270 315 334 dicam
356 269 485 334 nisi
529 267 615 351 id,
664 268 837 353 quod
871 290 1111 352 negare
1145 290 1280 334 non
1313 269 1543 352 possit,
1588 269 1842 336 venisse
1877 271 1947 336 in
1985 291 2131 335 con-

106 357 325 422 silium
381 355 678 440 publicae
735 356 1163 441 quaestionis,
1218 379 1367 422 cum
1421 358 1559 422 eius
1625 357 1880 424 consilii
1942 357 2132 422 iudex

100 467 235 511 non
282 448 474 516 esset,
522 448 588 510 et
629 444 701 510 in
745 467 822 510 eo
860 445 1150 527 consilio,
1196 466 1343 510 cum
1381 467 1642 510 causam
1678 467 1812 511 non
1847 447 2132 511 audisset

106 537 173 598 et
218 536 511 617 potestas
558 535 732 600 esset
778 532 1160 616 ampliandi,
1208 532 1446 598 dixisse
1492 533 1620 598 sibi
1663 533 1938 618 liquere;
1986 555 2130 598 cum

60 639 79 678 ⁵
107 622 185 687 de
211 619 547 706 incognita
572 641 643 684 re
671 619 955 686 iudicare
990 620 1323 704 voluisset,
1361 621 1667 688 maluisse
1701 622 2130 688 condemnare

109 731 303 795 quam
350 707 713 791 absolvere3
770 730 935 792 cum,
980 709 1039 774 si
1084 729 1215 774 uno
1262 709 1478 774 minus
1523 709 1932 792 damnarent,
1987 730 2132 774 con-

106 796 400 862 demnari
442 817 593 860 reus
638 817 771 862 non
816 801 1067 880 posset,
1120 817 1255 862 non
1299 797 1381 862 ad
1427 797 1942 881 cognoscendam
1987 817 2132 864 cau—

107 907 277 967 sam,
330 884 443 949 sed
488 883 572 949 ad
618 883 1001 968 explendam
1048 884 1532 950 damnationem
1579 888 1842 969 praesto
1887 884 2132 950 fuisse?

104 973 345 1040 Utrum
390 973 657 1058 gravius
704 971 951 1057 aliquid
994 972 1065 1037 in
1112 973 1480 1058 quempiam
1517 972 1643 1038 dici
1676 976 1901 1057 potest
1937 994 2132 1056 quam

60 1062 195 1127 aad
237 1060 567 1126 hominem
613 1060 1193 1144 condemnandum,
1240 1082 1433 1146 quem
1469 1082 1826 1146 numquam
1861 1061 2133 1126 vidisset

106 1170 314 1233 neque
355 1148 660 1231 audisset,
698 1148 1048 1214 adductum
1084 1171 1225 1214 esse
1263 1149 1524 1233 pretio?
1562 1171 1648 1214 an
1685 1147 1924 1214 certius
1962 1149 2134 1234 quic-

108 1259 303 1322 quam
340 1235 511 1301 obici
546 1239 781 1320 potest,
819 1258 1016 1321 quam
1052 1236 1225 1321 quod
1260 1237 1336 1319 is,
1381 1236 1485 1303 cui
1521 1237 1819 1321 obicitur,
1852 1258 1935 1302 ne
1970 1241 2134 1301 nutu

106 1325 367 1411 quidem
425 1324 756 1390 infirmare
815 1325 1133 1391 conatur?
1214 1324 1460 1390 Verum
1519 1327 1744 1390 tamen
1802 1326 1860 1390 is
1925 1325 2134 1408 testis,

105 1418 181 1479 ut
226 1413 419 1480 facile
464 1411 936 1498 intellegeretis
983 1435 1129 1480 cum
1172 1433 1309 1478 non
1353 1413 1638 1478 adfuisse
1685 1412 1931 1500 animm
1987 1435 2133 1479 cum

60 1518 305 1568 scausa
332 1500 415 1565 ab
442 1500 579 1566 illis
616 1504 919 1584 ageretur
953 1504 1284 1586 testesque
1321 1501 1626 1583 dicerent,
1665 1501 1777 1566 sed
1812 1501 2136 1585 tantisper

106 1592 186 1655 de
234 1589 455 1672 aliquo
500 1609 612 1654 reo
659 1588 1011 1672 cogitasse,
1066 1611 1207 1655 cum
1269 1610 1493 1656 omnes
1549 1592 1699 1652 ante
1753 1609 1899 1654 eum
1945 1588 2136 1653 dixis-

104 1681 259 1744 sent
318 1679 521 1741 testes
584 1681 874 1744 armatos
938 1698 1083 1743 cum
1138 1675 1422 1742 Aebutio
1485 1675 1688 1742 fuisse
1749 1677 2135 1760 complures,

106 1767 291 1832 solus
338 1763 501 1830 dixit
544 1786 679 1829 non
720 1763 942 1830 fuisse.
1032 1764 1231 1830 Visus
1279 1769 1384 1831 est
1425 1764 1589 1831 mihi
1631 1764 1844 1848 primo
1889 1767 2136 1829 vetera-

104 1860 215 1920 tor
258 1851 639 1939 intellegere
674 1854 1021 1937 praeclare,
1068 1851 1222 1938 quid
1266 1873 1500 1918 causae
1537 1853 1849 1935 obstaret,
1893 1855 1961 1917 et
1985 1855 2136 1917 tan·

60 1960 80 1999 ο
105 1949 253 2009 tum
297 1941 491 2009 modo
539 1963 781 2025 errare,
838 1941 1012 2026 quod
1058 1962 1285 2006 omnes
1329 1945 1534 2008 testes
1577 1940 1968 2024 infirmaret,
2025 1941 2138 2024 qui

107 2034 261 2097 ante
306 2050 457 2093 eum
501 2028 838 2095 dixissent:
894 2050 1041 2095 cum
1087 2030 1333 2112 subito,
1388 2050 1532 2095 ecce
1575 2028 1748 2095 idem
1794 2028 1906 2114 qui
1951 2028 2138 2109 solet,

2170 1342 2240 1391 30

107 2140 264 2185 suos
310 2116 489 2181 solos
535 2137 755 2181 servos
802 2121 1090 2183 armatos
1135 2116 1337 2183 fuisse
1386 2117 1568 2182 dixit.
1657 2114 1825 2193 Quid
1868 2116 2020 2181 huic
2061 2120 2138 2181 tu
2161 2118 2232 2186 11

106 2205 362 2271 homini
407 2203 651 2270 facias?
704 2226 920 2269 nonne
975 2206 1291 2271 concedas
1344 2206 1696 2287 interdum,
1750 2208 1825 2269 ut
1879 2225 2138 2269 excusa-

105 2296 292 2359 tione
353 2314 645 2359 summae
693 2292 1017 2358 stultitiae
1080 2314 1369 2359 summae
1415 2292 1836 2378 inprobitatis
1883 2291 2101 2357 odium
2112 2342 2172 2413 (1
2183 2342 2244 2412 1)

60 2380 536 2467 §depreceturP
626 2380 892 2464 Utrum,
934 2385 1445 2467 recuperatores,
1492 2380 1597 2445 his
1643 2380 1924 2445 testibus
1967 2401 2101 2445 non

105 2468 495 2551 credidistis,
540 2490 703 2553 cum,
748 2469 904 2553 quid
932 2468 1229 2554 liqueret,
1275 2491 1408 2534 non
1436 2468 1806 2535 habuistis?
1853 2471 1926 2533 at
1961 2488 2108 2533 con-

102 2556 433 2624 troversia
466 2578 601 2623 non
638 2560 799 2641 erat,
834 2557 993 2642 quin
1029 2579 1253 2623 verum
1291 2556 1594 2623 dicerent.
1665 2558 1785 2621 An·
1808 2556 1878 2621 in
1915 2560 2138 2621 coacta

103 2645 547 2729 multitudine,
579 2645 651 2711 in
684 2646 906 2729 armis,
941 2645 1011 2711 in
1036 2644 1206 2729 telis,
1240 2645 1312 2711 in
1336 2645 1664 2729 praesenti
1689 2648 1870 2709 metu
1907 2644 2136 2709 mortis

101 2733 581 2821 perspicuoque
626 2733 915 2815 periculo
962 2732 1175 2801 caedis
1223 2734 1492 2798 dubium
1536 2733 1723 2798 vobis
1758 2731 1890 2797 fuit
1924 2733 2138 2797 inesse

60 2824 209 2887 ivis
269 2822 491 2905 aliqua
545 2820 868 2886 videretur
920 2821 1166 2887 necne?
1257 2820 1506 2897 Quibus
1559 2820 1765 2905 igitur
1818 2820 1890 2885 in
1943 2820 2136 2885 rebus

103 2911 209 2977 vis
268 2909 569 2993 intellegi
620 2913 871 2993 potest,
924 2910 982 2973 si
1034 2909 1107 2973 in
1148 2908 1252 2976 his
1298 2931 1432 2975 non
1473 2908 1940 2993 intellegetur?
2030 2906 2140 2972 An

101 3020 264 3063 vero
293 2997 413 3063 illa
441 2996 729 3065 defensio
765 2996 953 3063 vobis
989 2997 1324 3081 praeclara
1361 2997 1502 3063 visa
1529 3000 1656 3061 est:
1703 2996 1722 3025 ‘
1743 2994 1895 3061 Non
1921 2994 2140 3078 deieci,

102 3087 223 3151 sed
282 3085 541 3169 obstiti;
597 3106 732 3150 non
784 3084 960 3151 enim
1014 3089 1080 3149 te
1135 3106 1282 3150 sum
1335 3106 1568 3169 passus
1613 3084 1682 3151 in
1727 3083 2000 3149 fundum
2043 3084 2140 3145 in-

102 3174 324 3259 gredi,
380 3173 493 3238 sed
550 3178 837 3239 armatos
883 3172 1181 3240 homines
1227 3172 1529 3256 opposui,
1585 3175 1659 3239 ut
1701 3170 2141 3255 intellegeres,

60 3264 163 3329 ssi
209 3264 282 3327 in
316 3261 521 3327 fundo
565 3262 795 3346 pedem
840 3262 1202 3346 posuisses,
1244 3262 1474 3327 statim
1517 3260 1644 3325 tibi
1689 3279 1830 3325 esse
1875 3279 2142 3343 pereun-

101 3348 299 3417 dum'
309 3350 345 3417 ⁴?
436 3340 603 3423 Quid
650 3349 792 3415 ais?
846 3349 931 3432 is,
989 3348 1101 3433 qui
1146 3350 1348 3416 armis
1393 3348 1810 3432 proterritus,
1855 3346 2142 3431 fugatus,

98 3440 340 3523 pulsus
398 3442 527 3521 est,
578 3458 713 3503 non
765 3436 1019 3503 videtur
1073 3458 1215 3503 esse
1261 3435 1592 3505 deiectus?
1682 3433 2015 3499 Posterius
2061 3432 2141 3498 de

2147 2432 2214 2481 31

2177 3448 2246 3497 32
