2534 3875
195 3593 199 3596 .
210 3588 297 3596 ψ

324 527 391 576 26

427 103 516 165 46
980 101 1123 156 PRO
1163 102 1229 157 A.
1269 101 1585 158 CAECINA
1625 102 1910 160 ORATIO.

429 268 574 312 cum
630 267 901 332 rogarer
948 269 988 311 a
1035 244 1339 328 Caecina,
1393 268 1748 330 numquam
1791 247 1994 329 volui,
2048 268 2136 312 ne
2201 269 2476 334 arguere

427 335 615 399 illum
677 335 772 398 rei
831 334 1129 418 capitalis
1188 334 1464 418 viderer,
1529 335 1607 399 de
1671 355 1746 400 eo
1811 335 2039 400 dubito
2105 357 2303 400 nunc
2363 358 2476 420 quo

428 423 622 488 modo
670 426 785 487 aut
828 423 1062 505 loquar
1108 427 1223 488 aut
1267 427 1538 504 taceam,
1583 445 1730 488 cum
1774 423 1913 508 ipse
1957 422 2086 488 hoc
2131 423 2226 488 de
2280 445 2356 488 se
2400 425 2476 487 iu·

429 515 611 575 ratus
666 510 1012 595 praedicet.
1093 510 1341 574 Deinde
1385 509 1457 575 L.
1503 509 1761 576 Caelius
1804 532 1935 576 non
1981 510 2215 576 solum
2269 511 2475 576 Aebu-

426 599 593 664 tium
620 620 767 666 cum
797 598 1069 663 armatis
1097 597 1263 662 dixit
1289 598 1491 663 fuisse
1521 599 1953 682 conpluribus,
1990 620 2240 664 verum
2283 599 2510 664 etiam⁵

326 688 408 752 10
428 709 574 752 cum
612 686 945 751 advocatis
982 687 1323 772 perpaucis
1361 708 1438 751 eo
1475 686 1732 752 venisse
1761 686 2126 753 Caecinam.
2210 688 2328 752 De
2365 688 2473 753 hoc

427 796 549 859 ego
576 779 746 840 teste
775 775 1155 839 detraham?
1194 775 1299 840 cui
1326 796 1526 858 aeque
1557 797 1632 839 ac
1673 795 1818 840 meo
1857 775 2013 838 testi
2048 778 2128 839 ut
2169 777 2473 855 credatis,

322 869 452 939 (10)
468 863 751 947 postulo
795 861 867 926 Ρ.
880 861 1226 927 Memmius
1247 866 1507 927 secutus
1536 866 1654 946 est,
1683 863 1794 947 qui
1812 884 1999 929 suum
2022 884 2163 927 non
2194 886 2472 948 parvum

322 1321 388 1371 2⁷

324 2465 391 2514 28

426 952 811 1016 beneficium
856 951 1394 1016 commemoravit
1437 951 1508 1014 in
1553 950 1797 1016 amicos
1845 949 2184 1034 Caecinae,
2242 953 2470 1038 quibus

426 1061 568 1106 sese
594 1038 768 1103 viam
796 1059 912 1122 per
936 1038 1165 1103 fratris
1194 1038 1298 1103 sui
1322 1037 1594 1103 fundum
1633 1038 1882 1103 dedisse
1910 1038 2096 1121 dixit,
2124 1061 2288 1139 ‘qua
2330 1041 2470 1104 effu-
2489 1055 2516 1093 ¹¹

429 1148 580 1214 gere
616 1129 901 1211 possent,
939 1148 1084 1192 cum
1124 1131 1342 1191 essent
1379 1147 1603 1191 omnes
1641 1131 1822 1192 metu
1865 1126 2228 1210 perterriti.
2313 1128 2471 1193 Huic

428 1237 549 1300 ego
587 1213 747 1280 testi
792 1214 1041 1299 gratias
1087 1234 1301 1300 agam,
1348 1215 1520 1298 quod
1558 1218 1624 1279 et
1658 1214 1730 1278 in
1762 1236 1834 1279 re
1869 1214 2377 1281 misericordem
2413 1237 2469 1280 se

427 1301 800 1388 praebuerit
828 1302 939 1366 et
920 1325 990 1368 111
1016 1302 1396 1367 testimonio
1423 1301 1821 1388 religiosum.
1866 1302 1945 1368 A.
1965 1302 2226 1369 Atilius
2250 1309 2328 1368 et
2347 1305 2469 1369 eius

428 1391 604 1456 filius
630 1388 702 1455 L.
730 1389 977 1454 Atilius
1014 1393 1083 1454 et
1118 1393 1408 1456 armatos
1444 1390 1538 1454 ibi
1571 1390 1774 1455 fuisse
1819 1395 1886 1454 et
1930 1410 2000 1453 se
2045 1410 2211 1453 suos
2256 1411 2468 1455 servos

429 1479 771 1544 adduxisse
809 1478 1137 1562 dixerunt3
1183 1478 1385 1544 etiam
1429 1478 1554 1543 hoc
1600 1476 1904 1564 amplius:
1951 1500 2097 1543 cum
2134 1478 2468 1546 Aebutius
2489 1493 2514 1534 ὅ

430 1566 744 1633 Caecinae
789 1566 1036 1632 malum
1082 1565 1462 1649 minaretur,
1513 1567 1664 1647 [hoc
1709 1569 1812 1631 est
1855 1569 2136 1631 mortem
2185 1569 2468 1633 minare·

426 1658 580 1739 tur,]
620 1654 714 1718 ibi
739 1659 881 1719 tum
912 1653 1259 1719 Caecinam
1295 1654 1682 1738 postulasse,
1718 1658 1793 1719 ut
1829 1655 2121 1718 moribus
2161 1655 2467 1722 deductio

426 1744 630 1808 fieret.
718 1741 864 1807 Hoc
926 1741 1098 1807 idem
1155 1742 1225 1807 P.
1271 1741 1560 1807 Rutilius
1625 1743 1811 1824 dixit,
1875 1746 1943 1807 et
2004 1763 2082 1807 eo
2147 1743 2465 1809 libentius

429 1831 611 1913 dixit,
654 1833 731 1894 ut
778 1829 1124 1914 aliquando
1169 1831 1240 1895 in
1275 1830 1511 1895 iudicio
1549 1829 1686 1897 eius
1723 1829 2100 1895 testimonio
2139 1833 2465 1897 creditum

428 1921 787 2005 putaretur.
876 1917 1024 1984 Duo
1078 1922 1418 2004 praeterea
1471 1922 1674 1984 testes
1727 1919 1892 1984 nihil
1946 1919 2024 1983 de
2068 1919 2166 2004 vi,
2228 1921 2351 1987 sed
2399 1921 2464 1985 de
2484 1937 2516 1976 ε·

428 2030 499 2074 re
542 2006 689 2092 ipsa
733 2010 929 2089 atque
975 2007 1304 2092 emptione
1345 2008 1528 2072 fundi
1565 2008 1890 2087 dixerunt3
1934 2007 2006 2073 P.
2044 2005 2464 2091 Caesennius,

430 2099 659 2161 auctor
691 2094 895 2178 fundi,
937 2116 1070 2161 non
1106 2099 1245 2161 tam
1283 2095 1672 2161 auctoritate
1711 2095 1898 2181 gravi
1935 2116 2130 2180 quam
2168 2118 2464 2183 corpore,

431 2188 497 2250 et
534 2183 943 2269 argentarius
974 2181 1116 2248 Sex,
1146 2183 1430 2266 Clodius,
1467 2184 1571 2249 cui
1607 2204 1966 2268 cognomen
1999 2187 2102 2247 est
2127 2184 2463 2265 Phormio,

427 2294 547 2338 nec
592 2272 805 2338 minus
850 2271 1039 2353 niger
1091 2293 1212 2337 nec
1256 2271 1470 2336 minus
1527 2272 1880 2355 confidens,
1937 2293 2130 2354 quam
2182 2271 2309 2338 ille
2356 2273 2461 2337 Te

428 2360 765 2428 rentianus
803 2365 903 2424 est
929 2359 1258 2443 Phormi0‚
1292 2360 1460 2425 nihil
1500 2359 1576 2425 de
1614 2360 1682 2425 vi
1720 2360 2035 2443 dixerunt,
2069 2359 2243 2423 nihil
2283 2383 2461 2445 prae-
2483 2374 2520 2416 ⁵¹

428 2450 639 2530 terea,
694 2448 866 2531 quod
913 2448 993 2511 ad
1039 2452 1328 2512 vestrum
1375 2447 1679 2514 iudicium
1725 2447 2098 2533 pertineret.
2187 2447 2461 2515 Decimo

431 2557 582 2600 vero
628 2536 773 2599 loco
821 2536 1007 2600 testis
1054 2539 1430 2620 expectatus
1468 2539 1536 2600 et
1572 2536 1656 2599 ad
1693 2541 2048 2600 extremum
2086 2540 2460 2602 reservatus

430 2623 612 2706 dixit,
657 2624 923 2687 senator
965 2623 1194 2708 populi
1240 2624 1546 2707 Romani,
1592 2622 1900 2708 splendor
1944 2622 2222 2706 ordinis,
2273 2626 2459 2690 decus
2518 2678 2520 2687 .

432 2714 625 2794 atque
663 2714 1117 2776 ornamentum
1151 2712 1554 2795 iudiciorum,
1599 2711 1930 2796 exemplar
1970 2712 2287 2794 antiquae
2322 2713 2460 2778 reli-

431 2798 673 2883 gionis,
730 2796 1170 2864 Fidiculanius
1228 2798 1525 2883 Falcula3
1587 2799 1697 2883 qui
1755 2821 1900 2863 cum
1957 2797 2054 2863 ita
2110 2799 2456 2866 vehemens
2479 2814 2520 2889 ³⁸:

431 2907 705 2969 acerque
751 2885 1055 2971 venisset,
1100 2892 1176 2952 ut
1219 2910 1354 2953 non
1397 2887 1589 2953 modo
1628 2886 1971 2952 Caecinam
2013 2886 2315 2970 periurio
2351 2910 2456 2954 suo
2518 2940 2520 2947 .

430 2975 735 3058 laederet,
781 2972 895 3038 sed
940 2975 1139 3040 etiam
1183 2975 1346 3039 mihi
1386 2975 1767 3040 videretur
1745 2975 1960 3057 irasci,
2002 2974 2101 3039 ita
2139 2996 2297 3041 eum
2335 2977 2456 3062 pla·

430 3061 647 3130 cidum
684 3062 1077 3146 mollemque
1113 3063 1380 3147 reddidi,
1426 3067 1500 3127 ut
1534 3085 1670 3128 non
1706 3063 1988 3146 auderet,
2031 3061 2208 3127 sicut
2244 3066 2456 3129 memi-

428 3149 651 3231 nistiS,
706 3150 941 3215 iterum
987 3150 1225 3232 dicere,
1283 3154 1443 3234 quot
1488 3151 1668 3216 milia
1712 3150 1950 3216 fundus
1995 3172 2154 3215 suus
2204 3153 2458 3217 abesset
2518 3168 2520 3171 ·

430 3240 512 3303 ab
552 3239 729 3302 urbe.
801 3235 974 3301 Nam
1012 3260 1158 3304 cum
1196 3201 1466 3303 dixisset
1510 3240 1724 3303 minus
1769 3237 1950 3321 1000,
1993 3238 2284 3323 populus
2327 3262 2457 3306 cum
2478 3243 2520 3293 ³⁵³

430 3328 566 3389 risu
622 3324 1010 3391 acclamavit
1060 3325 1209 3410 ipsa
1264 3347 1425 3395 esse..
1515 3325 1950 3391 Meminerant
1995 3326 2171 3390 enim
2221 3349 2458 3406 omneS,

324 3428 393 3478 29
434 3418 749 3502 quantum
792 3414 865 3477 in
909 3412 1195 3480 Albiano
1242 3413 1480 3480 iudicio
1529 3416 1901 3495 accepisset.
1987 3412 2069 3479 In
2111 3436 2267 3480 eum
2319 3414 2460 3499 quid
2518 3447 2520 3451 ·

437 3650 470 3681 bn,

465 3686 486 3704 ‘¹2
