2534 3875
788 163 939 220 CAP.
983 170 1191 220 17-19
1228 169 1258 230 ς
1297 169 1527 220 49-55,
1871 211 1877 216 .
2095 167 2184 232 55

134 332 390 392 eorum,
449 309 561 394 qui
617 309 1041 392 scripserunt,
1100 312 1166 374 et
1220 308 1546 374 rationem
1603 310 1669 372 et
1717 311 2180 376 auctoritatem

135 397 629 482 relinquamus?
714 396 941 462 Sermo
988 397 1249 462 hercule
1305 396 1652 462 familiaris
1701 401 1768 462 et
1815 400 2181 465 cotidianus
2222 418 2292 467 52

135 508 269 552 non
314 485 710 569 cohaerebit,
758 485 817 550 si
852 487 1055 550 verba
1089 485 1262 550 inter
1299 507 1422 549 nos
1463 485 1958 570 aucupabimur3
2011 487 2184 552 deni-

139 597 261 660 que
298 574 648 660 imperium
689 573 1118 640 domesticum
1157 573 1417 639 nullum
1455 573 1596 655 erit,
1644 572 1702 637 si
1739 575 2018 640 servulis
2056 576 2185 641 hoc

86 682 111 722 5
138 663 388 729 nostris
444 662 979 745 concesserimus,
1039 665 1113 726 ut
1168 661 1251 726 ad
1307 661 1508 726 verba
1561 660 1755 726 nobis
1814 663 2187 748 oboediant,

136 774 267 816 non
327 751 412 816 ad
467 751 562 834 id,
629 750 800 835 quod
858 772 934 815 ex
980 749 1197 814 verbis
1256 749 1556 833 intellegi
1620 750 1866 835 possit,
1933 756 2185 838 optem-

136 843 391 922 perent.
482 839 820 924 Exemplis
864 860 1038 904 nunc
1082 838 1182 903 uti
1217 838 1521 903 videlicet
1569 838 1735 902 mihi
1769 859 2036 904 necesse
2083 844 2186 905 est

134 928 377 992 harum
404 949 621 991 rerum
653 927 971 1011 omnium3
1006 948 1142 992 non
1179 927 1460 992 occurrit
1488 926 1602 991 uni
1630 926 1860 1010 cuique
1890 931 2188 993 vestrum

138 1017 319 1080 aliud
370 1015 488 1080 alii
529 1016 597 1080 in
646 1015 825 1080 omni
870 1036 1105 1100 genere
1144 1014 1532 1099 exemplum,
1581 1014 1754 1099 quod
1800 1016 2186 1082 testimonio

68 1123 114 1164 ιο
143 1105 230 1168 sit
270 1125 415 1168 non
462 1125 541 1168 ex
585 1103 807 1168 verbis
852 1110 1078 1188 aptum
1134 1103 1416 1188 pendere
1461 1103 1592 1184 iuS,
1651 1103 1764 1167 sed
1810 1105 2014 1170 verba
2059 1126 2189 1170 ser·

142 1192 277 1256 vire
332 1191 679 1257 hominum
734 1191 1025 1258 consiliis
1084 1195 1150 1256 et
1206 1190 1727 1256 auctoritatibus.
1830 1191 2076 1258 Ornate
2125 1197 2192 1258 et
2229 1201 2300 1261 '53

141 1280 408 1365 copiose
444 1279 516 1345 L.
546 1279 841 1363 Crassus,
878 1280 1077 1344 homo
1116 1280 1314 1364 longe
1352 1278 1943 1364 eloquentissimus,
1989 1281 2190 1366 paulo

138 1373 501 1453 antequam
544 1391 665 1433 nos
712 1368 781 1433 in
826 1368 1044 1433 forum
1089 1368 1406 1448 venimuS,
1451 1366 1691 1431 iudicio
1731 1369 2193 1434 centumvirali

137 1457 310 1522 hanc
371 1457 764 1521 sententiam
822 1456 1109 1521 defendit
1156 1459 1224 1520 et
1278 1455 1496 1538 facile,
1553 1477 1700 1520 cum
1756 1459 1987 1521 contra
2045 1479 2192 1522 eum

68 1563 111 1605 15
137 1545 693 1630 prudentissimus
756 1545 955 1610 homo
966 1595 983 1629 ,
1058 1544 1129 1620 Q.
1192 1543 1474 1626 MuciuS,
1539 1543 1809 1628 diceret,
1885 1546 2194 1629 probavit

140 1634 481 1719 omnibUS,
535 1634 641 1700 Μ’.
691 1632 983 1715 Curium,
1040 1632 1153 1716 qui
1198 1632 1388 1696 heres
1441 1631 1787 1698 institutus
1836 1638 2010 1696 esset
2064 1633 2192 1697 ita:

140 1722 465 1788 ‘MORTUO
511 1739 833 1788 POSTUMO
882 1720 1126 1803 Flmo’,
1182 1743 1330 1784 cum
1385 1720 1561 1784 filius
1615 1741 1750 1784 non
1810 1721 2004 1786 modo
2062 1743 2197 1786 non

140 1815 478 1894 mortuus,
542 1811 651 1875 sed
710 1832 791 1874 ne
846 1813 1041 1874 natus
1100 1808 1361 1892 quidem
1423 1811 1621 1891 esset,
1686 1807 1994 1873 heredem
2052 1831 2196 1874 esse

142 1903 475 1985 oportere.
567 1898 779 1975 Quid?
825 1897 1043 1963 verbis
1090 1897 1217 1964 hoc
1275 1895 1437 1963 satis
1485 1901 1630 1969 erat
1687 1898 1996 1963 cautum?
2069 1896 2195 1962 Mi-

68 2006 115 2047 20
139 1988 334 2053 nime.
434 1987 611 2063 Quae
659 2010 763 2053 res
810 1987 1015 2072 igitur
1059 1986 1321 2052 valuit?
1387 1985 1732 2069 VoluntaS,
1781 2007 1945 2070 quae
1993 1986 2051 2051 si
2097 1991 2197 2053 ta·

140 2076 289 2141 citis
338 2076 537 2141 nobis
583 2075 882 2161 intellegi
926 2078 1177 2160 posset,
1226 2073 1445 2138 verbis
1494 2074 1758 2138 omnino
1803 2096 1940 2139 non
1986 2079 2198 2140 utere-

140 2188 315 2248 mur3
379 2164 533 2248 quia
575 2185 711 2229 non
754 2168 999 2249 potest,
1054 2163 1257 2228 verba
1300 2166 1562 2247 reperta
1608 2166 1786 2241 sunt,
1836 2184 1972 2228 non
2018 2185 2182 2248 quae

139 2251 559 2338 impedirent,
600 2253 711 2318 sed
751 2274 916 2336 quae
941 2251 1305 2316 indicarent
1332 2252 1756 2315 voluntatem.
1789 2246 1797 2256 “
1827 2249 1961 2315 Lex
1991 2272 2182 2315 usum
2209 2232 2308 2359 153

143 2345 210 2406 et
257 2340 729 2405 auctoritatem
776 2340 961 2405 fundi
1005 2340 1188 2404 iubet
1231 2361 1374 2404 esse
1421 2338 1784 2421 biennium3
1833 2342 1905 2403 at
1948 2339 2196 2404 utimur

68 2446 119 2487 25
147 2429 381 2494 eodem
430 2429 569 2493 iure
615 2428 685 2493 in
733 2428 1017 2505 aedibus,
1065 2450 1231 2511 quae
1278 2428 1348 2491 in
1393 2428 1538 2511 lege
1584 2448 1718 2492 non
1761 2427 2196 2511 appellantur.

145 2515 216 2581 Si
252 2518 370 2582 via
418 2517 507 2581 sit
542 2516 889 2600 inmunita,
933 2516 1133 2598 iubet,
1181 2538 1312 2599 qua
1347 2515 1524 2594 velit,
1573 2535 1764 2599 agere
1801 2514 2197 2599 iumentum3

142 2609 375 2690 potest
421 2604 547 2671 hoc
592 2627 671 2669 ex
715 2605 879 2689 ipsis
926 2604 1143 2669 verbis
1189 2602 1518 2689 intellegi,
1574 2604 1797 2685 licere,
1848 2603 1906 2667 si
1950 2604 2061 2668 via
2109 2604 2200 2669 sit

143 2695 215 2757 in
260 2692 533 2759 Brittiis
580 2692 953 2775 immunita,
1014 2712 1236 2777 agere,
1300 2692 1358 2756 si
1410 2691 1598 2774 velit,
1661 2691 2026 2756 iumentum
2083 2715 2201 2775 per

144 2781 231 2846 M.
280 2779 513 2846 Scauri
560 2780 1019 2846 Tusculanum.
1108 2780 1305 2845 Actio
1363 2782 1465 2843 est
1517 2779 1586 2843 in
1635 2783 1965 2845 auctorem
2013 2803 2196 2865 prae·

68 2886 118 2929 so
146 2872 405 2933 sentem
432 2869 537 2933 his
566 2870 810 2934 verbis:
850 2869 1309 2947 ‘QUANDOQUE
1351 2886 1442 2932 ΤΕ
1471 2886 1547 2932 m
1576 2886 1742 2933 mna
1774 2865 2196 2934 consmcm'.

144 2956 291 3023 Hac
340 2958 597 3022 actione
635 2957 891 3043 Appius
937 2957 1052 3021 ille
1092 2955 1335 3022 Caecus
1383 2956 1484 3020 uti
1527 2977 1661 3022 non
1705 2961 1951 3042 posset,
1998 2956 2055 3021 si
2101 2957 2200 3021 ita

143 3045 215 3108 in
260 3045 409 3110 iure
464 3046 763 3111 homines
810 3047 1010 3111 verba
1057 3048 1614 3129 consectarentur,
1667 3050 1744 3109 ut
1789 3067 1955 3128 rem,
2013 3044 2197 3109 cuius

145 3155 351 3198 causa
396 3135 600 3199 verba
646 3137 821 3218 sunt,
878 3156 1012 3199 non
1058 3134 1561 3199 considerarent.
1666 3132 2090 3197 Testamento
2141 3134 2198 3196 si

144 3222 466 3285 recitatus
502 3222 703 3297 ,heres
742 3225 914 3289 esset
959 3222 1247 3307 pupillus
1289 3220 1628 3288 Cornelius
1675 3221 1863 3305 isque
1910 3221 2042 3285 iam
2087 3242 2198 3284 an-

68 3325 119 3367 85
146 3331 270 3374 nos
318 3326 421 3375 xx
465 3308 765 3393 haberet,
811 3311 997 3375 vobis
1044 3310 1514 3393 interpretibus
1561 3312 1898 3375 amitteret
1943 3308 2196 3372 heredi-

145 3400 381 3461 tatem.
454 3380 748 3462 Vefiiunt
774 3398 845 3463 in
872 3404 1160 3464 mentem
1190 3398 1354 3462 mihi
1381 3399 1727 3483 permulta,
1765 3396 1954 3461 vobis
1982 3396 2193 3479 plura,
2233 3412 2310 3463 55

146 3488 331 3551 certo
394 3485 542 3553 scio,
649 3485 898 3553 Verum
950 3510 1033 3553 ne
1097 3487 1375 3553 nimium
1436 3487 1647 3551 multa
1703 3483 2197 3567 conplectamur
