<?xml version="1.0" encoding="UTF-8"?>
<!DOCTYPE html PUBLIC "-//W3C//DTD XHTML 1.0 Transitional//EN"
    "http://www.w3.org/TR/xhtml1/DTD/xhtml1-transitional.dtd">
<html xmlns="http://www.w3.org/1999/xhtml" xml:lang="en" lang="en">
 <head>
  <title>
</title>
<meta http-equiv="Content-Type" content="text/html;charset=utf-8" />
  <meta name='ocr-system' content='tesseract 3.04.00' />
  <meta name='ocr-capabilities' content='ocr_page ocr_carea ocr_par ocr_line ocrx_word'/>
</head>
<body>
  <div class='ocr_page' id='page_1' title='image "./scriptaquaemans03mlgoog_0664.png"; bbox 0 0 2534 3875; ppageno 0'>
   <div class='ocr_carea' id='block_1_1' title="bbox 293 167 1972 233">
    <p class='ocr_par' dir='ltr' id='par_1_1' title="bbox 293 167 1972 233">
     <span class='ocr_line' id='line_1_1' title="bbox 293 167 1972 233; baseline -0.006 0"><span class='ocrx_word' id='word_1_1' title='bbox 293 169 429 233; x_wconf 77' lang='grc'>526</span> <span class='ocrx_word' id='word_1_2' title='bbox 626 170 724 223; x_wconf 88' lang='lat' dir='ltr'>DE</span> <span class='ocrx_word' id='word_1_3' title='bbox 760 167 1230 224; x_wconf 82' lang='lat' dir='ltr'>HARUSPICUM</span> <span class='ocrx_word' id='word_1_4' title='bbox 1265 167 1644 223; x_wconf 86' lang='lat' dir='ltr'>RESPONSO</span> <span class='ocrx_word' id='word_1_5' title='bbox 1681 167 1972 223; x_wconf 84' lang='lat' dir='ltr'><strong>ORATIO.</strong></span> 
     </span>
    </p>
   </div>
   <div class='ocr_carea' id='block_1_2' title="bbox 298 312 2328 397">
    <p class='ocr_par' dir='ltr' id='par_1_2' title="bbox 298 312 2328 397">
     <span class='ocr_line' id='line_1_2' title="bbox 298 312 2328 397; baseline -0 -19"><span class='ocrx_word' id='word_1_6' title='bbox 298 315 476 378; x_wconf 91' lang='lat' dir='ltr'>omni</span> <span class='ocrx_word' id='word_1_7' title='bbox 533 313 787 397; x_wconf 86' lang='lat' dir='ltr'>flagitio</span> <span class='ocrx_word' id='word_1_8' title='bbox 847 313 1171 397; x_wconf 88' lang='lat' dir='ltr'>pollueres</span> <span class='ocrx_word' id='word_1_9' title='bbox 1182 364 1199 395; x_wconf 94' lang='lat'>,</span> <span class='ocrx_word' id='word_1_10' title='bbox 1264 313 1571 377; x_wconf 82' lang='lat' dir='ltr'>dedecore</span> <span class='ocrx_word' id='word_1_11' title='bbox 1630 312 2016 395; x_wconf 88' lang='lat' dir='ltr'>maculares,</span> <span class='ocrx_word' id='word_1_12' title='bbox 2081 314 2328 378; x_wconf 90' lang='lat' dir='ltr'>scelere</span> 
     </span>
    </p>
   </div>
   <div class='ocr_carea' id='block_1_3' title="bbox 193 400 2326 488">
    <p class='ocr_par' dir='ltr' id='par_1_3' title="bbox 193 400 2326 488">
     <span class='ocr_line' id='line_1_3' title="bbox 193 400 2326 488; baseline -0.002 -18"><span class='ocrx_word' id='word_1_13' title='bbox 193 419 261 470; x_wconf 79' lang='lat'>28</span> <span class='ocrx_word' id='word_1_14' title='bbox 300 402 669 488; x_wconf 83' lang='lat' dir='ltr'>obligares‘?</span> <span class='ocrx_word' id='word_1_15' title='bbox 762 400 889 466; x_wconf 85' lang='lat' dir='ltr'>Sed</span> <span class='ocrx_word' id='word_1_16' title='bbox 926 401 1082 486; x_wconf 89' lang='lat' dir='ltr'>quid</span> <span class='ocrx_word' id='word_1_17' title='bbox 1117 421 1240 487; x_wconf 92' lang='lat' dir='ltr'>ego</span> <span class='ocrx_word' id='word_1_18' title='bbox 1280 401 1347 464; x_wconf 93' lang='lat' dir='ltr'>id</span> <span class='ocrx_word' id='word_1_19' title='bbox 1383 401 1711 465; x_wconf 78' lang='lat' dir='ltr'>admiror?</span> <span class='ocrx_word' id='word_1_20' title='bbox 1757 401 1868 484; x_wconf 89' lang='lat' dir='ltr'>qui</span> <span class='ocrx_word' id='word_1_21' title='bbox 1906 405 2176 485; x_wconf 85' lang='lat' dir='ltr'>accepta</span> <span class='ocrx_word' id='word_1_22' title='bbox 2211 423 2326 486; x_wconf 86' lang='lat' dir='ltr'>pe·</span> 
     </span>
    </p>
   </div>
   <div class='ocr_carea' id='block_1_4' title="bbox 193 1743 261 1792">
    <p class='ocr_par' dir='ltr' id='par_1_4' title="bbox 193 1743 261 1792">
     <span class='ocr_line' id='line_1_4' title="bbox 193 1743 261 1792; baseline 0 0"><span class='ocrx_word' id='word_1_23' title='bbox 193 1743 261 1792; x_wconf 79' lang='lat'>29</span> 
     </span>
    </p>
   </div>
   <div class='ocr_carea' id='block_1_5' title="bbox 294 489 2408 1989">
    <p class='ocr_par' dir='ltr' id='par_1_5' title="bbox 294 489 2408 1989">
     <span class='ocr_line' id='line_1_5' title="bbox 298 489 2325 574; baseline -0.001 -19"><span class='ocrx_word' id='word_1_24' title='bbox 298 491 487 555; x_wconf 90' lang='lat' dir='ltr'>cunia</span> <span class='ocrx_word' id='word_1_25' title='bbox 514 489 966 555; x_wconf 75' lang='lat' dir='ltr'><strong>Pessinuntem</strong></span> <span class='ocrx_word' id='word_1_26' title='bbox 1001 490 1236 574; x_wconf 89' lang='lat' dir='ltr'>ipsum,</span> <span class='ocrx_word' id='word_1_27' title='bbox 1275 489 1492 554; x_wconf 90' lang='lat' dir='ltr'>sedem</span> <span class='ocrx_word' id='word_1_28' title='bbox 1529 489 2058 574; x_wconf 81' lang='lat' dir='ltr'>domiciliumque</span> <span class='ocrx_word' id='word_1_29' title='bbox 2084 489 2325 553; x_wconf 87' lang='lat' dir='ltr'>Matris</span> 
     </span>
     <span class='ocr_line' id='line_1_6' title="bbox 298 576 2324 663; baseline -0 -20"><span class='ocrx_word' id='word_1_30' title='bbox 298 579 589 662; x_wconf 88' lang='lat' dir='ltr'>deorum,</span> <span class='ocrx_word' id='word_1_31' title='bbox 653 578 933 644; x_wconf 88' lang='lat' dir='ltr'>vastaris</span> <span class='ocrx_word' id='word_1_32' title='bbox 999 582 1065 642; x_wconf 92' lang='lat' dir='ltr'>et</span> <span class='ocrx_word' id='word_1_33' title='bbox 1127 577 1479 663; x_wconf 75' lang='lat' dir='ltr'>Brogitaro</span> <span class='ocrx_word' id='word_1_34' title='bbox 1543 576 1996 662; x_wconf 82' lang='lat' dir='ltr'>Gallograeco,</span> <span class='ocrx_word' id='word_1_35' title='bbox 2058 577 2324 663; x_wconf 88' lang='lat' dir='ltr'>impuro</span> 
     </span>
     <span class='ocr_line' id='line_1_7' title="bbox 294 665 2408 750; baseline -0.002 -19"><span class='ocrx_word' id='word_1_36' title='bbox 294 667 545 733; x_wconf 92' lang='lat' dir='ltr'>homini</span> <span class='ocrx_word' id='word_1_37' title='bbox 591 689 666 732; x_wconf 92' lang='lat' dir='ltr'>ac</span> <span class='ocrx_word' id='word_1_38' title='bbox 708 667 976 750; x_wconf 88' lang='lat' dir='ltr'>nefari0,</span> <span class='ocrx_word' id='word_1_39' title='bbox 1022 666 1203 732; x_wconf 89' lang='lat' dir='ltr'>cuius</span> <span class='ocrx_word' id='word_1_40' title='bbox 1248 666 1452 750; x_wconf 89' lang='lat' dir='ltr'>legati</span> <span class='ocrx_word' id='word_1_41' title='bbox 1496 670 1564 731; x_wconf 89' lang='lat' dir='ltr'>te</span> <span class='ocrx_word' id='word_1_42' title='bbox 1609 666 1871 731; x_wconf 91' lang='lat' dir='ltr'>tribuno</span> <span class='ocrx_word' id='word_1_43' title='bbox 1919 665 2207 730; x_wconf 89' lang='lat' dir='ltr'>dividere</span> <span class='ocrx_word' id='word_1_44' title='bbox 2252 667 2324 730; x_wconf 86' lang='lat' dir='ltr'>in</span> <span class='ocrx_word' id='word_1_45' title='bbox 2378 681 2408 725; x_wconf 84' lang='lat'><strong>5</strong></span> 
     </span>
     <span class='ocr_line' id='line_1_8' title="bbox 299 753 2325 839; baseline -0.001 -19"><span class='ocrx_word' id='word_1_46' title='bbox 299 755 452 820; x_wconf 84' lang='lat' dir='ltr'>aede</span> <span class='ocrx_word' id='word_1_47' title='bbox 481 753 773 820; x_wconf 85' lang='lat' dir='ltr'>Castoris</span> <span class='ocrx_word' id='word_1_48' title='bbox 800 755 934 819; x_wconf 92' lang='lat' dir='ltr'>tuis</span> <span class='ocrx_word' id='word_1_49' title='bbox 964 754 1179 839; x_wconf 90' lang='lat' dir='ltr'>operis</span> <span class='ocrx_word' id='word_1_50' title='bbox 1205 775 1509 819; x_wconf 80' lang='lat' dir='ltr'>nummos</span> <span class='ocrx_word' id='word_1_51' title='bbox 1539 755 1858 839; x_wconf 90' lang='lat' dir='ltr'>solebant,</span> <span class='ocrx_word' id='word_1_52' title='bbox 1885 758 2100 819; x_wconf 90' lang='lat' dir='ltr'>totum</span> <span class='ocrx_word' id='word_1_53' title='bbox 2127 755 2325 819; x_wconf 89' lang='lat' dir='ltr'>illum</span> 
     </span>
     <span class='ocr_line' id='line_1_9' title="bbox 298 843 2324 928; baseline -0 -19"><span class='ocrx_word' id='word_1_54' title='bbox 298 845 512 909; x_wconf 89' lang='lat' dir='ltr'>locum</span> <span class='ocrx_word' id='word_1_55' title='bbox 556 844 905 928; x_wconf 87' lang='lat' dir='ltr'>fanumque</span> <span class='ocrx_word' id='word_1_56' title='bbox 951 843 1344 926; x_wconf 83' lang='lat' dir='ltr'>vendideris,</span> <span class='ocrx_word' id='word_1_57' title='bbox 1401 843 1800 907; x_wconf 75' lang='lat' dir='ltr'>sacerdotem</span> <span class='ocrx_word' id='word_1_58' title='bbox 1847 843 1932 907; x_wconf 91' lang='lat' dir='ltr'>ab</span> <span class='ocrx_word' id='word_1_59' title='bbox 1978 844 2136 926; x_wconf 89' lang='lat' dir='ltr'>ipsis</span> <span class='ocrx_word' id='word_1_60' title='bbox 2187 843 2324 908; x_wconf 82' lang='lat' dir='ltr'>aris</span> 
     </span>
     <span class='ocr_line' id='line_1_10' title="bbox 296 931 2326 1017; baseline -0 -20"><span class='ocrx_word' id='word_1_61' title='bbox 296 933 871 1017; x_wconf 81' lang='lat' dir='ltr'>pulvinaribusque</span> <span class='ocrx_word' id='word_1_62' title='bbox 918 931 1303 1014; x_wconf 75' lang='lat' dir='ltr'>detraxeris,</span> <span class='ocrx_word' id='word_1_63' title='bbox 1349 931 1568 995; x_wconf 91' lang='lat' dir='ltr'>omnia</span> <span class='ocrx_word' id='word_1_64' title='bbox 1613 932 1748 1013; x_wconf 89' lang='lat' dir='ltr'>illa,</span> <span class='ocrx_word' id='word_1_65' title='bbox 1795 952 1959 1016; x_wconf 88' lang='lat' dir='ltr'>quae</span> <span class='ocrx_word' id='word_1_66' title='bbox 2005 935 2326 1015; x_wconf 75' lang='lat' dir='ltr'>vetustae,</span> 
     </span>
     <span class='ocr_line' id='line_1_11' title="bbox 297 1017 2326 1106; baseline 0 -21"><span class='ocrx_word' id='word_1_67' title='bbox 297 1043 463 1106; x_wconf 89' lang='lat' dir='ltr'>quae</span> <span class='ocrx_word' id='word_1_68' title='bbox 508 1020 763 1103; x_wconf 86' lang='lat' dir='ltr'>Persae,</span> <span class='ocrx_word' id='word_1_69' title='bbox 810 1041 972 1103; x_wconf 86' lang='lat' dir='ltr'>quae</span> <span class='ocrx_word' id='word_1_70' title='bbox 1018 1017 1189 1103; x_wconf 84' lang='lat' dir='ltr'>Syri,</span> <span class='ocrx_word' id='word_1_71' title='bbox 1234 1040 1398 1103; x_wconf 89' lang='lat' dir='ltr'>quae</span> <span class='ocrx_word' id='word_1_72' title='bbox 1443 1041 1632 1105; x_wconf 88' lang='lat' dir='ltr'>reges</span> <span class='ocrx_word' id='word_1_73' title='bbox 1681 1041 1924 1103; x_wconf 80' lang='lat' dir='ltr'>omneS,</span> <span class='ocrx_word' id='word_1_74' title='bbox 1969 1021 2081 1104; x_wconf 89' lang='lat' dir='ltr'>qui</span> <span class='ocrx_word' id='word_1_75' title='bbox 2116 1019 2326 1085; x_wconf 86' lang='lat' dir='ltr'>Euro-</span> 
     </span>
     <span class='ocr_line' id='line_1_12' title="bbox 294 1108 2406 1194; baseline -0.003 -20"><span class='ocrx_word' id='word_1_76' title='bbox 294 1131 448 1193; x_wconf 85' lang='lat' dir='ltr'>pam</span> <span class='ocrx_word' id='word_1_77' title='bbox 507 1108 863 1192; x_wconf 89' lang='lat' dir='ltr'>Asiamque</span> <span class='ocrx_word' id='word_1_78' title='bbox 925 1112 1300 1190; x_wconf 88' lang='lat' dir='ltr'>tenuerunt,</span> <span class='ocrx_word' id='word_1_79' title='bbox 1364 1129 1618 1192; x_wconf 87' lang='lat' dir='ltr'>semper</span> <span class='ocrx_word' id='word_1_80' title='bbox 1680 1129 1936 1172; x_wconf 88' lang='lat' dir='ltr'>summa</span> <span class='ocrx_word' id='word_1_81' title='bbox 1998 1108 2322 1194; x_wconf 85' lang='lat' dir='ltr'>religione</span> <span class='ocrx_word' id='word_1_82' title='bbox 2353 1127 2406 1168; x_wconf 81' lang='grc' dir='ltr'>ιο</span> 
     </span>
     <span class='ocr_line' id='line_1_13' title="bbox 297 1196 2324 1280; baseline 0 -18"><span class='ocrx_word' id='word_1_83' title='bbox 297 1198 659 1278; x_wconf 87' lang='lat' dir='ltr'>coluerunt,</span> <span class='ocrx_word' id='word_1_84' title='bbox 726 1197 1139 1280; x_wconf 81' lang='lat' dir='ltr'>perverteris3</span> <span class='ocrx_word' id='word_1_85' title='bbox 1214 1218 1377 1280; x_wconf 90' lang='lat' dir='ltr'>quae</span> <span class='ocrx_word' id='word_1_86' title='bbox 1438 1196 1708 1279; x_wconf 89' lang='lat' dir='ltr'>denique</span> <span class='ocrx_word' id='word_1_87' title='bbox 1765 1196 1979 1261; x_wconf 90' lang='lat' dir='ltr'>nostri</span> <span class='ocrx_word' id='word_1_88' title='bbox 2037 1199 2324 1262; x_wconf 89' lang='lat' dir='ltr'>maiores</span> 
     </span>
     <span class='ocr_line' id='line_1_14' title="bbox 295 1284 2322 1370; baseline 0.001 -22"><span class='ocrx_word' id='word_1_89' title='bbox 295 1287 434 1349; x_wconf 86' lang='lat' dir='ltr'>tam</span> <span class='ocrx_word' id='word_1_90' title='bbox 491 1288 716 1349; x_wconf 87' lang='lat' dir='ltr'>sancta</span> <span class='ocrx_word' id='word_1_91' title='bbox 769 1284 1111 1368; x_wconf 86' lang='lat' dir='ltr'>duxerunt,</span> <span class='ocrx_word' id='word_1_92' title='bbox 1168 1289 1257 1368; x_wconf 92' lang='lat' dir='ltr'>ut,</span> <span class='ocrx_word' id='word_1_93' title='bbox 1302 1307 1448 1350; x_wconf 90' lang='lat' dir='ltr'>cum</span> <span class='ocrx_word' id='word_1_94' title='bbox 1493 1284 1803 1349; x_wconf 87' lang='lat' dir='ltr'>refertam</span> <span class='ocrx_word' id='word_1_95' title='bbox 1848 1286 2074 1350; x_wconf 91' lang='lat' dir='ltr'>urbem</span> <span class='ocrx_word' id='word_1_96' title='bbox 2123 1290 2322 1370; x_wconf 88' lang='lat' dir='ltr'>atque</span> 
     </span>
     <span class='ocr_line' id='line_1_15' title="bbox 296 1372 2324 1458; baseline 0.001 -22"><span class='ocrx_word' id='word_1_97' title='bbox 296 1372 560 1437; x_wconf 86' lang='lat' dir='ltr'>Italiam</span> <span class='ocrx_word' id='word_1_98' title='bbox 601 1373 900 1438; x_wconf 88' lang='lat' dir='ltr'>fanorum</span> <span class='ocrx_word' id='word_1_99' title='bbox 937 1373 1342 1456; x_wconf 87' lang='lat' dir='ltr'>haberemus,</span> <span class='ocrx_word' id='word_1_100' title='bbox 1385 1377 1607 1438; x_wconf 89' lang='lat' dir='ltr'>tamen</span> <span class='ocrx_word' id='word_1_101' title='bbox 1642 1373 1854 1438; x_wconf 90' lang='lat' dir='ltr'>nostri</span> <span class='ocrx_word' id='word_1_102' title='bbox 1887 1373 2324 1458; x_wconf 87' lang='lat' dir='ltr'>imperatores</span> 
     </span>
     <span class='ocr_line' id='line_1_16' title="bbox 298 1460 2322 1546; baseline 0 -20"><span class='ocrx_word' id='word_1_103' title='bbox 298 1460 595 1526; x_wconf 86' lang='lat' dir='ltr'>maximis</span> <span class='ocrx_word' id='word_1_104' title='bbox 634 1467 701 1526; x_wconf 89' lang='lat' dir='ltr'>et</span> <span class='ocrx_word' id='word_1_105' title='bbox 735 1461 1300 1546; x_wconf 87' lang='lat' dir='ltr'>periculosissimis</span> <span class='ocrx_word' id='word_1_106' title='bbox 1350 1461 1541 1526; x_wconf 91' lang='lat' dir='ltr'>bellis</span> <span class='ocrx_word' id='word_1_107' title='bbox 1576 1462 1727 1526; x_wconf 89' lang='lat' dir='ltr'>huic</span> <span class='ocrx_word' id='word_1_108' title='bbox 1765 1462 1920 1526; x_wconf 89' lang='lat' dir='ltr'>deae</span> <span class='ocrx_word' id='word_1_109' title='bbox 1956 1466 2114 1527; x_wconf 88' lang='lat' dir='ltr'>vota</span> <span class='ocrx_word' id='word_1_110' title='bbox 2147 1461 2322 1528; x_wconf 85' lang='lat' dir='ltr'>face·</span> 
     </span>
     <span class='ocr_line' id='line_1_17' title="bbox 297 1548 2402 1634; baseline -0.003 -19"><span class='ocrx_word' id='word_1_111' title='bbox 297 1554 442 1615; x_wconf 88' lang='lat' dir='ltr'>rent</span> <span class='ocrx_word' id='word_1_112' title='bbox 496 1572 696 1633; x_wconf 88' lang='lat' dir='ltr'>eaque</span> <span class='ocrx_word' id='word_1_113' title='bbox 750 1549 819 1614; x_wconf 92' lang='lat' dir='ltr'>in</span> <span class='ocrx_word' id='word_1_114' title='bbox 870 1550 1015 1632; x_wconf 88' lang='lat' dir='ltr'>ipso</span> <span class='ocrx_word' id='word_1_115' title='bbox 1060 1548 1446 1614; x_wconf 76' lang='lat' dir='ltr'>Pessinunte</span> <span class='ocrx_word' id='word_1_116' title='bbox 1501 1549 1581 1614; x_wconf 91' lang='lat' dir='ltr'>ad</span> <span class='ocrx_word' id='word_1_117' title='bbox 1636 1550 1823 1614; x_wconf 90' lang='lat' dir='ltr'>illam</span> <span class='ocrx_word' id='word_1_118' title='bbox 1874 1549 2089 1632; x_wconf 85' lang='lat' dir='ltr'>ipsam</span> <span class='ocrx_word' id='word_1_119' title='bbox 2143 1551 2324 1634; x_wconf 88' lang='lat' dir='ltr'>prin-</span> <span class='ocrx_word' id='word_1_120' title='bbox 2351 1569 2402 1610; x_wconf 85' lang='lat'>15</span> 
     </span>
     <span class='ocr_line' id='line_1_18' title="bbox 300 1637 2327 1724; baseline 0.002 -22"><span class='ocrx_word' id='word_1_121' title='bbox 300 1639 507 1724; x_wconf 90' lang='lat' dir='ltr'>cipem</span> <span class='ocrx_word' id='word_1_122' title='bbox 582 1660 763 1702; x_wconf 88' lang='lat' dir='ltr'>aram</span> <span class='ocrx_word' id='word_1_123' title='bbox 838 1642 904 1702; x_wconf 91' lang='lat' dir='ltr'>et</span> <span class='ocrx_word' id='word_1_124' title='bbox 974 1638 1043 1701; x_wconf 93' lang='lat' dir='ltr'>in</span> <span class='ocrx_word' id='word_1_125' title='bbox 1114 1637 1232 1702; x_wconf 94' lang='lat' dir='ltr'>illo</span> <span class='ocrx_word' id='word_1_126' title='bbox 1307 1639 1449 1703; x_wconf 90' lang='lat' dir='ltr'>loco</span> <span class='ocrx_word' id='word_1_127' title='bbox 1511 1637 1793 1721; x_wconf 89' lang='lat' dir='ltr'>fanoque</span> <span class='ocrx_word' id='word_1_128' title='bbox 1856 1639 2327 1724; x_wconf 69' lang='lat' dir='ltr'>persolverent.</span> 
     </span>
     <span class='ocr_line' id='line_1_19' title="bbox 301 1726 2328 1810; baseline 0.001 -19"><span class='ocrx_word' id='word_1_129' title='bbox 301 1727 488 1803; x_wconf 83' lang='lat' dir='ltr'>Quod</span> <span class='ocrx_word' id='word_1_130' title='bbox 524 1748 669 1791; x_wconf 90' lang='lat' dir='ltr'>cum</span> <span class='ocrx_word' id='word_1_131' title='bbox 706 1726 1053 1791; x_wconf 74' lang='lat' dir='ltr'>Deiotarus</span> <span class='ocrx_word' id='word_1_132' title='bbox 1091 1726 1404 1810; x_wconf 87' lang='lat' dir='ltr'>religione</span> <span class='ocrx_word' id='word_1_133' title='bbox 1442 1748 1559 1790; x_wconf 86' lang='lat' dir='ltr'>sua</span> <span class='ocrx_word' id='word_1_134' title='bbox 1604 1727 1966 1791; x_wconf 87' lang='lat' dir='ltr'>castissime</span> <span class='ocrx_word' id='word_1_135' title='bbox 2011 1732 2328 1810; x_wconf 85' lang='lat' dir='ltr'>tueretur,</span> 
     </span>
     <span class='ocr_line' id='line_1_20' title="bbox 300 1814 2328 1898; baseline 0.001 -20"><span class='ocrx_word' id='word_1_136' title='bbox 300 1836 491 1898; x_wconf 90' lang='lat' dir='ltr'>quem</span> <span class='ocrx_word' id='word_1_137' title='bbox 547 1836 744 1879; x_wconf 91' lang='lat' dir='ltr'>unum</span> <span class='ocrx_word' id='word_1_138' title='bbox 797 1815 1112 1880; x_wconf 90' lang='lat' dir='ltr'>habemus</span> <span class='ocrx_word' id='word_1_139' title='bbox 1168 1815 1237 1878; x_wconf 91' lang='lat' dir='ltr'>in</span> <span class='ocrx_word' id='word_1_140' title='bbox 1293 1815 1448 1879; x_wconf 91' lang='lat' dir='ltr'>orbe</span> <span class='ocrx_word' id='word_1_141' title='bbox 1502 1818 1824 1879; x_wconf 90' lang='lat' dir='ltr'>terrarum</span> <span class='ocrx_word' id='word_1_142' title='bbox 1868 1814 2328 1880; x_wconf 89' lang='lat' dir='ltr'>fidelissimum</span> 
     </span>
     <span class='ocr_line' id='line_1_21' title="bbox 299 1903 2326 1989; baseline 0.001 -21"><span class='ocrx_word' id='word_1_143' title='bbox 299 1903 449 1969; x_wconf 87' lang='lat' dir='ltr'>huic</span> <span class='ocrx_word' id='word_1_144' title='bbox 486 1903 758 1987; x_wconf 91' lang='lat' dir='ltr'>imperio</span> <span class='ocrx_word' id='word_1_145' title='bbox 799 1907 994 1988; x_wconf 87' lang='lat' dir='ltr'>atque</span> <span class='ocrx_word' id='word_1_146' title='bbox 1034 1903 1555 1968; x_wconf 88' lang='lat' dir='ltr'>amantissimum</span> <span class='ocrx_word' id='word_1_147' title='bbox 1581 1903 1795 1969; x_wconf 87' lang='lat' dir='ltr'>nostri</span> <span class='ocrx_word' id='word_1_148' title='bbox 1824 1905 2126 1989; x_wconf 78' lang='lat' dir='ltr'>nominiS‚</span> <span class='ocrx_word' id='word_1_149' title='bbox 2163 1904 2326 1972; x_wconf 88' lang='lat' dir='ltr'>Bro-</span> 
     </span>
    </p>
   </div>
   <div class='ocr_carea' id='block_1_6' title="bbox 291 1988 2404 2079">
    <p class='ocr_par' dir='ltr' id='par_1_6' title="bbox 291 1988 2404 2079">
     <span class='ocr_line' id='line_1_22' title="bbox 291 1988 2404 2079; baseline -0.001 -24"><span class='ocrx_word' id='word_1_150' title='bbox 291 1988 532 2077; x_wconf 84' lang='lat' dir='ltr'>gitaro,</span> <span class='ocrx_word' id='word_1_151' title='bbox 568 1995 643 2055; x_wconf 91' lang='lat' dir='ltr'>ut</span> <span class='ocrx_word' id='word_1_152' title='bbox 670 1997 822 2057; x_wconf 90' lang='lat' dir='ltr'>ante</span> <span class='ocrx_word' id='word_1_153' title='bbox 852 1992 1000 2075; x_wconf 86' lang='lat' dir='ltr'>dixi,</span> <span class='ocrx_word' id='word_1_154' title='bbox 1038 1992 1366 2056; x_wconf 89' lang='lat' dir='ltr'>addictum</span> <span class='ocrx_word' id='word_1_155' title='bbox 1393 1994 1666 2077; x_wconf 90' lang='lat' dir='ltr'>pecunia</span> <span class='ocrx_word' id='word_1_156' title='bbox 1693 1993 2037 2057; x_wconf 83' lang='lat' dir='ltr'>tradidisti.</span> <span class='ocrx_word' id='word_1_157' title='bbox 2099 1994 2323 2079; x_wconf 89' lang='lat' dir='ltr'>Atque</span> <span class='ocrx_word' id='word_1_158' title='bbox 2351 2012 2404 2053; x_wconf 81' lang='lat'>20</span> 
     </span>
    </p>
   </div>
   <div class='ocr_carea' id='block_1_7' title="bbox 298 2080 2392 3577">
    <p class='ocr_par' dir='ltr' id='par_1_7' title="bbox 298 2080 2392 3577">
     <span class='ocr_line' id='line_1_23' title="bbox 299 2080 2322 2165; baseline 0.002 -22"><span class='ocrx_word' id='word_1_159' title='bbox 299 2080 470 2145; x_wconf 91' lang='lat' dir='ltr'>hunc</span> <span class='ocrx_word' id='word_1_160' title='bbox 514 2084 737 2145; x_wconf 88' lang='lat' dir='ltr'>tamen</span> <span class='ocrx_word' id='word_1_161' title='bbox 777 2080 1155 2145; x_wconf 87' lang='lat' dir='ltr'>Deiotarum</span> <span class='ocrx_word' id='word_1_162' title='bbox 1202 2101 1394 2164; x_wconf 88' lang='lat' dir='ltr'>saepe</span> <span class='ocrx_word' id='word_1_163' title='bbox 1442 2103 1481 2145; x_wconf 92' lang='lat' dir='ltr'>a</span> <span class='ocrx_word' id='word_1_164' title='bbox 1527 2085 1757 2146; x_wconf 90' lang='lat' dir='ltr'>senatu</span> <span class='ocrx_word' id='word_1_165' title='bbox 1801 2082 2010 2165; x_wconf 90' lang='lat' dir='ltr'>regali</span> <span class='ocrx_word' id='word_1_166' title='bbox 2055 2084 2322 2147; x_wconf 89' lang='lat' dir='ltr'>nomine</span> 
     </span>
     <span class='ocr_line' id='line_1_24' title="bbox 300 2169 2323 2270; baseline 0.001 -37"><span class='ocrx_word' id='word_1_167' title='bbox 300 2169 568 2270; x_wconf 70' lang='lat' dir='ltr'>dignum</span> <span class='ocrx_word' id='word_1_168' title='bbox 596 2170 1055 2250; x_wconf 86' lang='lat' dir='ltr'>existimatum,</span> <span class='ocrx_word' id='word_1_169' title='bbox 1092 2169 1604 2233; x_wconf 89' lang='lat' dir='ltr'>clarissimorum</span> <span class='ocrx_word' id='word_1_170' title='bbox 1633 2170 2103 2251; x_wconf 84' lang='lat' dir='ltr'>imperatorum</span> <span class='ocrx_word' id='word_1_171' title='bbox 2139 2172 2323 2235; x_wconf 88' lang='lat' dir='ltr'>testi-</span> 
     </span>
     <span class='ocr_line' id='line_1_25' title="bbox 299 2257 2321 2345; baseline 0.001 -24"><span class='ocrx_word' id='word_1_172' title='bbox 299 2258 535 2323; x_wconf 91' lang='lat' dir='ltr'>moniis</span> <span class='ocrx_word' id='word_1_173' title='bbox 583 2261 884 2322; x_wconf 89' lang='lat' dir='ltr'>ornatum</span> <span class='ocrx_word' id='word_1_174' title='bbox 929 2261 1002 2321; x_wconf 88' lang='lat' dir='ltr'>tu</span> <span class='ocrx_word' id='word_1_175' title='bbox 1049 2257 1247 2321; x_wconf 88' lang='lat' dir='ltr'>etiam</span> <span class='ocrx_word' id='word_1_176' title='bbox 1292 2277 1512 2342; x_wconf 89' lang='lat' dir='ltr'>regem</span> <span class='ocrx_word' id='word_1_177' title='bbox 1553 2258 1870 2342; x_wconf 90' lang='lat' dir='ltr'>appellari</span> <span class='ocrx_word' id='word_1_178' title='bbox 1909 2280 2054 2323; x_wconf 92' lang='lat' dir='ltr'>cum</span> <span class='ocrx_word' id='word_1_179' title='bbox 2091 2257 2321 2345; x_wconf 62' lang='lat' dir='ltr'>Brogi⁴</span> 
     </span>
     <span class='ocr_line' id='line_1_26' title="bbox 298 2344 2318 2431; baseline 0.001 -22"><span class='ocrx_word' id='word_1_180' title='bbox 298 2348 445 2410; x_wconf 89' lang='lat' dir='ltr'>taro</span> <span class='ocrx_word' id='word_1_181' title='bbox 490 2346 693 2409; x_wconf 79' lang='lat' dir='ltr'>iubeS.</span> <span class='ocrx_word' id='word_1_182' title='bbox 766 2344 891 2410; x_wconf 83' lang='lat' dir='ltr'>Sed</span> <span class='ocrx_word' id='word_1_183' title='bbox 938 2346 1103 2410; x_wconf 87' lang='lat' dir='ltr'>alter</span> <span class='ocrx_word' id='word_1_184' title='bbox 1148 2348 1249 2409; x_wconf 89' lang='lat' dir='ltr'>est</span> <span class='ocrx_word' id='word_1_185' title='bbox 1295 2367 1405 2410; x_wconf 85' lang='lat' dir='ltr'>rex</span> <span class='ocrx_word' id='word_1_186' title='bbox 1451 2345 1684 2410; x_wconf 91' lang='lat' dir='ltr'>iudicio</span> <span class='ocrx_word' id='word_1_187' title='bbox 1725 2351 1990 2411; x_wconf 87' lang='lat' dir='ltr'>senatus</span> <span class='ocrx_word' id='word_1_188' title='bbox 2027 2368 2146 2431; x_wconf 87' lang='lat' dir='ltr'>per</span> <span class='ocrx_word' id='word_1_189' title='bbox 2181 2370 2318 2431; x_wconf 75' lang='lat' dir='ltr'>n08,</span> 
     </span>
     <span class='ocr_line' id='line_1_27' title="bbox 298 2431 2392 2519; baseline 0 -21"><span class='ocrx_word' id='word_1_190' title='bbox 298 2434 572 2519; x_wconf 90' lang='lat' dir='ltr'>pecunia</span> <span class='ocrx_word' id='word_1_191' title='bbox 635 2431 1021 2517; x_wconf 89' lang='lat' dir='ltr'>Brogitarus</span> <span class='ocrx_word' id='word_1_192' title='bbox 1082 2455 1202 2517; x_wconf 89' lang='lat' dir='ltr'>per</span> <span class='ocrx_word' id='word_1_193' title='bbox 1263 2437 1330 2498; x_wconf 91' lang='lat' dir='ltr'>te</span> <span class='ocrx_word' id='word_1_194' title='bbox 1385 2434 1751 2517; x_wconf 88' lang='lat' dir='ltr'>appellatus</span> <span class='ocrx_word' id='word_1_195' title='bbox 1807 2432 1846 2474; x_wconf 70' lang='lat'>³¹³</span> <span class='ocrx_word' id='word_1_196' title='bbox 1875 2432 1914 2475; x_wconf 78' lang='lat'>&#39;¹‘</span> <span class='ocrx_word' id='word_1_197' title='bbox 1944 2432 1983 2474; x_wconf 71' lang='lat'>³¹²</span> <span class='ocrx_word' id='word_1_198' title='bbox 2040 2436 2318 2501; x_wconf 87' lang='lat' dir='ltr'>alterum</span> <span class='ocrx_word' id='word_1_199' title='bbox 2345 2451 2392 2491; x_wconf 84' lang='lat'>2⁵</span> 
     </span>
     <span class='ocr_line' id='line_1_28' title="bbox 300 2521 2319 2614; baseline 0.001 -29"><span class='ocrx_word' id='word_1_200' title='bbox 300 2522 544 2606; x_wconf 89' lang='lat' dir='ltr'>putabo</span> <span class='ocrx_word' id='word_1_201' title='bbox 593 2542 839 2606; x_wconf 91' lang='lat' dir='ltr'>regem,</span> <span class='ocrx_word' id='word_1_202' title='bbox 896 2522 952 2585; x_wconf 89' lang='lat' dir='ltr'>si</span> <span class='ocrx_word' id='word_1_203' title='bbox 997 2521 1326 2603; x_wconf 89' lang='lat' dir='ltr'>habuerit,</span> <span class='ocrx_word' id='word_1_204' title='bbox 1373 2522 1538 2587; x_wconf 89' lang='lat' dir='ltr'>unde</span> <span class='ocrx_word' id='word_1_205' title='bbox 1585 2522 1709 2586; x_wconf 90' lang='lat' dir='ltr'>tibi</span> <span class='ocrx_word' id='word_1_206' title='bbox 1754 2522 1994 2614; x_wconf 89' lang='lat' dir='ltr'>solvat,</span> <span class='ocrx_word' id='word_1_207' title='bbox 2043 2523 2215 2607; x_wconf 88' lang='lat' dir='ltr'>quod</span> <span class='ocrx_word' id='word_1_208' title='bbox 2261 2523 2319 2587; x_wconf 92' lang='lat' dir='ltr'>ei</span> 
     </span>
     <span class='ocr_line' id='line_1_29' title="bbox 299 2608 2318 2697; baseline 0.001 -25"><span class='ocrx_word' id='word_1_209' title='bbox 299 2630 416 2693; x_wconf 85' lang='lat' dir='ltr'>per</span> <span class='ocrx_word' id='word_1_210' title='bbox 480 2609 920 2693; x_wconf 81' lang='lat' dir='ltr'>syngrapham</span> <span class='ocrx_word' id='word_1_211' title='bbox 984 2609 1333 2675; x_wconf 88' lang='lat' dir='ltr'>credidisti.</span> <span class='ocrx_word' id='word_1_212' title='bbox 1421 2608 1594 2675; x_wconf 89' lang='lat' dir='ltr'>Nam</span> <span class='ocrx_word' id='word_1_213' title='bbox 1659 2632 1802 2675; x_wconf 91' lang='lat' dir='ltr'>cum</span> <span class='ocrx_word' id='word_1_214' title='bbox 1867 2612 2078 2676; x_wconf 90' lang='lat' dir='ltr'>multa</span> <span class='ocrx_word' id='word_1_215' title='bbox 2141 2614 2318 2697; x_wconf 89' lang='lat' dir='ltr'>regia</span> 
     </span>
     <span class='ocr_line' id='line_1_30' title="bbox 302 2695 2314 2784; baseline 0.001 -22"><span class='ocrx_word' id='word_1_216' title='bbox 302 2697 502 2762; x_wconf 87' lang='lat' dir='ltr'>sunt</span> <span class='ocrx_word' id='word_1_217' title='bbox 483 2720 553 2761; x_wconf 90' lang='lat' dir='ltr'>m</span> <span class='ocrx_word' id='word_1_218' title='bbox 581 2695 908 2780; x_wconf 83' lang='lat' dir='ltr'>DeiotarO,</span> <span class='ocrx_word' id='word_1_219' title='bbox 946 2702 1087 2762; x_wconf 90' lang='lat' dir='ltr'>tum</span> <span class='ocrx_word' id='word_1_220' title='bbox 1123 2698 1240 2762; x_wconf 90' lang='lat' dir='ltr'>illa</span> <span class='ocrx_word' id='word_1_221' title='bbox 1277 2698 1576 2780; x_wconf 84' lang='lat' dir='ltr'>maxime,</span> <span class='ocrx_word' id='word_1_222' title='bbox 1614 2700 1784 2784; x_wconf 89' lang='lat' dir='ltr'>quod</span> <span class='ocrx_word' id='word_1_223' title='bbox 1819 2699 1946 2764; x_wconf 91' lang='lat' dir='ltr'>tibi</span> <span class='ocrx_word' id='word_1_224' title='bbox 1981 2722 2314 2765; x_wconf 89' lang='lat' dir='ltr'>nummum</span> 
     </span>
     <span class='ocr_line' id='line_1_31' title="bbox 300 2785 2316 2873; baseline 0 -22"><span class='ocrx_word' id='word_1_225' title='bbox 300 2786 552 2851; x_wconf 88' lang='lat' dir='ltr'>nullum</span> <span class='ocrx_word' id='word_1_226' title='bbox 592 2785 785 2868; x_wconf 88' lang='lat' dir='ltr'>dedit,</span> <span class='ocrx_word' id='word_1_227' title='bbox 832 2787 1002 2870; x_wconf 91' lang='lat' dir='ltr'>quod</span> <span class='ocrx_word' id='word_1_228' title='bbox 1048 2807 1189 2850; x_wconf 91' lang='lat' dir='ltr'>eam</span> <span class='ocrx_word' id='word_1_229' title='bbox 1235 2790 1490 2871; x_wconf 89' lang='lat' dir='ltr'>partem</span> <span class='ocrx_word' id='word_1_230' title='bbox 1535 2788 1701 2873; x_wconf 90' lang='lat' dir='ltr'>legis</span> <span class='ocrx_word' id='word_1_231' title='bbox 1747 2790 1916 2871; x_wconf 90' lang='lat' dir='ltr'>tuae,</span> <span class='ocrx_word' id='word_1_232' title='bbox 1962 2809 2128 2872; x_wconf 89' lang='lat' dir='ltr'>quae</span> <span class='ocrx_word' id='word_1_233' title='bbox 2175 2810 2316 2854; x_wconf 88' lang='lat' dir='ltr'>con·</span> 
     </span>
     <span class='ocr_line' id='line_1_32' title="bbox 303 2873 2386 2961; baseline 0 -22"><span class='ocrx_word' id='word_1_234' title='bbox 303 2875 581 2960; x_wconf 87' lang='lat' dir='ltr'>gruebat</span> <span class='ocrx_word' id='word_1_235' title='bbox 626 2896 771 2939; x_wconf 86' lang='lat' dir='ltr'>cum</span> <span class='ocrx_word' id='word_1_236' title='bbox 817 2873 1051 2939; x_wconf 90' lang='lat' dir='ltr'>iudicio</span> <span class='ocrx_word' id='word_1_237' title='bbox 1100 2878 1391 2953; x_wconf 89' lang='lat' dir='ltr'>senatus,</span> <span class='ocrx_word' id='word_1_238' title='bbox 1446 2879 1520 2939; x_wconf 92' lang='lat' dir='ltr'>ut</span> <span class='ocrx_word' id='word_1_239' title='bbox 1571 2876 1712 2960; x_wconf 88' lang='lat' dir='ltr'>ipse</span> <span class='ocrx_word' id='word_1_240' title='bbox 1765 2898 1878 2940; x_wconf 83' lang='lat' dir='ltr'>rex</span> <span class='ocrx_word' id='word_1_241' title='bbox 1933 2878 2136 2961; x_wconf 90' lang='lat' dir='ltr'>esset,</span> <span class='ocrx_word' id='word_1_242' title='bbox 2189 2898 2314 2941; x_wconf 91' lang='lat' dir='ltr'>non</span> <span class='ocrx_word' id='word_1_243' title='bbox 2341 2893 2386 2931; x_wconf 76' lang='lat'>³0</span> 
     </span>
     <span class='ocr_line' id='line_1_33' title="bbox 302 2962 2314 3047; baseline 0.001 -20"><span class='ocrx_word' id='word_1_244' title='bbox 302 2962 693 3047; x_wconf 89' lang='lat' dir='ltr'>repudiavit,</span> <span class='ocrx_word' id='word_1_245' title='bbox 750 2962 917 3045; x_wconf 89' lang='lat' dir='ltr'>quod</span> <span class='ocrx_word' id='word_1_246' title='bbox 962 2962 1418 3027; x_wconf 88' lang='lat' dir='ltr'>Pessinuntem</span> <span class='ocrx_word' id='word_1_247' title='bbox 1472 2985 1589 3046; x_wconf 89' lang='lat' dir='ltr'>per</span> <span class='ocrx_word' id='word_1_248' title='bbox 1643 2966 1850 3030; x_wconf 91' lang='lat' dir='ltr'>scelus</span> <span class='ocrx_word' id='word_1_249' title='bbox 1908 2987 1947 3029; x_wconf 89' lang='lat' dir='ltr'>a</span> <span class='ocrx_word' id='word_1_250' title='bbox 1999 2970 2067 3029; x_wconf 90' lang='lat' dir='ltr'>te</span> <span class='ocrx_word' id='word_1_251' title='bbox 2121 2964 2314 3030; x_wconf 88' lang='lat' dir='ltr'>viola-</span> 
     </span>
     <span class='ocr_line' id='line_1_34' title="bbox 302 3051 2315 3137; baseline 0 -22"><span class='ocrx_word' id='word_1_252' title='bbox 302 3055 444 3115; x_wconf 91' lang='lat' dir='ltr'>tum</span> <span class='ocrx_word' id='word_1_253' title='bbox 492 3054 558 3115; x_wconf 90' lang='lat' dir='ltr'>et</span> <span class='ocrx_word' id='word_1_254' title='bbox 605 3051 937 3116; x_wconf 89' lang='lat' dir='ltr'>sacerdote</span> <span class='ocrx_word' id='word_1_255' title='bbox 985 3052 1315 3134; x_wconf 89' lang='lat' dir='ltr'>sacrisque</span> <span class='ocrx_word' id='word_1_256' title='bbox 1363 3051 1719 3134; x_wconf 89' lang='lat' dir='ltr'>spoliatum</span> <span class='ocrx_word' id='word_1_257' title='bbox 1772 3054 2205 3137; x_wconf 85' lang='lat' dir='ltr'>recuperavit,</span> <span class='ocrx_word' id='word_1_258' title='bbox 2247 3056 2315 3117; x_wconf 90' lang='lat' dir='ltr'>ut</span> 
     </span>
     <span class='ocr_line' id='line_1_35' title="bbox 300 3139 2312 3224; baseline -0 -20"><span class='ocrx_word' id='word_1_259' title='bbox 300 3139 371 3204; x_wconf 93' lang='lat' dir='ltr'>in</span> <span class='ocrx_word' id='word_1_260' title='bbox 432 3139 711 3224; x_wconf 89' lang='lat' dir='ltr'>pristina</span> <span class='ocrx_word' id='word_1_261' title='bbox 771 3139 1085 3223; x_wconf 88' lang='lat' dir='ltr'>religione</span> <span class='ocrx_word' id='word_1_262' title='bbox 1146 3144 1459 3222; x_wconf 89' lang='lat' dir='ltr'>servaret,</span> <span class='ocrx_word' id='word_1_263' title='bbox 1525 3141 1697 3224; x_wconf 90' lang='lat' dir='ltr'>quod</span> <span class='ocrx_word' id='word_1_264' title='bbox 1754 3142 2180 3207; x_wconf 88' lang='lat' dir='ltr'>caerimonias</span> <span class='ocrx_word' id='word_1_265' title='bbox 2238 3140 2312 3205; x_wconf 88' lang='lat' dir='ltr'>ab</span> 
     </span>
     <span class='ocr_line' id='line_1_36' title="bbox 304 3227 2313 3313; baseline -0 -22"><span class='ocrx_word' id='word_1_266' title='bbox 304 3228 479 3291; x_wconf 91' lang='lat' dir='ltr'>omni</span> <span class='ocrx_word' id='word_1_267' title='bbox 534 3230 860 3291; x_wconf 87' lang='lat' dir='ltr'>vetustate</span> <span class='ocrx_word' id='word_1_268' title='bbox 914 3231 1208 3310; x_wconf 88' lang='lat' dir='ltr'>acceptas</span> <span class='ocrx_word' id='word_1_269' title='bbox 1257 3250 1297 3292; x_wconf 90' lang='lat' dir='ltr'>a</span> <span class='ocrx_word' id='word_1_270' title='bbox 1342 3227 1690 3313; x_wconf 87' lang='lat' dir='ltr'>Brogitaro</span> <span class='ocrx_word' id='word_1_271' title='bbox 1736 3229 1944 3313; x_wconf 88' lang='lat' dir='ltr'>pollui</span> <span class='ocrx_word' id='word_1_272' title='bbox 1987 3252 2121 3295; x_wconf 89' lang='lat' dir='ltr'>non</span> <span class='ocrx_word' id='word_1_273' title='bbox 2169 3228 2313 3295; x_wconf 84' lang='lat' dir='ltr'>sinit</span> 
     </span>
     <span class='ocr_line' id='line_1_37' title="bbox 302 3315 2372 3401; baseline 0.001 -24"><span class='ocrx_word' id='word_1_274' title='bbox 302 3315 676 3398; x_wconf 90' lang='lat' dir='ltr'>mavoltque</span> <span class='ocrx_word' id='word_1_275' title='bbox 749 3336 1056 3399; x_wconf 86' lang='lat' dir='ltr'>generum</span> <span class='ocrx_word' id='word_1_276' title='bbox 1132 3338 1320 3379; x_wconf 90' lang='lat' dir='ltr'>suum</span> <span class='ocrx_word' id='word_1_277' title='bbox 1394 3338 1656 3381; x_wconf 89' lang='lat' dir='ltr'>munere</span> <span class='ocrx_word' id='word_1_278' title='bbox 1718 3324 1832 3382; x_wconf 89' lang='lat' dir='ltr'>tuo</span> <span class='ocrx_word' id='word_1_279' title='bbox 1896 3340 2092 3401; x_wconf 90' lang='lat' dir='ltr'>quam</span> <span class='ocrx_word' id='word_1_280' title='bbox 2159 3315 2372 3382; x_wconf 78' lang='lat' dir='ltr'>illud³⁵</span> 
     </span>
     <span class='ocr_line' id='line_1_38' title="bbox 300 3402 2312 3488; baseline 0.003 -26"><span class='ocrx_word' id='word_1_281' title='bbox 300 3402 525 3464; x_wconf 83' lang='lat' dir='ltr'>fanum</span> <span class='ocrx_word' id='word_1_282' title='bbox 582 3402 969 3486; x_wconf 89' lang='lat' dir='ltr'>antiquitate</span> <span class='ocrx_word' id='word_1_283' title='bbox 1024 3402 1360 3488; x_wconf 87' lang='lat' dir='ltr'>religionis</span> <span class='ocrx_word' id='word_1_284' title='bbox 1420 3425 1656 3469; x_wconf 89' lang='lat' dir='ltr'>carere.</span> <span class='ocrx_word' id='word_1_285' title='bbox 1746 3402 1871 3469; x_wconf 85' lang='lat' dir='ltr'>Sed</span> <span class='ocrx_word' id='word_1_286' title='bbox 1917 3410 1990 3470; x_wconf 90' lang='lat' dir='ltr'>ut</span> <span class='ocrx_word' id='word_1_287' title='bbox 2037 3406 2118 3470; x_wconf 87' lang='lat' dir='ltr'>ad</span> <span class='ocrx_word' id='word_1_288' title='bbox 2163 3406 2312 3469; x_wconf 87' lang='lat' dir='ltr'>haec</span> 
     </span>
     <span class='ocr_line' id='line_1_39' title="bbox 302 3486 2308 3577; baseline 0.004 -29"><span class='ocrx_word' id='word_1_289' title='bbox 302 3486 717 3571; x_wconf 87' lang='lat' dir='ltr'>haruspicum</span> <span class='ocrx_word' id='word_1_290' title='bbox 762 3510 1074 3575; x_wconf 88' lang='lat' dir='ltr'>responsa</span> <span class='ocrx_word' id='word_1_291' title='bbox 1119 3490 1406 3574; x_wconf 87' lang='lat' dir='ltr'>redeam,</span> <span class='ocrx_word' id='word_1_292' title='bbox 1463 3513 1540 3555; x_wconf 84' lang='lat' dir='ltr'>ex</span> <span class='ocrx_word' id='word_1_293' title='bbox 1597 3493 1828 3577; x_wconf 91' lang='lat' dir='ltr'>quibus</span> <span class='ocrx_word' id='word_1_294' title='bbox 1884 3498 1985 3558; x_wconf 89' lang='lat' dir='ltr'>est</span> <span class='ocrx_word' id='word_1_295' title='bbox 2038 3493 2308 3577; x_wconf 85' lang='lat' dir='ltr'>primum</span> 
     </span>
    </p>
   </div>
   <div class='ocr_carea' id='block_1_8' title="bbox 2501 727 2534 752">
    <p class='ocr_par' dir='ltr' id='par_1_8' title="bbox 2501 727 2534 752">
     <span class='ocr_line' id='line_1_40' title="bbox 2501 727 2534 752; baseline 0 -4"><span class='ocrx_word' id='word_1_296' title='bbox 2501 727 2534 752; x_wconf 66' lang='grc'>,1</span> 
     </span>
    </p>
   </div>
  </div>
 </body>
</html>
