2534 3875
811 189 960 245 CAP.
1003 194 1207 244 15-17
1247 195 1540 256 §'32-—37.
2052 189 2181 255 529

174 357 304 399 non
340 336 619 419 poterat,
665 334 733 397 in
778 334 995 398 vincla
1039 333 1312 400 coniecit
1358 337 1424 397 et
1468 332 1783 398 medicum
1829 335 2184 400 intromisit

176 445 390 505 suum,
446 423 556 506 qui
602 422 847 504 legatO,
905 421 1078 486 socio
1092 471 1109 504 ,
1164 422 1398 503 amico,
1453 421 1657 485 libero
1704 421 2071 488 foedissime
2118 429 2183 489 et

177 511 616 576 crudelissime
672 531 868 574 venas
928 509 1252 574 incideret.
1346 507 1609 574 Secures
1667 532 1815 574 suas
1865 513 2184 576 cruentari

179 600 418 664 scelere
474 597 710 681 noluit3
773 619 1006 661 nomen
1067 597 1323 681 quidem
1382 597 1608 681 populi
1666 596 1942 662 Romani
1997 603 2180 665 tanto

87 702 118 743 ὅ
180 687 417 752 scelere
455 685 938 769 contaminavit,
985 689 1056 749 ut
1101 685 1167 749 id
1211 685 1396 750 nulla
1437 707 1507 749 re
1552 685 1762 769 possit
1806 687 1933 750 nisi
1978 687 2181 770 ipsius

179 773 492 857 supplicio
567 773 828 857 expiari.
931 772 1164 849 Quales
1236 773 1408 838 hunc
1480 773 1805 838 carnifices
1879 778 2181 859 putamus

175 863 439 945 habere,
495 862 605 945 qui
660 861 855 926 etiam
912 861 1173 926 medicis
1231 861 1365 926 suis
1409 883 1541 926 non
1587 861 1669 926 ad
1715 863 2015 946 salutem,
2071 863 2182 927 sed

178 950 259 1014 ad
300 971 523 1014 necem
568 950 837 1014 utatur?

311 1036 435 1101 Sed
479 1038 839 1121 recitemus,
887 1038 1035 1121 quid
1084 1041 1405 1122 sequatur.
1480 1037 1554 1101 ‘F
1556 1055 1732 1102 ΙΒΕΜ
1779 1056 2033 1116 1USQUE
2080 1057 2179 1104 11]-
2207 1018 2286 1143 13⁹}

92 1142 149 1180 10
177 1143 470 1191 RANDUM
508 1125 965 1190 NEGLECTUM?
1031 1125 1171 1191 Hoc
1209 1126 1361 1210 quid
1401 1125 1502 1207 sit,
1546 1148 1661 1210 per
1700 1147 1766 1190 se
1803 1127 2014 1209 ipsum
2051 1149 2183 1192 non

176 1214 366 1279 facile
423 1215 836 1298 interpretor,
883 1213 994 1278 sed
1039 1235 1116 1277 ex
1162 1235 1236 1278 eo
1247 1264 1265 1296 ,
1312 1212 1482 1297 quod
1529 1215 1847 1298 sequitur,
1892 1215 2184 1300 suspicor

180 1303 256 1366 de
319 1305 579 1367 tuorum
642 1301 921 1367 iudicum
984 1300 1326 1365 manifesto
1390 1301 1670 1386 periurio
1734 1303 1887 1386 dici,
1950 1304 2181 1387 quibus

179 1391 338 1455 olim
393 1391 598 1474 erepti
652 1394 866 1454 essent
916 1389 1190 1467 nummi,
1241 1390 1371 1454 nisi
1426 1412 1465 1453 a
1522 1393 1749 1453 senatu
1793 1392 2182 1474 praesidium

178 1478 632 1563 postulassent.
724 1477 934 1552 Quare
981 1481 1195 1542 autem
1243 1477 1321 1541 de
1365 1477 1447 1541 iis
1493 1477 1619 1543 dici
1664 1480 1978 1561 suspicer,
2023 1479 2182 1544 haec

97 1581 150 1621 15
182 1587 376 1631 causa.
430 1569 556 1648 est,
610 1566 776 1649 quod
834 1567 925 1630 sic
981 1569 1223 1644 statue,
1289 1569 1354 1630 et
1406 1565 1567 1630 illud
1620 1566 1689 1628 in
1742 1565 1864 1630 hac
1924 1567 2180 1631 civitate

181 1675 319 1718 esse
375 1655 652 1717 maxime
706 1654 976 1738 inlus-tre
1032 1657 1225 1737 atque
1262 1653 1532 1738 insigne
1586 1655 1935 1738 periurium
1992 1658 2058 1718 et
2114 1659 2181 1719 te

178 1743 392 1826 ipsum
450 1745 668 1806 tamen
726 1742 794 1806 in
851 1743 1114 1825 periurii
1176 1741 1418 1806 crimen
1484 1742 1566 1805 ab
1630 1742 1737 1824 iis,
1802 1742 2181 1825 quibuscum

180 1830 563 1911 coniurasti,
607 1851 737 1894 non
782 1830 1013 1894 vocari.

309 1917 399 1982 Et
444 1916 626 1982 video
672 1918 742 1982 in
786 1917 1196 2002 haruspicum
1242 1939 1619 2002 responsum
1664 1914 1821 1982 haec
1860 1940 1998 1983 esse
2038 1918 2181 1983 sub·
2220 1935 2286 1986 37

91 2023 148 2062 20
175 2006 420 2071 iuncta:
459 2004 882 2071 ‘SACRIFICIA
917 2022 1227 2073 VETUSTA
1265 2022 1724 2083 occUL'rAQUE
1760 2024 1969 2071 MJNUS
2006 2025 2182 2072 DILI-

179 2111 465 2159 GENTER
526 2110 751 2159 FACTA
809 2093 1323 2172 POLLUTAQUE.'
1412 2093 1804 2178 Haruspices
1868 2094 2027 2160 haec
2091 2096 2182 2160 lo-

180 2185 411 2245 cuntur
474 2203 557 2246 an
617 2184 815 2265 patrii
876 2186 1268 2266 penatesque
1334 2181 1442 2246 di?
1530 2181 1723 2246 Multi
1786 2182 1957 2247 enim
2014 2188 2181 2266 sunt,

181 2267 396 2350 credo,
453 2269 522 2331 in
581 2290 742 2352 quos
800 2270 991 2335 huius
1037 2270 1337 2334 maleficii
1391 2270 1671 2353 suspicio
1728 2270 1932 2335 cadat.
2023 2270 2179 2345 Quis

180 2359 438 2439 praeter
481 2356 651 2421 hunc
686 2359 928 2422 unum‘?
994 2357 1277 2423 Obscure
1316 2357 1564 2441 dicitur,
1610 2379 1772 2441 quae
1818 2380 2001 2423 sacra.
2045 2360 2179 2443 pol-

96 2443 317 2507 251uta
354 2442 528 2508 sint?
582 2442 747 2519 Quid
785 2446 1058 2529 planiUS,
1105 2445 1257 2529 quid
1293 2445 1679 2530 religiosius,
1726 2446 1877 2530 quid
1914 2448 2177 2531 gravius

182 2531 304 2596 dici
349 2531 667 2615 potest?
671 2549 989 2599 vn'rus‘rA
1027 2533 1518 2611 occunuomi?
1584 2531 1770 2618 Nego
1812 2534 1949 2599 ulla
1988 2535 2180 2600 verba

180 2618 548 2703 Lentulum,
584 2640 851 2705 gravem
888 2624 1212 2687 oratorem
1249 2643 1324 2686 ac
1361 2621 1686 2705 disertum,
1723 2622 1996 2707 saepius,
2034 2645 2179 2689 cum

179 2711 245 2771 te
307 2712 660 2792 accusaret,
723 2730 1070 2794 usurpasse
1142 2730 1335 2793 quam
1398 2709 1582 2793 haec,
1646 2731 1808 2793 quae
1870 2732 2037 2777 nunc
2102 2733 2178 2776 ex

178 2794 470 2861 Etruscis
524 2796 708 2861 libris
762 2798 830 2862 in
883 2803 949 2862 te
1005 2818 1315 2863 conversa
1368 2801 1559 2881 atque
1612 2797 2035 2881 interpretata
2090 2798 2177 2861 di-

95 2900 152 2941 30
181 2886 430 2949 cuntur.
519 2882 779 2949 Etenim
827 2885 998 2970 quod
1043 2884 1428 2950 sacrificium
1472 2890 1610 2950 tam
1655 2884 2030 2950 vetustum'
2078 2890 2178 2950 est

181 2994 374 3056 quam
418 2971 568 3055 hoc,
625 2974 793 3056 quod
839 2997 878 3039 a.
923 2973 1182 3059 regibus
1231 2973 1497 3058 aequale
1541 2974 1732 3038 huius
1778 2972 1955 3037 urbis
2002 2994 2177 3039 acce-

177 3059 433 3144 pimus?
494 3061 665 3144 quod
719 3065 933 3127 autem
988 3066 1128 3126 tam
1188 3060 1551 3127 ‘occultum'
1612 3082 1802 3144 quam
1860 3059 1949 3137 id,
2008 3060 2178 3143 quod

175 3169 307 3212 non
345 3148 555 3213 solum
593 3149 878 3215 curiosos
917 3151 1138 3216 oculos
1177 3149 1469 3230 excludit,
1507 3147 1618 3213 sed
1657 3147 1853 3211 ctiam
1882 3150 2179 3232 errantis,

178 3257 304 3319 quo
350 3258 480 3301 non
527 3232 718 3301 modo
762 3237 1143 3322 inprobitaS,
1189 3237 1301 3302 sed
1348 3258 1427 3300 ne
1472 3234 1885 3319 inprudentia
1922 3235 2177 3319 quidem

91 3340 147 3379 3⁵
175 3323 382 3406 possit
444 3324 729 3389 intrare?
796 3325 967 3409 quod
1026 3325 1282 3426 quidem
1341 3323 1722 3388 sacrificium
1779 3344 1967 3387 nemo
2029 3329 2177 3389 ante

175 3410 244 3475 P.
292 3409 586 3478 Clodium
653 3415 828 3479 omni
893 3414 1201 3479 memoria
1264 3411 1561 3493 violavit,
1622 3432 1810 3476 nemo
1874 3434 2178 3496 umquam

173 3499 362 3582 adiit,
413 3522 604 3566 nemo
649 3502 965 3587 neglexit,
1019 3522 1206 3567 nemo
1253 3499 1355 3565 vir
1398 3498 1681 3583 aspicere
1725 3520 1857 3564 non
1901 3499 2176 3584 horruit,

278 3612 473 3654 c10.11.
512 3617 552 3656 2.
683 3646 690 3652 .
1790 3608 1858 3656 34
