2534 3875
237 939 306 986 41

239 1908 310 1957 42

343 161 476 226 354
937 158 1081 214 PRO
1118 159 1180 214 P.
1219 157 1451 214 SULLA
1488 158 1784 214 ORATIO.

344 327 489 370 meo
536 304 799 390 ingenio
848 303 1020 387 dare,
1064 307 1139 368 ut
1183 307 1289 368 tot
1336 325 1438 368 res
1484 307 1726 384 tantas,
1774 307 1919 368 tam
1966 305 2217 386 variaS,
2260 307 2387 367 tam

341 394 718 478 repentinas
775 392 846 457 in
898 393 1018 456 illa
1076 392 1641 456 turbulentissima
1686 395 2095 474 tempestate
2144 391 2244 455 rei
2286 414 2387 475 pu-

345 482 555 546 blicae
611 502 758 544 mea
813 484 1045 563 sponte
1103 477 1521 566 dispexerim)
1580 501 1695 544 vos
1741 479 2051 563 profecto
2100 481 2387 544 animum

345 591 562 634 meum
597 572 740 633 tum
777 569 1256 634 conservandae
1294 569 1547 650 patriae
1586 567 1946 651 cupiditate
1984 567 2387 648 incendistis,

344 679 462 723 vos
519 679 620 722 me
677 658 761 721 ab
819 657 1120 721 omnibus
1177 657 1410 722 ceteris
1468 656 1984 741 cogitationibus
2052 657 2142 720 ad
2200 678 2385 720 unam
2406 672 2435 711 ⁵

348 748 626 812 salutem
674 745 768 809 rei
815 745 1114 828 publicae
1161 745 1592 827 convertistis,
1636 767 1753 810 vos
1802 744 2088 828 denique
2138 745 2217 810 in
2260 749 2387 807 tan-

346 835 434 900 tis
491 834 778 899 tenebris
835 834 1074 898 erroris
1131 838 1198 897 et
1241 833 1626 898 inscientiae
1672 833 2123 898 clarissimum
2176 834 2389 896 lumen

347 923 553 988 menti
608 943 787 987 meae
843 921 1268 1006 praetulistis,
1341 920 1494 986 Vidi
1550 942 1671 1006 ego
1726 921 1881 1004 hoc,
1927 920 2187 986 iudices
2198 972 2217 1004 ,
2270 921 2387 984 nisi

347 1011 592 1076 recenti
660 1010 976 1075 memoria
1041 1013 1305 1074 senatus
1372 1012 1831 1074 auctoritatem
1894 1009 2097 1073 huius
2168 1009 2387 1073 indicii

347 1099 785 1164 monumentis
822 1098 1102 1183 publicis
1140 1100 1423 1162 testatus
1462 1120 1690 1180 essem,
1733 1098 1873 1161 for‘e
1912 1101 1989 1161 ut
2030 1097 2385 1182 aliquando
2410 1115 2449 1153 1⁰

346 1210 479 1252 non
517 1187 886 1270 Torquatus
932 1208 1141 1271 neque
1179 1185 1498 1271 Torquati
1545 1186 1868 1270 quispiam
1916 1185 2166 1250 similis
2212 1183 2387 1272 (nam

346 1277 412 1340 id
487 1297 590 1340 me
663 1277 944 1339 multum
1014 1273 1312 1358 fefellit),
1386 1275 1499 1338 sed
1562 1279 1659 1338 ut.
1700 1274 1937 1357 aliquis
1997 1274 2389 1356 patrimonii

347 1363 702 1448 naufragus
718 1414 736 1447 ,
789 1363 1088 1427 inimicus
1150 1363 1295 1446 otii,
1357 1364 1671 1428 bonorum
1718 1363 1932 1426 hostis
1980 1363 2189 1427 aliter
2234 1363 2387 1426 indi-

348 1456 497 1518 cata
549 1452 710 1516 haec
766 1473 906 1516 esse
969 1451 1232 1534 diceret,
1292 1474 1417 1536 quo
1472 1452 1730 1516 facilius
1775 1454 1974 1515 vento
2040 1451 2271 1534 aliquo
2327 1452 2389 1514 111

349 1542 669 1624 optimum
708 1561 1024 1624 quemque
1064 1540 1345 1604 excitato
1382 1544 1608 1624 posset
1634 1539 1704 1602 in
1732 1538 1923 1604 malis
1952 1539 2053 1603 rei
2081 1540 2387 1624 publicae
2410 1555 2447 1594 1⁵

349 1633 614 1712 portum
677 1630 960 1713 aliquem
1026 1649 1291 1692 suorum
1361 1628 1679 1692 malorum
1744 1627 2061 1692 invenire.
2156 1627 2387 1711 Itaque

349 1717 738 1782 introductis
793 1717 863 1781 in
923 1720 1220 1780 senatum
1278 1716 1597 1781 indicibus
1655 1716 1966 1780 constitui
2028 1721 2387 1798 senatoreS,

350 1808 462 1890 qui
518 1807 738 1870 omnia
789 1804 1075 1869 indicum
1130 1805 1332 1886 dicta,
1385 1805 1819 1888 interrogata,
1872 1825 2204 1888 responsa
2252 1827 2385 1888 per-

352 1893 726 1960 scriberent.
818 1892 912 1957 At
950 1914 1112 1977 quos
1159 1892 1362 1958 viros!
1407 1913 1541 1958 11011
1587 1893 1799 1958 80111111
1836 1913 2097 1957 summa
2142 1893 2385 1958 virtute

351 1988 418 2047 et
462 1983 607 2065 fide,
655 1981 836 2049 cuius
886 1982 1141 2067 generis
1191 1985 1333 2046 erat
1379 1983 1450 2046 in
1486 1986 1713 2047 senatu
1750 1981 2035 2046 facultas
2077 1983 2383 2063 maxima,
2406 1999 2445 2036 2⁰

351 2072 464 2137 sed
509 2073 710 2136 etiam
757 2091 918 2154 quos
967 2070 1250 2135 sciebam
1298 2070 1639 2152 memoria,
1694 2070 1991 2152 scientia,
2049 2071 2385 2135 celeritate

352 2159 673 2225 scribendi
730 2156 1066 2241 facillime,
1132 2180 1297 2242 quae
1353 2158 1744 2241 dicerentur,
1810 2158 2120 2242 persequi
2176 2180 2381 2241 posse,

352 2246 421 2313 C.
471 2247 889 2328 Cosconium,
943 2247 1055 2330 qui
1109 2250 1250 2311 tum
1307 2249 1449 2311 erat
1506 2250 1796 2330 praetor,
1851 2246 1936 2309 M.
1983 2245 2381 2327 Messallam,

352 2337 463 2420 qui
507 2339 649 2401 tum
693 2339 1069 2419 praeturam
1112 2334 1410 2419 petebat,
1453 2333 1526 2401 P.
1570 2334 1925 2421 Nigidium,
1972 2334 2149 2418 App.
2202 2333 2381 2399 Clau-

353 2424 549 2489 dium.
649 2422 856 2489 Credo
924 2444 1065 2487 esse
1117 2424 1471 2506 neminem,
1537 2424 1647 2507 qui
1704 2423 1807 2487 his
1865 2423 2251 2487 hominibus
2306 2422 2439 2486 ads

353 2534 503 2577 vere
541 2511 948 2576 referendum
988 2515 1101 2575 aut
1136 2511 1332 2575 fidem
1360 2515 1548 2595 putet
1575 2515 1689 2576 aut
1716 2511 2051 2595 ingenium
2082 2510 2375 2574 defuisse.

252 2599 334 2663 15
355 2599 567 2677 Quid?
632 2600 860 2663 deinde
925 2599 1080 2683 quid
1142 2599 1311 2664 feci?
1404 2598 1569 2664 Cum
1633 2598 1865 2664 scirem
1928 2598 2027 2663 ita
2094 2620 2241 2663 esse
2292 2600 2377 2661 in-

247 3320 317 3368 43

356 2688 593 2752 dicium
647 2689 929 2751 relatum
983 2688 1054 2751 in
1108 2688 1369 2752 tabulas
1415 2687 1735 2772 publicas,
1792 2689 1866 2750 ut
1910 2686 2070 2751 illae
2117 2686 2375 2751 tabulae

351 2776 614 2861 privata
666 2780 888 2840 tamen
944 2776 1240 2841 custodia
1287 2798 1465 2840 more
1512 2776 1830 2841 maiorum
1877 2775 2373 2854 continerentur,

351 2885 486 2929 non
533 2863 871 2946 occultavi,
913 2886 1046 2928 non
1092 2864 1386 2929 continui
1431 2864 1624 2947 domi,
1670 2864 1783 2928 sed
1829 2864 2057 2928 statim
2106 2862 2370 2929 describi
2390 2878 2433 2917 ω

356 2953 438 3018 ab
479 2953 779 3018 omnibus
818 2914 1123 3036 librariiS,
1160 2952 1359 3016 dividi
1395 2952 1641 3053 passim
1679 2955 1745 3016 et
1780 2953 2161 3037 pervulgari
2186 2956 2371 3035 atque

355 3041 459 3107 edi
530 3042 774 3126 populo
847 3040 1145 3105 Romano
1218 3040 1556 3142 imperavi.
1661 3038 1877 3104 Divisi
1948 3044 2097 3106 tota
2169 3039 2367 3118 Italia,

358 3130 543 3195 emisi
589 3130 656 3193 in
703 3150 927 3193 omnes
975 3128 1367 3212 provincias3
1415 3128 1553 3193 eius
1589 3126 1828 3209 indicii,
1872 3150 1953 3192 ex
1990 3151 2121 3213 quo
2161 3129 2367 3194 oblata

357 3219 536 3282 salus
604 3221 775 3282 esset
831 3218 1160 3299 omnibuS,
1227 3220 1556 3301 expertem
1613 3238 1751 3281 esse
1803 3216 2135 3281 neminem
2186 3216 2362 3282 volui.

358 3303 588 3389 Itaque
637 3306 776 3369 dico
824 3306 1039 3369 locum
1084 3305 1153 3368 in
1200 3306 1357 3368 orbe
1393 3309 1713 3369 terrarum
1753 3327 1896 3369 esse
1932 3306 2204 3389 nullum,
2248 3316 2423 3387 quob

355 3393 429 3455 in
482 3393 626 3457 loco
682 3393 910 3477 populi
956 3392 1237 3456 Romani
1292 3414 1529 3458 nomen
1584 3394 1697 3475 sit,
1752 3393 1915 3476 quin
1968 3393 2193 3458 eodem
2238 3412 2361 3477 per-

356 3479 671 3562 scriptum
724 3479 849 3545 hoc
903 3478 1212 3544 indicium
1266 3481 1651 3564 pervenerit.
1740 3478 1820 3544 In
1874 3502 2007 3565 quo
2064 3502 2186 3567 ego
2238 3485 2359 3545 tam
