2534 3875
267 177 396 242 538
592 176 689 231 DE
725 173 1196 231 HARUSPICUM
1230 175 1601 232 RESPONSO
1639 175 1923 232 ORATIO.

264 321 413 404 plus
474 323 773 407 possunt,
839 320 897 384 ei
948 319 1227 384 fortasse
1281 341 1415 384 non
1468 342 1818 404 numquam
1875 320 2142 386 consilia
2197 343 2280 386 ac

270 409 622 474 sententias
678 409 1085 473 inimicorum
1132 428 1394 472 suorum
1440 408 1882 474 extimescunt.
1971 409 2280 473 Tollatur

264 496 422 562 haec
460 518 493 560 e
540 497 799 562 civitate
846 495 1191 579 discordia3
1238 497 1368 560 iam
1415 517 1638 561 omnes
1683 497 1814 580 isti,
1859 497 1968 580 qui
2011 501 2277 582 porten-

266 585 532 668 duntur,
586 588 797 649 metus
852 586 1336 670 extinguentur,
1389 585 1520 648 iam
1576 584 1706 648 ista
1760 605 2048 668 serpenS,
2104 607 2273 668 quae

264 676 404 736 tum
450 673 556 737 hic
593 673 919 753 delitiscit,
962 677 1103 736 tum
1141 693 1209 736 se
1247 674 1520 759 emergit
1556 675 1623 736 et
1657 671 1864 738 fertur
1898 673 2074 754 illuc,
2119 694 2270 738 con·
2303 694 2334 735 5

161 763 245 828 26
265 782 489 844 pressa
552 765 747 844 atque
804 761 982 825 illisa
1043 761 1374 825 morietur.
1480 759 1748 825 Monent
1809 761 1980 824 enim
2043 761 2274 841 eidem,

266 847 397 912 ‘NE
464 865 803 914 oocumus
868 864 1203 914 consmus
1277 865 1406 913 Rus
1477 865 1776 914 Punch
1848 848 2271 914 mennon?

266 935 441 1011 Quae
484 941 635 1001 sunt
670 937 1021 1002 occultiora
1058 958 1250 1019 quam
1289 937 1444 1020 eiuS,
1489 937 1600 1020 qui
1635 937 1706 1000 in
1739 937 2036 1002 contione
2074 959 2273 1002 ausus

266 1030 366 1089 est
430 1024 637 1090 dicere
699 1024 1020 1089 iustitium
1083 1023 1244 1088 edici
1309 1028 1634 1108 oportere,
1697 1025 1856 1089 iuris
1921 1024 2272 1090 dictionem

263 1113 639 1195 intermitti,
692 1111 904 1176 claudi
958 1113 1304 1196 aerarium,
1369 1112 1604 1177 iudicia
1655 1114 1846 1177 tolli?
1907 1113 2040 1176 nisi
2093 1112 2269 1177 forte
2303 1135 2364 1175 ιο

265 1200 649 1265 existimatis
704 1201 874 1264 hanc
925 1204 1176 1264 tantam
1233 1201 1679 1265 conluvionem
1733 1201 1833 1265 illi
1887 1205 2271 1284 tantamque

264 1289 658 1352 eversionem
704 1288 985 1353 civitatis
1030 1289 1100 1352 in
1144 1293 1426 1354 mentem
1468 1289 1683 1353 subito
1721 1289 1788 1353 in
1825 1290 2056 1354 rostris
2092 1289 2270 1374 cogi·

261 1377 431 1440 tanti
494 1375 709 1441 venire
764 1378 1071 1460 potuisse.
1169 1376 1294 1440 Est
1349 1377 1605 1460 quidem
1658 1377 1770 1441 ille
1825 1378 2052 1461 plenus
2113 1377 2272 1460 vini,

264 1464 489 1548 stupri,
536 1465 745 1528 somni
781 1465 1137 1549 plenusque
1173 1465 1867 1530 inconsideratissimae
1906 1487 1979 1530 ac
2016 1465 2270 1530 demen-

264 1551 555 1616 tissimae
608 1553 1024 1636 temeritatis3
1078 1573 1302 1618 verum
1355 1559 1576 1618 tamen
1625 1554 1960 1618 nocturnis
2005 1554 2268 1638 vigiliis,
2299 1575 2362 1616 15

266 1641 463 1711 etiam
534 1641 810 1705 coitione
880 1641 1213 1705 hominum
1286 1642 1603 1706 iustitium
1665 1642 1828 1706 illud.
1891 1647 2268 1706 concoctum

264 1731 459 1811 atque
512 1729 894 1794 meditatum
949 1733 1065 1793 est.
1153 1728 1572 1812 Mementote,
1625 1733 1845 1814 patres
1902 1730 2268 1813 conscripti,

262 1817 458 1880 verbo
512 1816 629 1880 illo
683 1816 930 1881 nefario
984 1821 1336 1899 temptatas
1391 1839 1579 1882 aures
1632 1822 1892 1882 nostras
1950 1822 2016 1882 et
2059 1817 2266 1902 perni-

264 1903 505 1969 ciosam
550 1904 722 1970 viam
770 1905 1068 1970 audiendi
1113 1905 1568 1971 consuetudine
1615 1927 1754 1971 esse
1799 1906 2135 1972 munitam.

158 2009 224 2057 56
396 1991 699 2075 Sequitur
769 1994 959 2058 illud:
1031 1992 1161 2057 ‘Ne
1226 2012 1736 2060 DETERIORIBUS
1799 2011 2264 2071 REPULSISQUE
2295 2016 2356 2056 20

263 2096 495 2145 BONOS
542 2082 957 2147 AUGEATUR?
1022 2080 1388 2165 ‘Repulsos'
1426 2083 1773 2166 videamuS,
1818 2105 1970 2147 nam
2016 2082 2266 2147 ‘deteri-

264 2167 429 2231 ores'
478 2170 587 2251 qui
632 2170 779 2251 sint,
824 2175 974 2253 post
1021 2169 1279 2235 doceb0.
1343 2168 1465 2236 Sed
1501 2174 1721 2235 tamen
1755 2173 1825 2235 in
1859 2192 2006 2235 eum
2043 2172 2266 2235 cadere

261 2256 384 2320 hoc
427 2256 695 2321 verbum
741 2259 1035 2341 maxime,
1082 2259 1191 2341 qui
1236 2260 1324 2323 sit
1367 2281 1534 2323 unus
1571 2260 1856 2323 omnium
1893 2259 2268 2324 mortalium

264 2344 400 2407 sine
436 2345 572 2409 ulla
608 2345 1008 2410 dubitatione
1037 2346 1437 2431 deterrimus,
1473 2347 1944 2412 concedendum
1972 2351 2087 2411 est.
2144 2346 2269 2422 Qui

264 2436 413 2495 sunt
450 2433 649 2516 igitur
685 2432 1017 2517 ‘repulsi'P
1083 2432 1251 2516 Non,
1288 2440 1362 2499 ut
1389 2436 1637 2520 opinor,
1681 2436 1746 2519 ii,
1783 2436 1894 2519 qui
1921 2436 2266 2519 aliquando
2295 2456 2360 2496 25-

261 2519 574 2583 honorem
628 2521 785 2585 vitio
844 2522 1152 2606 civitatis,
1204 2544 1338 2587 non
1392 2546 1534 2606 suc,
1585 2544 1720 2587 non
1765 2528 1915 2587 sunt
1963 2523 2268 2588 adsecuti.

262 2606 434 2671 Nam
498 2608 564 2670 id
620 2609 875 2691 quidem
931 2610 1155 2673 multis
1210 2632 1401 2694 saepe
1456 2611 1718 2695 optimis
1773 2611 2018 2676 civibus
2075 2616 2267 2695 atque

260 2694 733 2759 honestissimis
779 2697 933 2761 viris
980 2697 1229 2763 accidit.
1310 2698 1624 2783 ‘Repulsi'
1661 2704 1812 2782 sunt
1838 2699 1933 2781 ·ii,
1981 2721 2140 2783 quos
2188 2699 2269 2764 ad

264 2782 481 2847 omnia
532 2784 1045 2868 progredientes,
1098 2808 1257 2869 quos
1315 2809 1582 2851 munera
1637 2791 1862 2852 contra
1908 2788 2084 2874 leges
2133 2788 2268 2873 gla-

263 2870 542 2936 diatoria
611 2878 915 2957 parantes
926 2923 944 2957 ,
1017 2895 1177 2957 quos
1252 2876 1658 2960 apertissime
1722 2876 2074 2960 largientes
2137 2896 2267 2939 non
2294 2898 2352 2937 so

264 2959 475 3023 solum
530 2960 749 3043 alieni,
804 2962 914 3025 sed
961 2962 1158 3026 etiam
1206 2964 1334 3046 sui,
1385 2964 1611 3048 vicini,
1665 2964 1964 3047 tribules,
2017 2963 2268 3046 urbani,

262 3048 485 3112 rustici
530 3050 965 3133 reppulerunt.
1026 3048 1115 3113 Hi
1156 3071 1237 3114 ne
1284 3051 1528 3116 honore
1566 3056 1942 3137 augeantur,
1987 3057 2268 3115 monent.

262 3134 473 3199 Debet
520 3157 658 3201 esse
706 3142 992 3222 gratum,
1036 3139 1206 3221 quod
1250 3139 1652 3223 praedicunt,
1701 3140 1810 3204 sed
1855 3144 2077 3204 tamen
2118 3140 2269 3204 huic

263 3223 436 3286 malo
483 3225 759 3308 populus
807 3224 1139 3290 Romanus
1184 3227 1322 3309 ipse
1367 3227 1548 3292 nullo
1593 3228 2005 3311 haruspicum
2053 3228 2268 3293 admo-

158 3322 223 3371 57
262 3310 406 3372 nitu
446 3332 563 3375 sua
600 3316 829 3395 sponte
866 3314 1214 3397 prospexit.
1269 3312 1684 3381 ‘Deteriores'
1713 3322 1959 3399 cavete3
1995 3337 2268 3399 quorum
2294 3332 2350 3373 ³⁵

264 3396 518 3477 quidem
575 3404 674 3462 est
729 3420 965 3483 magna
1018 3402 1225 3485 natio,
1281 3402 1392 3466 sed
1447 3407 1666 3468 tamen
1713 3426 1933 3469 eorum
1981 3405 2266 3468 omnium

178 3544 180 3547 Α
260 3480 366 3545 hic
403 3484 527 3547 dux
566 3489 665 3550 est
704 3490 895 3571 atque
932 3488 1247 3575 princeps
1311 3489 1592 3575 Etenim,
1631 3492 1687 3556 si
1714 3514 1912 3557 unum
1939 3492 2268 3557 hominem
