2534 3875
205 244 220 253 ,
289 160 420 227 356
883 158 1026 214 PRO
1063 157 1125 215 P.
1166 158 1397 214 SULLA
1434 158 1727 215 01111110.

184 765 252 813 47

186 1767 271 1892 181

191 3230 259 3279 49

291 306 575 389 aliquem
631 303 895 369 modum
951 306 1092 369 tute
1149 303 1568 368 constitueris
1577 355 1597 386 ,
1652 325 1845 389 coges
1892 326 1996 369 me
2042 303 2337 369 oblitum

289 398 554 457 nostrae
629 392 957 457 amicitiae
1021 392 1264 455 habere
1329 392 1651 457 rationem
1716 414 1897 457 meae
1962 392 2338 477 dignitatis.

289 480 502 546 Nemo
557 502 870 565 umquam
925 502 1029 544 me
1077 480 1463 545 tenuissima
1508 482 1876 565 suspicione
1922 481 2335 564 perstrinxit,

292 592 483 653 quem
529 591 659 634 non
709 568 1133 653 perverterim
1180 589 1255 633 ac
1302 568 1743 654 perfregerim.
1818 568 1943 634 Sed
1989 569 2154 633 mihi
2196 568 2334 634 hoe

293 658 518 724 credas
564 658 787 723 velim:
844 656 996 721 Non
1048 656 1130 721 iis
1187 656 1621 721 libentissime
1676 657 1856 722 soleo
1912 655 2330 740 respondere,
2362 675 2399 715 5

295 769 455 831 quos
505 746 668 812 mihi
711 744 936 810 videor
979 743 1293 809 facillime
1338 766 1543 828 posse·
1578 766 1901 830 superare.
1975 744 2075 810 'ru
2120 767 2330 829 quon·

291 838 426 901 iam
499 834 765 898 minime
837 833 1104 917 ignoras
1179 833 1711 898 consuetudinem
1774 834 2027 907 ,dicendi
2090 855 2331 916 meam,

291 924 430 989 noli
482 923 608 988 hac
664 920 936 985 lenitate
991 941 1164 985 nova
1219 921 1405 986 abuti
1460 942 1631 1005 mea,
1689 922 1830 986 noli
1875 923 2133 988 aculeos
2182 943 2329 987 ora-

291 1012 490 1076 tionis
556 1031 766 1092 meae,
831 1008 942 1092 qui
1006 1008 1326 1073 reconditi
1392 1014 1570 1093 sunt,
1635 1031 1937 1075 excussos
1996 1011 2329 1091 arbitrari,

291 1100 432 1164 noli
483 1098 550 1162 id
606 1097 868 1162 omnino
929 1120 970 1161 a
1025 1119 1128 1162 me
1182 1100 1416 1182 putare
1472 1119 1613 1162 esse
1670 1098 2007 1182 amissum,
2062 1099 2121 1163 si
2167 1097 2329 1182 quid
2360 1120 2428 1157 10

294 1192 396 1251 est
441 1186 566 1250 tibi
611 1186 955 1250 remissum
1002 1187 1198 1269 atque
1244 1206 1640 1252 concessum.
1706 1185 1872 1251 Cum
1908 1187 2063 1251 illae
2101 1187 2331 1251 valent

295 1274 468 1358 apud
530 1296 633 1338 me
699 1274 1144 1338 excusationes
1207 1274 1484 1338 iniuriae
1546 1278 1729 1358 tuae,
1792 1275 2000 1339 iratus
2066 1275 2328 1339 animus

293 1367 446 1427 tuus
457 1413 474 1445 ,
531 1366 739 1445 aetaS,
795 1362 1085 1427 amicitia
1137 1367 1393 1445 nostra,
1448 1367 1589 1427 tum
1643 1362 1931 1428 nondum
1986 1366 2207 1428 statuo
2254 1368 2329 1427 te

293 1451 527 1515 virium
597 1451 762 1517 satis
821 1450 1063 1515 habere
1073 1501 1090 1533 ,
1157 1455 1232 1514 ut
1291 1471 1415 1536 ego
1475 1454 1693 1515 tecum
1752 1452 1991 1516 luctari
2051 1456 2118 1515 et
2176 1473 2329 1516 con-

296 1540 478 1623 gredi
534 1539 826 1604 debeam.
915 1536 1161 1613 Quodsi
1217 1558 1393 1602 esses
1448 1560 1572 1603 usu
1629 1543 1825 1624 atque
1872 1542 2087 1605 aetate
2133 1541 2330 1605 robu·
2360 1559 2421 1599 15

297 1628 490 1711 stior,
555 1648 762 1693 essem
827 1626 1028 1709 idem,
1095 1627 1207 1710 qui
1272 1627 1481 1711 soleo,
1545 1649 1691 1692 cum
1755 1649 1900 1692 sum
1954 1628 2331 1712 lacessitus;

294 1737 464 1781 nunc
499 1719 714 1780 tecum
754 1715 846 1780 sic
885 1736 1099 1808 agam,
1144 1714 1377 1779 tulisse
1414 1721 1488 1779 ut
1523 1716 1744 1800 potius
1782 1716 2091 1781 iniuriam
2128 1738 2331 1801 quam

294 1805 624 1869 rettulisse
698 1803 985 1889 gratiam
1056 1802 1296 1867 videar.
1395 1801 1621 1887 Neque
1684 1826 1864 1889 vem,
1944 1804 2099 1889 quid
2160 1805 2329 1869 mihi

293 1892 603 1978 irascare,
661 1891 1040 1976 intellegere
1085 1912 1373 1976 possum.
1466 1888 1562 1977 Si,
1620 1891 1791 1977 quod
1838 1914 1985 1958 eum
2031 1891 2328 1977 defend0,

295 2003 488 2066 quem
541 1984 616 2066 tu
675 2002 968 2062 accusas,
1026 2001 1140 2045 cur
1193 1980 1318 2044 tibi
1374 2001 1497 2065 ego
1542 2002 1675 2046 non
1724 2003 2093 2065 suscenseO,
2148 1982 2329 2065 quod
2354 2002 2415 2040 πο

294 2092 558 2135 accusas
625 2091 799 2152 eum,
862 2089 1052 2152 quem
1119 2089 1240 2152 ego
1307 2068 1624 2133 defendo?
1726 2068 2091 2135 ‘Inimicum
2155 2070 2329 2153 ego',

293 2159 511 2242 inquis
522 2209 540 2242 ,
624 2157 876 2222 ‘accuso
961 2155 1220 2221 meum?
1339 2156 1431 2220 Et
1502 2157 1780 2223 amicum
1854 2178 1975 2243 ego
2048 2157 2327 2224 defendo

295 2268 528 2310 meum.
631 2245 804 2311 ‘Non
868 2245 1062 2309 debes
1127 2248 1202 2309 tu
1267 2265 1659 2329 quemquam
1722 2247 1790 2310 in
1857 2247 2327 2312 coniurationis

298 2334 678 2417 quaestione
736 2331 1121 2398 defendere?
1221 2332 1431 2398 Immo
1486 2356 1677 2400 nemo
1734 2334 1947 2421 magis
2010 2357 2184 2417 eum,
2244 2336 2326 2400 de

297 2444 424 2505 quo
478 2422 644 2487 nihil
704 2443 1014 2505 umquam
1071 2424 1172 2486 est
1226 2421 1621 2505 suspicatus,
1679 2444 1873 2507 quam
1930 2422 2016 2506 is,
2076 2423 2188 2507 qui
2244 2423 2327 2489 de
2356 2440 2411 2480 25

299 2510 446 2574 aliis
510 2510 721 2575 multa
785 2509 1118 2596 cogitavit.
1229 2507 1386 2574 ‘Cur
1452 2509 1674 2575 dixisti
1734 2510 2185 2576 testimonium
2252 2512 2329 2576 in

298 2596 529 2662 alios?'
596 2596 762 2673 Quia
808 2603 1068 2663 coactus
1115 2619 1278 2663 sum.
1345 2596 1501 2663 ‘Cur
1546 2598 1837 2664 damnati
1874 2599 2095 2664 sunt‘?'
2155 2597 2328 2675 Quia

299 2686 612 2750 creditum
687 2689 806 2752 est.
897 2685 1218 2771 ‘Regnum
1284 2689 1386 2751 est
1450 2687 1686 2772 dicere,
1749 2687 1817 2752 in
1882 2710 2075 2772 quem
2140 2688 2325 2773 velis,

298 2777 364 2836 et
427 2772 794 2856 defendere,
858 2795 1046 2857 quem
1114 2773 1314 2838 velis?
1413 2774 1621 2840 Immo
1687 2776 1964 2842 servitus
2023 2780 2125 2842 est
2186 2798 2327 2842 non

298 2861 534 2944 dicere,
589 2863 654 2926 in
713 2883 904 2946 quem
951 2863 1143 2946 velis,
1191 2866 1257 2926 et
1301 2884 1434 2928 non
1480 2861 1845 2948 defendere,
1901 2886 2093 2948 quem
2138 2865 2325 2931 velis.
2353 2883 2409 2922 ³0

297 2950 396 3015 Ae
459 2950 517 3014 si
579 2949 986 3015 considerare
1051 2951 1365 3033 coeperis,
1434 2955 1653 3016 utrum
1716 2953 1925 3038 magis
1981 2952 2142 3017 mihi
2196 2953 2326 3019 hoc

295 3060 558 3103 necesse
602 3038 799 3103 fuerit
834 3039 1046 3104 facere
1084 3060 1169 3103 an
1203 3039 1381 3103 istud
1414 3038 1558 3124 tibi,
1603 3040 1947 3125 intelleges
1982 3040 2325 3106 honestius

298 3130 364 3191 te
422 3126 912 3194 inimicitiarum
975 3126 1239 3191 modum
1296 3130 1583 3192 statuere
1636 3129 1929 3212 potuisse
1976 3151 2169 3213 quam
2216 3153 2325 3196 me

298 3215 748 3281 humanitatis.
838 3214 931 3279 At
977 3237 1152 3294 vem,
1209 3236 1356 3278 cum
1410 3214 1618 3281 honos
1666 3218 1986 3302 agebatur
2028 3217 2324 3284 familiae

298 3307 554 3368 vestrae
611 3303 1054 3387 amplissimus
1064 3352 1082 3385 ,
1137 3301 1259 3366 hoc
1307 3306 1407 3366 est
1440 3305 1818 3370 consulatus
1865 3305 2156 3391 parentis
2203 3307 2324 3391 tui,
2352 3323 2405 3365 ³5

299 3390 814 3473 sapientissimus
860 3391 963 3456 vir
997 3389 1531 3455 familiarissimis
1578 3393 1714 3457 suis
1758 3414 1891 3458 non
1938 3394 2325 3473 suscensuit,

298 3483 484 3559 pater
538 3481 717 3561 tuuS,
775 3500 922 3543 cum
971 3475 1217 3541 Sullam
1265 3482 1332 3542 et
1380 3477 1794 3546 defenderent
1840 3485 1907 3546 et
1952 3482 2321 3564 laudarent3
