2534 3875
396 115 530 179 418
966 112 1108 169 PRO
1147 112 1206 167 L.
1245 111 1529 169 FLACCO
1570 111 1865 169 ORATIO.

397 264 473 327 tu
511 259 845 342 afferebas,
872 257 1395 341 repudiaverunt.
1444 256 1515 321 P.
1547 255 1804 338 Orbius,
1832 256 2031 322 homo
2061 260 2129 321 et
2156 258 2452 343 prudens

289 352 378 416 32
399 354 466 414 et
510 349 842 430 innocens,
890 352 1119 411 contra
1164 348 1230 410 te
1278 346 1502 410 omnia
1556 345 1858 410 decrevit,
1932 346 2127 431 Apud
2174 346 2246 409 P.
2293 346 2451 411 Glo-

398 440 650 520 bulum,
698 457 914 501 meum
959 434 1435 517 necessarium,
1477 433 1666 498 fuisti
1713 433 2083 519 gratiosior.
2167 434 2452 499 Utinam

290 541 424 615 (32)
442 547 653 610 neque
697 525 914 607 ipsum
959 544 1170 607 neque
1215 544 1320 586 me
1366 522 1755 605 paeniteret!
1848 520 2156 587 Flaccum
2201 523 2449 588 iniuria

291 634 359 685 ‘17
400 615 762 680 decrevisse
791 611 861 675 in
889 615 1007 676 tua
1033 633 1104 675 re
1134 610 1323 693 dicis3
1354 610 1655 696 adiungis
1676 632 1905 675 causas
1926 611 2447 697 inimicitiarum,
2473 637 2497 677 ι

399 702 573 789 quod
608 700 787 786 patri
828 698 901 765 L.
940 699 1158 763 Flacci
1204 698 1397 766 aedili
1446 698 1657 763 curuli
1700 702 1891 783 pater
1934 703 2087 763 tuus
2135 700 2448 765 tribunus

447 791 610 856 lebis
676 789 848 854 diem
904 787 1156 853 dixerit.
1248 787 1342 851 At
1394 787 1571 851 istud
1624 809 1707 852 116
1762 787 1890 870 ipsi
1950 787 2211 872 quidem
2266 790 2449 874 patri

454 879 616 945 lacci
679 877 870 943 valde
923 876 1276 941 molestum
1330 896 1473 941 esse
1528 876 1780 959 debuit,
1844 876 2237 961 praesertim
2296 899 2447 943 cum

399 970 542 1052 ille,
598 966 703 1031 cui
759 964 896 1029 dies
946 964 1122 1029 dicta
1177 969 1307 1047 est,
1361 968 1628 1049 praetor
1682 968 1914 1049 postea
1964 964 2181 1030 factus
2238 966 2333 1031 sit
2380 970 2445 1029 et

400 1056 658 1139 consul,
712 1053 852 1137 ille,
899 1052 1012 1137 qui
1058 1051 1229 1117 diem
1279 1052 1468 1137 dixit,
1513 1074 1648 1117 non
1692 1052 1980 1137 potuerit
2025 1054 2329 1138 privatus
2377 1055 2443 1119 in
2469 1079 2512 1119 1⁰

402 1146 671 1211 civitate
718 1141 1093 1207 consistere.
1187 1139 1314 1205 Sed
1360 1141 1419 1206 si
1462 1142 1670 1205 iustas
1716 1141 2094 1206 inimicitias
2138 1144 2443 1227 putabas,

401 1255 532 1315 cur,
570 1254 717 1297 cum
745 1230 1048 1295 tribunus
1077 1229 1364 1293 militum
1390 1229 1661 1295 Flaccus
1692 1233 1883 1313 esset,
1918 1230 1989 1294 in
2016 1230 2152 1295 eius
2182 1231 2443 1317 legione

402 1321 594 1387 miles
647 1318 864 1402 fuisti,
919 1339 1067 1383 cum
1125 1317 1304 1398 [tibi]
1362 1340 1481 1402 per
1536 1319 1715 1403 leges
1776 1318 2097 1384 militares
2156 1320 2446 1406 effugere

400 1410 629 1474 liceret
692 1407 1111 1491 iniquitatem
1173 1406 1470 1471 tribuni?
1573 1406 1704 1471 Cur
1759 1411 1981 1472 autem
2035 1412 2305 1491 praetor
2360 1413 2447 1493 te,

401 1497 738 1563 inimicum
810 1499 1190 1580 paternum.
1275 1496 1345 1559 in
1416 1495 1764 1559 consilium
1835 1496 2141 1561 vocavit?
2264 1496 2447 1573 Quae
2470 1519 2506 1560 1⁵

405 1587 666 1672 quidem
705 1606 902 1669 quam
941 1588 1168 1649 sancte
1207 1583 1406 1648 solita
1434 1583 1568 1647 sint
1596 1584 1948 1669 observari,
1986 1584 2169 1649 scitis
2199 1606 2447 1651 omnes,

295 1692 366 1742 '18
402 1675 594 1740 Nunc
640 1694 1019 1739 accusamur
1066 1672 1148 1736 ab
1194 1671 1297 1752 iis,
1342 1672 1453 1756 qui
1496 1671 1565 1737 in
1613 1672 1886 1738 consilio
1930 1673 2123 1738 nobis
2158 1672 2447 1739 fuerunt.

297 1762 424 1853 (78)
445 1762 773 1828 ‘Decrevit
817 1758 1130 1826 Flaccus?
1221 1758 1401 1825 Num
1448 1760 1645 1845 aliud,
1690 1764 1886 1846 atque
1931 1762 2269 1845 oportuit?
2346 1764 2447 1828 ‘In
2520 1794 2522 1847 3

404 1849 692 1917 liberos?
766 1847 946 1914 Num
994 1850 1187 1913 aliter
1232 1849 1484 1914 censuit
1531 1850 1837 1914 senatus?
1912 1848 2015 1915 ‘In
2061 1851 2444 1918 absentem?
2520 1852 2522 1920 ἰ

403 1941 740 2022 Decrevit,
786 1960 933 2003 cum
979 1938 1222 2002 ibidem
1268 1960 1469 2022 esses,
1517 1960 1664 2003 cum
1710 1939 1972 2024 prodire
2016 1940 2255 2024 nolles3
2314 1964 2445 2007 non
2466 1963 2503 2004 so

406 2034 507 2095 est
553 2030 680 2094 hoc
724 2028 795 2092 in
841 2028 1196 2110 absentem,
1243 2027 1358 2090 sed
1396 2028 1466 2091 in
1501 2028 1815 2091 latentem
1850 2049 2051 2092 reum.
2118 2027 2443 2096 SENA'rus

405 2133 824 2185 consum-uu
867 2133 960 2180 ΕΤ
1005 2131 1390 2180 Decumum
1434 2113 1712 2180 chm.
1796 2114 2009 2191 Quid?
2058 2116 2115 2181 si
2158 2139 2298 2183 non
2345 2119 2443 2184 de·

406 2207 735 2288 crevisset,
783 2204 894 2269 sed
932 2203 1258 2287 edixisset,
1296 2203 1442 2288 quis
1479 2208 1706 2287 posset
1742 2226 1893 2269 vere
1928 2206 2441 2289 reprehendere?

402 2295 580 2360 Num
641 2294 841 2358 etiam
895 2292 1123 2356 fratris
1179 2293 1309 2356 mei
1365 2292 1622 2356 litteras
1682 2293 2096 2377 plenissimas
2142 2294 2442 2360 humani·

403 2384 564 2448 tatis
622 2386 690 2448 et
746 2381 1095 2466 aequitatis
1150 2380 1658 2464 reprehensurus
1714 2382 1827 2446 es?
1872 2381 1921 2464 †
1967 2405 2128 2466 quas
2184 2386 2441 2450 easdem
2462 2403 2499 2444 2⁶

408 2471 664 2536 mulieri
703 2492 742 2534 a
777 2491 883 2534 me
921 2469 1110 2533 datas
1150 2468 1323 2551 apud
1357 2468 1722 2535 Pataranos
1759 2471 2122 2555 requisivit.
2194 2472 2439 2538 Recita.

295 2577 366 2627 79
403 2559 764 2624 LITTERAE
809 2556 883 2633 Q.
932 2555 1333 2622 C1oERoN1s.
1423 2556 1636 2633 Quid?
1692 2559 1853 2623 haec
1898 2559 2439 2644 Apollonidenses
2515 2563 2516 2587 ¹

403 2650 447 2728 †
485 2649 820 2712 occasione
855 2646 1035 2710 facta
1072 2646 1157 2710 ad
1192 2644 1495 2711 Flaccum
1542 2646 1929 2732 detulerunt,
1967 2648 2139 2733 apud
2168 2648 2437 2714 Orbium

408 2739 556 2800 acta
607 2757 741 2800 non
795 2738 975 2817 sunt,
1031 2734 1114 2798 ad
1159 2733 1519 2799 Globulum
1576 2734 1794 2801 delata
1848 2758 1983 2802 non
2038 2738 2237 2802 sunt?
2340 2738 2435 2803 Ad

405 2826 708 2888 senatum
761 2827 1062 2888 nostrum
1116 2843 1222 2886 me
1276 2824 1541 2888 consule
1594 2845 1808 2889 nonne
1854 2825 2060 2911 legati
2104 2827 2435 2910 Apolloni·
2456 2843 2495 2886 no

404 2912 635 2976 denses
709 2912 932 2976 omnia
1003 2911 1343 2995 postulata
1416 2911 1495 2975 de
1568 2912 1826 2977 iniuriis
1902 2914 2094 2978 unius
2166 2914 2434 2981 Deciani

406 2999 824 3065 detulerunt?
915 2999 1008 3063 At
1062 3000 1223 3064 haec
1277 3000 1545 3083 praedia
1596 3001 1853 3082 [etiam]
1902 3003 1971 3066 in
2028 3023 2224 3069 censu
2271 3004 2432 3068 dedi-

406 3089 659 3154 cavisti.
731 3087 948 3172 Mitto,
995 3088 1170 3172 quod
1217 3089 1450 3171 aliena,
1499 3090 1711 3170 mitto,
1760 3091 1932 3174 quod
1977 3113 2283 3175 possessa
2328 3113 2432 3176 per

406 3179 559 3260 vim,
605 3177 818 3260 mitto,
864 3178 1036 3260 quod
1083 3176 1382 3241 convicta
1420 3178 1501 3241 ab
1541 3177 2181 3264 ApollonidensibUS,
2228 3181 2431 3262 mitt0,

408 3265 584 3348 quod
640 3287 679 3329 a
732 3265 1154 3350 Pergamenis
1211 3265 1584 3349 repudiata,
1638 3267 1833 3331 mitto
1890 3269 2118 3351 ctiam,
2173 3269 2345 3352 quod
2398 3290 2429 3330 a
2450 3275 2491 3320 Μ

404 3353 652 3417 nostris
722 3352 1224 3438 magistratibus
1290 3356 1360 3417 in
1426 3353 1757 3439 integrum
1828 3357 2165 3440 restituta,
2228 3359 2427 3434 mitte,

301 3453 370 3506 80
409 3441 579 3524 quod
626 3440 807 3506 nullo
853 3441 993 3505 iure
1039 3462 1246 3526 neque
1284 3462 1356 3506 re
1393 3463 1601 3527 neque
1637 3445 2053 3530 possessione
2092 3449 2233 3530 tua;
2279 3442 2426 3510 illud
