<?xml version="1.0" encoding="UTF-8"?>
<!DOCTYPE html PUBLIC "-//W3C//DTD XHTML 1.0 Transitional//EN"
    "http://www.w3.org/TR/xhtml1/DTD/xhtml1-transitional.dtd">
<html xmlns="http://www.w3.org/1999/xhtml" xml:lang="en" lang="en">
 <head>
  <title>
</title>
<meta http-equiv="Content-Type" content="text/html;charset=utf-8" />
  <meta name='ocr-system' content='tesseract 3.04.00' />
  <meta name='ocr-capabilities' content='ocr_page ocr_carea ocr_par ocr_line ocrx_word'/>
</head>
<body>
  <div class='ocr_page' id='page_1' title='image "./scriptaquaemans03mlgoog_0453.png"; bbox 0 0 2534 3875; ppageno 0'>
   <div class='ocr_carea' id='block_1_1' title="bbox 787 173 2187 239">
    <p class='ocr_par' dir='ltr' id='par_1_1' title="bbox 787 173 2187 239">
     <span class='ocr_line' id='line_1_1' title="bbox 787 173 2187 239; baseline 0.006 -12"><span class='ocrx_word' id='word_1_1' title='bbox 787 173 942 227; x_wconf 81' lang='grc' dir='ltr'><strong>ΟΑΡ.</strong></span> <span class='ocrx_word' id='word_1_2' title='bbox 985 177 1192 228; x_wconf 81' lang='lat'>15—18</span> <span class='ocrx_word' id='word_1_3' title='bbox 1231 179 1261 239; x_wconf 69' lang='lat' dir='ltr'><strong>s</strong></span> <span class='ocrx_word' id='word_1_4' title='bbox 1301 177 1528 227; x_wconf 81' lang='lat'><strong>33—37.</strong></span> <span class='ocrx_word' id='word_1_5' title='bbox 2054 173 2187 238; x_wconf 87' lang='lat'><strong>315</strong></span> 
     </span>
    </p>
   </div>
   <div class='ocr_carea' id='block_1_2' title="bbox 59 316 2295 3485">
    <p class='ocr_par' dir='ltr' id='par_1_2' title="bbox 155 316 2189 402">
     <span class='ocr_line' id='line_1_2' title="bbox 155 316 2189 402; baseline 0 -20"><span class='ocrx_word' id='word_1_6' title='bbox 155 338 355 383; x_wconf 85' lang='lat' dir='ltr'><strong>annos</strong></span> <span class='ocrx_word' id='word_1_7' title='bbox 427 319 534 381; x_wconf 89' lang='lat' dir='ltr'><strong>tot</strong></span> <span class='ocrx_word' id='word_1_8' title='bbox 598 316 866 401; x_wconf 89' lang='lat' dir='ltr'><strong>proeliis</strong></span> <span class='ocrx_word' id='word_1_9' title='bbox 927 319 1030 380; x_wconf 92' lang='lat' dir='ltr'><strong>tot</strong></span> <span class='ocrx_word' id='word_1_10' title='bbox 1092 316 1525 401; x_wconf 82' lang='lat' dir='ltr'><strong>imperatores</strong></span> <span class='ocrx_word' id='word_1_11' title='bbox 1588 316 1763 381; x_wconf 89' lang='lat' dir='ltr'><strong>bella</strong></span> <span class='ocrx_word' id='word_1_12' title='bbox 1827 321 2189 402; x_wconf 86' lang='lat' dir='ltr'><strong>gesserunt,</strong></span> 
     </span>
    </p>

    <p class='ocr_par' dir='ltr' id='par_1_3' title="bbox 64 403 2189 490">
     <span class='ocr_line' id='line_1_3' title="bbox 64 403 2189 490; baseline -0 -20"><span class='ocrx_word' id='word_1_13' title='bbox 64 417 66 454; x_wconf 89' lang='lat'>:</span> <span class='ocrx_word' id='word_1_14' title='bbox 157 407 334 471; x_wconf 91' lang='lat' dir='ltr'><strong>cuius</strong></span> <span class='ocrx_word' id='word_1_15' title='bbox 402 405 656 490; x_wconf 82' lang='lat' dir='ltr'><strong>expulsi</strong></span> <span class='ocrx_word' id='word_1_16' title='bbox 719 407 788 469; x_wconf 91' lang='lat' dir='ltr'><strong>et</strong></span> <span class='ocrx_word' id='word_1_17' title='bbox 854 403 1041 469; x_wconf 89' lang='lat' dir='ltr'><strong>eiecti</strong></span> <span class='ocrx_word' id='word_1_18' title='bbox 1095 403 1235 468; x_wconf 84' lang='lat' dir='ltr'><strong>vita</strong></span> <span class='ocrx_word' id='word_1_19' title='bbox 1288 404 1464 469; x_wconf 88' lang='lat' dir='ltr'><strong>tanti</strong></span> <span class='ocrx_word' id='word_1_20' title='bbox 1519 403 1867 469; x_wconf 88' lang='lat' dir='ltr'><strong>aestimata</strong></span> <span class='ocrx_word' id='word_1_21' title='bbox 1922 409 2050 489; x_wconf 89' lang='lat' dir='ltr'><strong>est,</strong></span> <span class='ocrx_word' id='word_1_22' title='bbox 2112 409 2189 470; x_wconf 92' lang='lat' dir='ltr'><strong>ut</strong></span> 
     </span>
    </p>

    <p class='ocr_par' dir='ltr' id='par_1_4' title="bbox 64 491 2189 576">
     <span class='ocr_line' id='line_1_4' title="bbox 64 491 2189 576; baseline -0.001 -17"><span class='ocrx_word' id='word_1_23' title='bbox 64 537 67 543; x_wconf 88' lang='lat'><em>·</em></span> <span class='ocrx_word' id='word_1_24' title='bbox 158 498 363 560; x_wconf 92' lang='lat' dir='ltr'><strong>morte</strong></span> <span class='ocrx_word' id='word_1_25' title='bbox 418 495 557 558; x_wconf 90' lang='lat' dir='ltr'><strong>eius</strong></span> <span class='ocrx_word' id='word_1_26' title='bbox 613 493 915 557; x_wconf 89' lang='lat' dir='ltr'><strong>nuntiata</strong></span> <span class='ocrx_word' id='word_1_27' title='bbox 974 493 1248 576; x_wconf 88' lang='lat' dir='ltr'><strong>denique</strong></span> <span class='ocrx_word' id='word_1_28' title='bbox 1302 492 1551 557; x_wconf 91' lang='lat' dir='ltr'><strong>bellum</strong></span> <span class='ocrx_word' id='word_1_29' title='bbox 1606 491 1972 558; x_wconf 88' lang='lat' dir='ltr'><strong>confectum</strong></span> <span class='ocrx_word' id='word_1_30' title='bbox 2020 494 2189 558; x_wconf 89' lang='lat' dir='ltr'><strong>arbi-</strong></span> 
     </span>
    </p>

    <p class='ocr_par' dir='ltr' id='par_1_5' title="bbox 64 579 2189 667">
     <span class='ocr_line' id='line_1_5' title="bbox 64 579 2189 667; baseline -0.001 -20"><span class='ocrx_word' id='word_1_31' title='bbox 64 627 70 632; x_wconf 81' lang='lat'>·</span> <span class='ocrx_word' id='word_1_32' title='bbox 155 581 484 647; x_wconf 85' lang='lat' dir='ltr'><strong>traretur‘?</strong></span> <span class='ocrx_word' id='word_1_33' title='bbox 577 579 722 645; x_wconf 92' lang='lat' dir='ltr'><strong>Hoc</strong></span> <span class='ocrx_word' id='word_1_34' title='bbox 777 581 981 666; x_wconf 87' lang='lat' dir='ltr'><strong>igitur</strong></span> <span class='ocrx_word' id='word_1_35' title='bbox 1035 580 1104 645; x_wconf 89' lang='lat' dir='ltr'><strong>in</strong></span> <span class='ocrx_word' id='word_1_36' title='bbox 1161 580 1335 646; x_wconf 93' lang='lat' dir='ltr'><strong>bello</strong></span> <span class='ocrx_word' id='word_1_37' title='bbox 1381 580 1452 645; x_wconf 92' lang='lat' dir='ltr'><strong>L.</strong></span> <span class='ocrx_word' id='word_1_38' title='bbox 1498 579 1839 646; x_wconf 88' lang='lat' dir='ltr'><strong>Murenam</strong></span> <span class='ocrx_word' id='word_1_39' title='bbox 1893 581 2189 667; x_wconf 83' lang='lat' dir='ltr'><strong>legatum</strong></span> 
     </span>
    </p>

    <p class='ocr_par' dir='ltr' id='par_1_6' title="bbox 101 668 2187 842">
     <span class='ocr_line' id='line_1_6' title="bbox 101 668 2187 753; baseline 0.001 -23"><span class='ocrx_word' id='word_1_40' title='bbox 101 688 128 730; x_wconf 79' lang='lat'><strong>5</strong></span> <span class='ocrx_word' id='word_1_41' title='bbox 155 670 496 735; x_wconf 87' lang='lat' dir='ltr'><strong>fortissimi</strong></span> <span class='ocrx_word' id='word_1_42' title='bbox 533 669 754 753; x_wconf 88' lang='lat' dir='ltr'><strong>animi,</strong></span> <span class='ocrx_word' id='word_1_43' title='bbox 791 668 1029 734; x_wconf 89' lang='lat' dir='ltr'><strong>summi</strong></span> <span class='ocrx_word' id='word_1_44' title='bbox 1066 668 1340 752; x_wconf 88' lang='lat' dir='ltr'><strong>consilii,</strong></span> <span class='ocrx_word' id='word_1_45' title='bbox 1378 668 1648 734; x_wconf 86' lang='lat' dir='ltr'><strong>maximi</strong></span> <span class='ocrx_word' id='word_1_46' title='bbox 1684 668 1931 734; x_wconf 87' lang='lat' dir='ltr'><strong>laboris</strong></span> <span class='ocrx_word' id='word_1_47' title='bbox 1971 668 2187 753; x_wconf 85' lang='lat' dir='ltr'><strong>cogni-</strong></span> 
     </span>
     <span class='ocr_line' id='line_1_7' title="bbox 151 756 2187 842; baseline -0.001 -19"><span class='ocrx_word' id='word_1_48' title='bbox 151 765 295 823; x_wconf 89' lang='lat' dir='ltr'><strong>tum</strong></span> <span class='ocrx_word' id='word_1_49' title='bbox 341 779 484 824; x_wconf 90' lang='lat' dir='ltr'><strong>esse</strong></span> <span class='ocrx_word' id='word_1_50' title='bbox 528 757 952 841; x_wconf 87' lang='lat' dir='ltr'><strong>defendimus,</strong></span> <span class='ocrx_word' id='word_1_51' title='bbox 998 760 1067 821; x_wconf 91' lang='lat' dir='ltr'><strong>et</strong></span> <span class='ocrx_word' id='word_1_52' title='bbox 1110 756 1284 823; x_wconf 89' lang='lat' dir='ltr'><strong>hanc</strong></span> <span class='ocrx_word' id='word_1_53' title='bbox 1324 756 1463 821; x_wconf 90' lang='lat' dir='ltr'><strong>eius</strong></span> <span class='ocrx_word' id='word_1_54' title='bbox 1502 778 1767 842; x_wconf 80' lang='lat' dir='ltr'>operam</span> <span class='ocrx_word' id='word_1_55' title='bbox 1802 778 1938 822; x_wconf 90' lang='lat' dir='ltr'><strong>non</strong></span> <span class='ocrx_word' id='word_1_56' title='bbox 1973 756 2187 821; x_wconf 88' lang='lat' dir='ltr'><strong>minus</strong></span> 
     </span>
    </p>

    <p class='ocr_par' dir='ltr' id='par_1_7' title="bbox 64 844 2189 930">
     <span class='ocr_line' id='line_1_8' title="bbox 64 844 2189 930; baseline -0.001 -18"><span class='ocrx_word' id='word_1_57' title='bbox 64 863 68 901; x_wconf 83' lang='grc'><strong>’-</strong></span> <span class='ocrx_word' id='word_1_58' title='bbox 155 847 237 912; x_wconf 88' lang='lat' dir='ltr'><strong>ad</strong></span> <span class='ocrx_word' id='word_1_59' title='bbox 317 846 732 912; x_wconf 86' lang='lat' dir='ltr'><strong>consulatum</strong></span> <span class='ocrx_word' id='word_1_60' title='bbox 816 844 1305 930; x_wconf 88' lang='lat' dir='ltr'><strong>adipiscendum</strong></span> <span class='ocrx_word' id='word_1_61' title='bbox 1377 867 1573 928; x_wconf 90' lang='lat' dir='ltr'><strong>quam</strong></span> <span class='ocrx_word' id='word_1_62' title='bbox 1646 844 1816 910; x_wconf 89' lang='lat' dir='ltr'><strong>hanc</strong></span> <span class='ocrx_word' id='word_1_63' title='bbox 1888 850 2189 911; x_wconf 91' lang='lat' dir='ltr'><strong>nostram</strong></span> 
     </span>
    </p>

    <p class='ocr_par' dir='ltr' id='par_1_8' title="bbox 64 933 2291 1049">
     <span class='ocr_line' id='line_1_9' title="bbox 64 933 2291 1049; baseline -0.001 -49"><span class='ocrx_word' id='word_1_64' title='bbox 64 953 66 958; x_wconf 76' lang='grc'>’</span> <span class='ocrx_word' id='word_1_65' title='bbox 150 936 476 1000; x_wconf 88' lang='lat' dir='ltr'><strong>forensem</strong></span> <span class='ocrx_word' id='word_1_66' title='bbox 519 933 912 999; x_wconf 71' lang='lat' dir='ltr'><strong>industriam</strong></span> <span class='ocrx_word' id='word_1_67' title='bbox 958 933 1303 1018; x_wconf 84' lang='lat' dir='ltr'><strong>dignitatis</strong></span> <span class='ocrx_word' id='word_1_68' title='bbox 1348 933 1674 998; x_wconf 82' lang='lat' dir='ltr'><strong>habuisse.</strong></span> <span class='ocrx_word' id='word_1_69' title='bbox 2210 984 2291 1049; x_wconf 68' lang='lat'><strong>17</strong></span> 
     </span>
    </p>

    <p class='ocr_par' dir='ltr' id='par_1_9' title="bbox 62 1021 2293 1112">
     <span class='ocr_line' id='line_1_10' title="bbox 62 1021 2293 1112; baseline 0.002 -31"><span class='ocrx_word' id='word_1_70' title='bbox 62 1075 66 1081; x_wconf 91' lang='lat'><strong>.</strong></span> <span class='ocrx_word' id='word_1_71' title='bbox 285 1022 379 1088; x_wconf 90' lang='lat' dir='ltr'><strong>At</strong></span> <span class='ocrx_word' id='word_1_72' title='bbox 435 1021 607 1087; x_wconf 88' lang='lat' dir='ltr'><strong>enim</strong></span> <span class='ocrx_word' id='word_1_73' title='bbox 662 1023 732 1086; x_wconf 91' lang='lat' dir='ltr'><strong>in</strong></span> <span class='ocrx_word' id='word_1_74' title='bbox 784 1025 1128 1107; x_wconf 83' lang='lat' dir='ltr'><strong>praeturae</strong></span> <span class='ocrx_word' id='word_1_75' title='bbox 1181 1021 1501 1106; x_wconf 88' lang='lat' dir='ltr'><strong>petitione</strong></span> <span class='ocrx_word' id='word_1_76' title='bbox 1545 1021 1726 1106; x_wconf 87' lang='lat' dir='ltr'><strong>prior</strong></span> <span class='ocrx_word' id='word_1_77' title='bbox 1771 1021 2186 1086; x_wconf 71' lang='lat' dir='ltr'><strong>renuntiatus</strong></span> <span class='ocrx_word' id='word_1_78' title='bbox 2226 1062 2293 1112; x_wconf 82' lang='lat'><strong>35</strong></span> 
     </span>
    </p>

    <p class='ocr_par' dir='ltr' id='par_1_10' title="bbox 65 1109 2190 1285">
     <span class='ocr_line' id='line_1_11' title="bbox 65 1109 2190 1196; baseline 0.002 -27"><span class='ocrx_word' id='word_1_79' title='bbox 65 1131 124 1170; x_wconf 67' lang='grc' dir='ltr'><strong>ιο</strong></span> <span class='ocrx_word' id='word_1_80' title='bbox 154 1115 256 1176; x_wconf 88' lang='lat' dir='ltr'><strong>est</strong></span> <span class='ocrx_word' id='word_1_81' title='bbox 309 1109 590 1176; x_wconf 88' lang='lat' dir='ltr'><strong>Servius.</strong></span> <span class='ocrx_word' id='word_1_82' title='bbox 684 1109 1053 1196; x_wconf 83' lang='lat' dir='ltr'><strong>Pergitisne</strong></span> <span class='ocrx_word' id='word_1_83' title='bbox 1106 1130 1224 1174; x_wconf 83' lang='lat' dir='ltr'><strong>vos</strong></span> <span class='ocrx_word' id='word_1_84' title='bbox 1280 1113 1617 1193; x_wconf 88' lang='lat' dir='ltr'><strong>tamquam</strong></span> <span class='ocrx_word' id='word_1_85' title='bbox 1672 1131 1751 1174; x_wconf 84' lang='lat' dir='ltr'><strong>ex</strong></span> <span class='ocrx_word' id='word_1_86' title='bbox 1807 1109 2190 1195; x_wconf 86' lang='lat' dir='ltr'><strong>syngrapha</strong></span> 
     </span>
     <span class='ocr_line' id='line_1_12' title="bbox 154 1197 2187 1285; baseline -0.001 -21"><span class='ocrx_word' id='word_1_87' title='bbox 154 1220 346 1285; x_wconf 86' lang='lat' dir='ltr'><strong>agere</strong></span> <span class='ocrx_word' id='word_1_88' title='bbox 411 1221 561 1265; x_wconf 94' lang='lat' dir='ltr'><strong>cum</strong></span> <span class='ocrx_word' id='word_1_89' title='bbox 624 1199 896 1283; x_wconf 89' lang='lat' dir='ltr'><strong>populo,</strong></span> <span class='ocrx_word' id='word_1_90' title='bbox 960 1202 1060 1282; x_wconf 92' lang='lat' dir='ltr'><strong>ut,</strong></span> <span class='ocrx_word' id='word_1_91' title='bbox 1125 1219 1319 1282; x_wconf 92' lang='lat' dir='ltr'><strong>quem</strong></span> <span class='ocrx_word' id='word_1_92' title='bbox 1382 1197 1599 1262; x_wconf 93' lang='lat' dir='ltr'><strong>locum</strong></span> <span class='ocrx_word' id='word_1_93' title='bbox 1659 1197 1859 1262; x_wconf 89' lang='lat' dir='ltr'><strong>semel</strong></span> <span class='ocrx_word' id='word_1_94' title='bbox 1919 1197 2187 1262; x_wconf 90' lang='lat' dir='ltr'><strong>honoris</strong></span> 
     </span>
    </p>

    <p class='ocr_par' dir='ltr' id='par_1_11' title="bbox 62 1285 2189 1546">
     <span class='ocr_line' id='line_1_13' title="bbox 62 1285 2187 1371; baseline -0.001 -18"><span class='ocrx_word' id='word_1_95' title='bbox 62 1325 64 1330; x_wconf 94' lang='lat'><em>·</em></span> <span class='ocrx_word' id='word_1_96' title='bbox 151 1287 433 1371; x_wconf 90' lang='lat' dir='ltr'><strong>cuipiam</strong></span> <span class='ocrx_word' id='word_1_97' title='bbox 493 1287 768 1369; x_wconf 85' lang='lat' dir='ltr'><strong>dederit,</strong></span> <span class='ocrx_word' id='word_1_98' title='bbox 835 1285 1109 1351; x_wconf 89' lang='lat' dir='ltr'><strong>eundem</strong></span> <span class='ocrx_word' id='word_1_99' title='bbox 1169 1285 1441 1370; x_wconf 89' lang='lat' dir='ltr'><strong>reliquis</strong></span> <span class='ocrx_word' id='word_1_100' title='bbox 1493 1286 1851 1351; x_wconf 89' lang='lat' dir='ltr'><strong>honoribus</strong></span> <span class='ocrx_word' id='word_1_101' title='bbox 1908 1285 2187 1351; x_wconf 80' lang='lat' dir='ltr'><strong>debeat?</strong></span> 
     </span>
     <span class='ocr_line' id='line_1_14' title="bbox 151 1373 2189 1458; baseline -0.001 -17"><span class='ocrx_word' id='word_1_102' title='bbox 151 1375 337 1452; x_wconf 86' lang='lat' dir='ltr'><strong>Quod</strong></span> <span class='ocrx_word' id='word_1_103' title='bbox 383 1376 559 1441; x_wconf 88' lang='lat' dir='ltr'><strong>enim</strong></span> <span class='ocrx_word' id='word_1_104' title='bbox 605 1374 867 1453; x_wconf 88' lang='lat' dir='ltr'><strong>fretum,</strong></span> <span class='ocrx_word' id='word_1_105' title='bbox 913 1395 1109 1458; x_wconf 91' lang='lat' dir='ltr'><strong>quem</strong></span> <span class='ocrx_word' id='word_1_106' title='bbox 1154 1373 1477 1457; x_wconf 83' lang='lat' dir='ltr'><strong>Euripum</strong></span> <span class='ocrx_word' id='word_1_107' title='bbox 1520 1377 1627 1438; x_wconf 91' lang='lat' dir='ltr'><strong>tot</strong></span> <span class='ocrx_word' id='word_1_108' title='bbox 1660 1377 1899 1458; x_wconf 89' lang='lat' dir='ltr'><strong>motus,</strong></span> <span class='ocrx_word' id='word_1_109' title='bbox 1945 1378 2189 1458; x_wconf 77' lang='lat' dir='ltr'><strong>tantaS,</strong></span> 
     </span>
     <span class='ocr_line' id='line_1_15' title="bbox 149 1461 2189 1546; baseline 0 -19"><span class='ocrx_word' id='word_1_110' title='bbox 149 1469 288 1528; x_wconf 87' lang='lat' dir='ltr'><strong>tam</strong></span> <span class='ocrx_word' id='word_1_111' title='bbox 332 1463 550 1529; x_wconf 81' lang='lat' dir='ltr'><strong>varias</strong></span> <span class='ocrx_word' id='word_1_112' title='bbox 595 1463 837 1528; x_wconf 87' lang='lat' dir='ltr'><strong>habere</strong></span> <span class='ocrx_word' id='word_1_113' title='bbox 883 1461 1134 1546; x_wconf 88' lang='lat' dir='ltr'><strong>putatis</strong></span> <span class='ocrx_word' id='word_1_114' title='bbox 1181 1461 1576 1546; x_wconf 81' lang='lat' dir='ltr'><strong>agitationes</strong></span> <span class='ocrx_word' id='word_1_115' title='bbox 1620 1463 2189 1527; x_wconf 88' lang='lat' dir='ltr'><strong>commutationes·</strong></span> 
     </span>
    </p>

    <p class='ocr_par' dir='ltr' id='par_1_12' title="bbox 69 1550 2189 1704">
     <span class='ocr_line' id='line_1_16' title="bbox 69 1550 2187 1636; baseline 0.002 -26"><span class='ocrx_word' id='word_1_116' title='bbox 69 1569 122 1611; x_wconf 65' lang='grc' dir='ltr'><strong>ιε</strong></span> <span class='ocrx_word' id='word_1_117' title='bbox 153 1573 277 1636; x_wconf 89' lang='lat' dir='ltr'><strong>que</strong></span> <span class='ocrx_word' id='word_1_118' title='bbox 311 1551 644 1636; x_wconf 90' lang='lat' dir='ltr'><strong>fluctuum,</strong></span> <span class='ocrx_word' id='word_1_119' title='bbox 681 1553 962 1635; x_wconf 83' lang='lat' dir='ltr'><strong>quantas</strong></span> <span class='ocrx_word' id='word_1_120' title='bbox 998 1550 1528 1635; x_wconf 83' lang='lat' dir='ltr'><strong>perturbationes</strong></span> <span class='ocrx_word' id='word_1_121' title='bbox 1561 1553 1628 1614; x_wconf 94' lang='lat' dir='ltr'><strong>et</strong></span> <span class='ocrx_word' id='word_1_122' title='bbox 1658 1554 1939 1634; x_wconf 87' lang='lat' dir='ltr'><strong>quantos</strong></span> <span class='ocrx_word' id='word_1_123' title='bbox 1968 1554 2187 1616; x_wconf 88' lang='lat' dir='ltr'><strong>aestus</strong></span> 
     </span>
     <span class='ocr_line' id='line_1_17' title="bbox 147 1637 2189 1704; baseline -0.001 0"><span class='ocrx_word' id='word_1_124' title='bbox 147 1640 351 1704; x_wconf 84' lang='lat' dir='ltr'><strong>habet</strong></span> <span class='ocrx_word' id='word_1_125' title='bbox 407 1639 578 1704; x_wconf 88' lang='lat' dir='ltr'><strong>ratio</strong></span> <span class='ocrx_word' id='word_1_126' title='bbox 637 1638 1091 1704; x_wconf 80' lang='lat' dir='ltr'><strong>comitiorum?</strong></span> <span class='ocrx_word' id='word_1_127' title='bbox 1201 1637 1361 1704; x_wconf 92' lang='lat' dir='ltr'><strong>Dies</strong></span> <span class='ocrx_word' id='word_1_128' title='bbox 1417 1637 1829 1702; x_wconf 89' lang='lat' dir='ltr'><strong>intermissus</strong></span> <span class='ocrx_word' id='word_1_129' title='bbox 1888 1642 2002 1702; x_wconf 88' lang='lat' dir='ltr'><strong>aut</strong></span> <span class='ocrx_word' id='word_1_130' title='bbox 2056 1660 2189 1703; x_wconf 86' lang='lat' dir='ltr'><strong>nox</strong></span> 
     </span>
    </p>

    <p class='ocr_par' dir='ltr' id='par_1_13' title="bbox 62 1726 2189 1901">
     <span class='ocr_line' id='line_1_18' title="bbox 62 1726 2189 1812; baseline -0.001 -20"><span class='ocrx_word' id='word_1_131' title='bbox 62 1785 66 1793; x_wconf 92' lang='lat'><strong>.</strong></span> <span class='ocrx_word' id='word_1_132' title='bbox 145 1727 540 1812; x_wconf 83' lang='lat' dir='ltr'><strong>interposita</strong></span> <span class='ocrx_word' id='word_1_133' title='bbox 579 1748 772 1811; x_wconf 88' lang='lat' dir='ltr'><strong>saepe</strong></span> <span class='ocrx_word' id='word_1_134' title='bbox 807 1727 1153 1812; x_wconf 87' lang='lat' dir='ltr'><strong>perturbat</strong></span> <span class='ocrx_word' id='word_1_135' title='bbox 1184 1727 1421 1810; x_wconf 87' lang='lat' dir='ltr'><strong>omnia,</strong></span> <span class='ocrx_word' id='word_1_136' title='bbox 1460 1729 1527 1790; x_wconf 91' lang='lat' dir='ltr'><strong>et</strong></span> <span class='ocrx_word' id='word_1_137' title='bbox 1560 1729 1774 1791; x_wconf 90' lang='lat' dir='ltr'><strong>totam</strong></span> <span class='ocrx_word' id='word_1_138' title='bbox 1814 1726 2189 1809; x_wconf 89' lang='lat' dir='ltr'><strong>opinionem</strong></span> 
     </span>
     <span class='ocr_line' id='line_1_19' title="bbox 147 1811 2187 1901; baseline -0.001 -20"><span class='ocrx_word' id='word_1_139' title='bbox 147 1837 358 1901; x_wconf 83' lang='lat' dir='ltr'><strong>parva</strong></span> <span class='ocrx_word' id='word_1_140' title='bbox 401 1837 537 1880; x_wconf 90' lang='lat' dir='ltr'><strong>non</strong></span> <span class='ocrx_word' id='word_1_141' title='bbox 581 1836 940 1898; x_wconf 90' lang='lat' dir='ltr'><strong>numquam</strong></span> <span class='ocrx_word' id='word_1_142' title='bbox 989 1818 1352 1880; x_wconf 89' lang='lat' dir='ltr'><strong>commutat</strong></span> <span class='ocrx_word' id='word_1_143' title='bbox 1398 1835 1558 1878; x_wconf 83' lang='lat' dir='ltr'><strong>aura</strong></span> <span class='ocrx_word' id='word_1_144' title='bbox 1602 1815 1904 1879; x_wconf 80' lang='lat' dir='ltr'><strong>rumoris,</strong></span> <span class='ocrx_word' id='word_1_145' title='bbox 1979 1811 2187 1899; x_wconf 86' lang='lat' dir='ltr'><strong>Saepe</strong></span> 
     </span>
    </p>

    <p class='ocr_par' dir='ltr' id='par_1_14' title="bbox 60 1901 2187 1988">
     <span class='ocr_line' id='line_1_20' title="bbox 60 1901 2187 1988; baseline -0.002 -16"><span class='ocrx_word' id='word_1_146' title='bbox 60 1952 63 1973; x_wconf 55' lang='lat'><em>2</em></span> <span class='ocrx_word' id='word_1_147' title='bbox 148 1905 351 1969; x_wconf 88' lang='lat' dir='ltr'><strong>etiam</strong></span> <span class='ocrx_word' id='word_1_148' title='bbox 407 1903 546 1969; x_wconf 89' lang='lat' dir='ltr'><strong>sine</strong></span> <span class='ocrx_word' id='word_1_149' title='bbox 603 1903 741 1969; x_wconf 86' lang='lat' dir='ltr'><strong>ulla</strong></span> <span class='ocrx_word' id='word_1_150' title='bbox 795 1907 1023 1988; x_wconf 88' lang='lat' dir='ltr'><strong>aperta</strong></span> <span class='ocrx_word' id='word_1_151' title='bbox 1077 1924 1275 1969; x_wconf 85' lang='lat' dir='ltr'><strong>causa</strong></span> <span class='ocrx_word' id='word_1_152' title='bbox 1328 1902 1407 1967; x_wconf 92' lang='lat' dir='ltr'><strong>fit</strong></span> <span class='ocrx_word' id='word_1_153' title='bbox 1462 1901 1666 1987; x_wconf 90' lang='lat' dir='ltr'><strong>aliud,</strong></span> <span class='ocrx_word' id='word_1_154' title='bbox 1722 1906 1915 1988; x_wconf 89' lang='lat' dir='ltr'><strong>atque</strong></span> <span class='ocrx_word' id='word_1_155' title='bbox 1970 1903 2187 1968; x_wconf 83' lang='lat' dir='ltr'><strong>existi-</strong></span> 
     </span>
    </p>

    <p class='ocr_par' dir='ltr' id='par_1_15' title="bbox 60 1991 2295 2431">
     <span class='ocr_line' id='line_1_21' title="bbox 60 1991 2186 2077; baseline -0.002 -17"><span class='ocrx_word' id='word_1_156' title='bbox 60 2013 118 2061; x_wconf 67' lang='lat'><strong>20</strong></span> <span class='ocrx_word' id='word_1_157' title='bbox 145 1993 350 2058; x_wconf 90' lang='lat' dir='ltr'><strong>maris</strong></span> <span class='ocrx_word' id='word_1_158' title='bbox 360 2043 378 2077; x_wconf 95' lang='lat'><strong>,</strong></span> <span class='ocrx_word' id='word_1_159' title='bbox 442 1996 519 2057; x_wconf 89' lang='lat' dir='ltr'><strong>ut</strong></span> <span class='ocrx_word' id='word_1_160' title='bbox 571 2014 706 2057; x_wconf 89' lang='lat' dir='ltr'><strong>non</strong></span> <span class='ocrx_word' id='word_1_161' title='bbox 759 2012 1116 2076; x_wconf 88' lang='lat' dir='ltr'><strong>numquam</strong></span> <span class='ocrx_word' id='word_1_162' title='bbox 1170 1992 1266 2056; x_wconf 87' lang='lat' dir='ltr'><strong>ita</strong></span> <span class='ocrx_word' id='word_1_163' title='bbox 1318 1991 1568 2057; x_wconf 88' lang='lat' dir='ltr'><strong>factum</strong></span> <span class='ocrx_word' id='word_1_164' title='bbox 1623 2012 1765 2056; x_wconf 90' lang='lat' dir='ltr'><strong>esse</strong></span> <span class='ocrx_word' id='word_1_165' title='bbox 1821 1991 2022 2056; x_wconf 87' lang='lat' dir='ltr'><strong>etiam</strong></span> <span class='ocrx_word' id='word_1_166' title='bbox 2078 2012 2186 2073; x_wconf 89' lang='lat' dir='ltr'><strong>po-</strong></span> 
     </span>
     <span class='ocr_line' id='line_1_22' title="bbox 145 2077 2295 2166; baseline 0.002 -21"><span class='ocrx_word' id='word_1_167' title='bbox 145 2082 342 2166; x_wconf 90' lang='lat' dir='ltr'><strong>pulus</strong></span> <span class='ocrx_word' id='word_1_168' title='bbox 401 2081 783 2163; x_wconf 84' lang='lat' dir='ltr'><strong>admiretur,</strong></span> <span class='ocrx_word' id='word_1_169' title='bbox 838 2080 1027 2163; x_wconf 89' lang='lat' dir='ltr'><strong>quasi</strong></span> <span class='ocrx_word' id='word_1_170' title='bbox 1080 2100 1232 2146; x_wconf 85' lang='lat' dir='ltr'><strong>vero</strong></span> <span class='ocrx_word' id='word_1_171' title='bbox 1289 2101 1423 2144; x_wconf 88' lang='lat' dir='ltr'><strong>non</strong></span> <span class='ocrx_word' id='word_1_172' title='bbox 1479 2080 1621 2163; x_wconf 89' lang='lat' dir='ltr'><strong>ipse</strong></span> <span class='ocrx_word' id='word_1_173' title='bbox 1665 2078 1909 2145; x_wconf 88' lang='lat' dir='ltr'><strong>fecerit.</strong></span> <span class='ocrx_word' id='word_1_174' title='bbox 2000 2077 2188 2145; x_wconf 89' lang='lat' dir='ltr'><strong>Nihil</strong></span> <span class='ocrx_word' id='word_1_175' title='bbox 2226 2099 2295 2149; x_wconf 82' lang='grc'><strong>36</strong></span> 
     </span>
     <span class='ocr_line' id='line_1_23' title="bbox 147 2166 2189 2253; baseline 0 -20"><span class='ocrx_word' id='word_1_176' title='bbox 147 2173 254 2233; x_wconf 90' lang='lat' dir='ltr'><strong>est</strong></span> <span class='ocrx_word' id='word_1_177' title='bbox 287 2169 602 2234; x_wconf 83' lang='lat' dir='ltr'><strong>incertius</strong></span> <span class='ocrx_word' id='word_1_178' title='bbox 639 2168 856 2253; x_wconf 83' lang='lat' dir='ltr'><strong>vulgo,</strong></span> <span class='ocrx_word' id='word_1_179' title='bbox 894 2167 1062 2233; x_wconf 89' lang='lat' dir='ltr'><strong>nihil</strong></span> <span class='ocrx_word' id='word_1_180' title='bbox 1093 2167 1433 2233; x_wconf 82' lang='lat' dir='ltr'><strong>obscurius</strong></span> <span class='ocrx_word' id='word_1_181' title='bbox 1459 2168 1801 2232; x_wconf 81' lang='lat' dir='ltr'><strong>voluntate</strong></span> <span class='ocrx_word' id='word_1_182' title='bbox 1827 2166 2189 2251; x_wconf 86' lang='lat' dir='ltr'><strong>hominum,</strong></span> 
     </span>
     <span class='ocr_line' id='line_1_24' title="bbox 141 2254 2188 2331; baseline -0.001 -10"><span class='ocrx_word' id='word_1_183' title='bbox 141 2257 316 2323; x_wconf 89' lang='lat' dir='ltr'><strong>nihil</strong></span> <span class='ocrx_word' id='word_1_184' title='bbox 360 2256 662 2323; x_wconf 87' lang='lat' dir='ltr'><strong>fallacius</strong></span> <span class='ocrx_word' id='word_1_185' title='bbox 709 2255 966 2321; x_wconf 87' lang='lat' dir='ltr'><strong>ratione</strong></span> <span class='ocrx_word' id='word_1_186' title='bbox 1011 2260 1156 2320; x_wconf 84' lang='lat' dir='ltr'><strong>tota</strong></span> <span class='ocrx_word' id='word_1_187' title='bbox 1203 2256 1641 2320; x_wconf 83' lang='lat' dir='ltr'><strong>comitiorum.</strong></span> <span class='ocrx_word' id='word_1_188' title='bbox 1733 2254 1892 2331; x_wconf 85' lang='lat' dir='ltr'><strong>Quis</strong></span> <span class='ocrx_word' id='word_1_189' title='bbox 1938 2255 2010 2320; x_wconf 91' lang='lat' dir='ltr'><strong>L.</strong></span> <span class='ocrx_word' id='word_1_190' title='bbox 2037 2254 2188 2319; x_wconf 91' lang='lat' dir='ltr'><strong>Phi-</strong></span> 
     </span>
     <span class='ocr_line' id='line_1_25' title="bbox 142 2342 2188 2431; baseline 0 -23"><span class='ocrx_word' id='word_1_191' title='bbox 142 2346 402 2431; x_wconf 86' lang='lat' dir='ltr'><strong>lippum</strong></span> <span class='ocrx_word' id='word_1_192' title='bbox 451 2366 707 2410; x_wconf 89' lang='lat' dir='ltr'><strong>summo</strong></span> <span class='ocrx_word' id='word_1_193' title='bbox 752 2344 1033 2430; x_wconf 85' lang='lat' dir='ltr'><strong>ingenio,</strong></span> <span class='ocrx_word' id='word_1_194' title='bbox 1080 2365 1296 2427; x_wconf 92' lang='lat' dir='ltr'><strong>opera,</strong></span> <span class='ocrx_word' id='word_1_195' title='bbox 1344 2344 1576 2430; x_wconf 83' lang='lat' dir='ltr'><strong>gratia,</strong></span> <span class='ocrx_word' id='word_1_196' title='bbox 1620 2344 1968 2409; x_wconf 88' lang='lat' dir='ltr'><strong>nobilitate</strong></span> <span class='ocrx_word' id='word_1_197' title='bbox 2016 2366 2057 2409; x_wconf 93' lang='lat' dir='ltr'><strong>a</strong></span> <span class='ocrx_word' id='word_1_198' title='bbox 2099 2342 2188 2409; x_wconf 88' lang='lat' dir='ltr'><strong>M.</strong></span> 
     </span>
    </p>

    <p class='ocr_par' dir='ltr' id='par_1_16' title="bbox 59 2430 2188 2870">
     <span class='ocr_line' id='line_1_26' title="bbox 59 2430 2188 2519; baseline 0.002 -26"><span class='ocrx_word' id='word_1_199' title='bbox 59 2452 114 2493; x_wconf 76' lang='lat'><strong>25</strong></span> <span class='ocrx_word' id='word_1_200' title='bbox 141 2432 481 2499; x_wconf 74' lang='lat' dir='ltr'><strong>Herennio</strong></span> <span class='ocrx_word' id='word_1_201' title='bbox 538 2433 833 2519; x_wconf 88' lang='lat' dir='ltr'><strong>superari</strong></span> <span class='ocrx_word' id='word_1_202' title='bbox 885 2453 1078 2517; x_wconf 89' lang='lat' dir='ltr'><strong>posse</strong></span> <span class='ocrx_word' id='word_1_203' title='bbox 1135 2432 1495 2497; x_wconf 86' lang='lat' dir='ltr'><strong>arbitratus</strong></span> <span class='ocrx_word' id='word_1_204' title='bbox 1542 2435 1643 2497; x_wconf 92' lang='lat' dir='ltr'><strong>est</strong></span> <span class='ocrx_word' id='word_1_205' title='bbox 1660 2432 1694 2497; x_wconf 71' lang='grc' dir='ltr'><strong>*Ρ</strong></span> <span class='ocrx_word' id='word_1_206' title='bbox 1757 2431 1903 2516; x_wconf 88' lang='lat' dir='ltr'><strong>quis</strong></span> <span class='ocrx_word' id='word_1_207' title='bbox 1949 2430 2023 2508; x_wconf 85' lang='lat' dir='ltr'><strong>Q.</strong></span> <span class='ocrx_word' id='word_1_208' title='bbox 2072 2430 2188 2497; x_wconf 85' lang='lat' dir='ltr'><strong>Oa-</strong></span> 
     </span>
     <span class='ocr_line' id='line_1_27' title="bbox 141 2519 2186 2605; baseline -0 -19"><span class='ocrx_word' id='word_1_209' title='bbox 141 2522 366 2587; x_wconf 88' lang='lat' dir='ltr'><strong>tulum</strong></span> <span class='ocrx_word' id='word_1_210' title='bbox 411 2520 837 2605; x_wconf 87' lang='lat' dir='ltr'><strong>humanitate,</strong></span> <span class='ocrx_word' id='word_1_211' title='bbox 885 2520 1222 2605; x_wconf 87' lang='lat' dir='ltr'><strong>sapientia,</strong></span> <span class='ocrx_word' id='word_1_212' title='bbox 1267 2519 1650 2605; x_wconf 85' lang='lat' dir='ltr'><strong>integritate</strong></span> <span class='ocrx_word' id='word_1_213' title='bbox 1688 2521 2186 2586; x_wconf 81' lang='lat' dir='ltr'><strong>antecellentem</strong></span> 
     </span>
     <span class='ocr_line' id='line_1_28' title="bbox 143 2606 2187 2694; baseline -0.001 -19"><span class='ocrx_word' id='word_1_214' title='bbox 143 2632 185 2675; x_wconf 90' lang='lat' dir='ltr'><strong>a</strong></span> <span class='ocrx_word' id='word_1_215' title='bbox 222 2608 344 2676; x_wconf 83' lang='lat' dir='ltr'><strong>Cn.</strong></span> <span class='ocrx_word' id='word_1_216' title='bbox 374 2608 653 2675; x_wconf 76' lang='lat' dir='ltr'><strong>Mallio?</strong></span> <span class='ocrx_word' id='word_1_217' title='bbox 691 2609 834 2694; x_wconf 73' lang='lat' dir='ltr'><strong>quis</strong></span> <span class='ocrx_word' id='word_1_218' title='bbox 862 2607 950 2674; x_wconf 94' lang='lat' dir='ltr'><strong>M.</strong></span> <span class='ocrx_word' id='word_1_219' title='bbox 979 2606 1311 2692; x_wconf 86' lang='lat' dir='ltr'><strong>Scaurum,</strong></span> <span class='ocrx_word' id='word_1_220' title='bbox 1347 2608 1679 2673; x_wconf 89' lang='lat' dir='ltr'><strong>hominem</strong></span> <span class='ocrx_word' id='word_1_221' title='bbox 1709 2608 2187 2693; x_wconf 84' lang='lat' dir='ltr'><strong>gravissimum,</strong></span> 
     </span>
     <span class='ocr_line' id='line_1_29' title="bbox 141 2695 2186 2784; baseline 0 -22"><span class='ocrx_word' id='word_1_222' title='bbox 141 2700 357 2763; x_wconf 86' lang='lat' dir='ltr'><strong>civem</strong></span> <span class='ocrx_word' id='word_1_223' title='bbox 395 2698 754 2784; x_wconf 86' lang='lat' dir='ltr'><strong>egregium,</strong></span> <span class='ocrx_word' id='word_1_224' title='bbox 787 2696 1222 2762; x_wconf 83' lang='lat' dir='ltr'><strong>fortissimum</strong></span> <span class='ocrx_word' id='word_1_225' title='bbox 1249 2700 1638 2782; x_wconf 87' lang='lat' dir='ltr'><strong>senatorem,</strong></span> <span class='ocrx_word' id='word_1_226' title='bbox 1676 2719 1715 2762; x_wconf 87' lang='lat' dir='ltr'><strong>a</strong></span> <span class='ocrx_word' id='word_1_227' title='bbox 1744 2696 1817 2774; x_wconf 83' lang='lat' dir='ltr'><strong>Q.</strong></span> <span class='ocrx_word' id='word_1_228' title='bbox 1846 2695 2186 2763; x_wconf 79' lang='lat' dir='ltr'><strong>Maximo?</strong></span> 
     </span>
     <span class='ocr_line' id='line_1_30' title="bbox 141 2784 2188 2870; baseline -0 -20"><span class='ocrx_word' id='word_1_229' title='bbox 141 2785 306 2851; x_wconf 86' lang='lat' dir='ltr'><strong>Non</strong></span> <span class='ocrx_word' id='word_1_230' title='bbox 354 2786 548 2851; x_wconf 90' lang='lat' dir='ltr'><strong>modo</strong></span> <span class='ocrx_word' id='word_1_231' title='bbox 593 2785 830 2851; x_wconf 91' lang='lat' dir='ltr'><strong>horum</strong></span> <span class='ocrx_word' id='word_1_232' title='bbox 873 2784 1040 2849; x_wconf 87' lang='lat' dir='ltr'><strong>nihil</strong></span> <span class='ocrx_word' id='word_1_233' title='bbox 1086 2786 1183 2850; x_wconf 84' lang='lat' dir='ltr'><strong>ita</strong></span> <span class='ocrx_word' id='word_1_234' title='bbox 1232 2784 1373 2850; x_wconf 86' lang='lat' dir='ltr'><strong>fore</strong></span> <span class='ocrx_word' id='word_1_235' title='bbox 1418 2788 1725 2870; x_wconf 86' lang='lat' dir='ltr'><strong>putatum</strong></span> <span class='ocrx_word' id='word_1_236' title='bbox 1771 2789 1899 2869; x_wconf 87' lang='lat' dir='ltr'><strong>est,</strong></span> <span class='ocrx_word' id='word_1_237' title='bbox 1946 2786 2060 2851; x_wconf 91' lang='lat' dir='ltr'><strong>sed</strong></span> <span class='ocrx_word' id='word_1_238' title='bbox 2105 2807 2188 2851; x_wconf 90' lang='lat' dir='ltr'><strong>ne</strong></span> 
     </span>
    </p>

    <p class='ocr_par' dir='ltr' id='par_1_17' title="bbox 59 2872 2189 3311">
     <span class='ocr_line' id='line_1_31' title="bbox 59 2872 2189 2959; baseline 0.002 -26"><span class='ocrx_word' id='word_1_239' title='bbox 59 2891 112 2933; x_wconf 78' lang='lat' dir='ltr'><strong>so</strong></span> <span class='ocrx_word' id='word_1_240' title='bbox 143 2897 298 2939; x_wconf 91' lang='lat' dir='ltr'><strong>cum</strong></span> <span class='ocrx_word' id='word_1_241' title='bbox 347 2878 520 2939; x_wconf 89' lang='lat' dir='ltr'><strong>esset</strong></span> <span class='ocrx_word' id='word_1_242' title='bbox 562 2874 808 2939; x_wconf 86' lang='lat' dir='ltr'><strong>factum</strong></span> <span class='ocrx_word' id='word_1_243' title='bbox 855 2872 1132 2957; x_wconf 91' lang='lat' dir='ltr'><strong>quidem,</strong></span> <span class='ocrx_word' id='word_1_244' title='bbox 1180 2894 1381 2959; x_wconf 90' lang='lat' dir='ltr'><strong>quare</strong></span> <span class='ocrx_word' id='word_1_245' title='bbox 1425 2874 1522 2939; x_wconf 89' lang='lat' dir='ltr'><strong>ita</strong></span> <span class='ocrx_word' id='word_1_246' title='bbox 1571 2874 1818 2941; x_wconf 86' lang='lat' dir='ltr'><strong>factum</strong></span> <span class='ocrx_word' id='word_1_247' title='bbox 1857 2878 2048 2959; x_wconf 88' lang='lat' dir='ltr'><strong>esset,</strong></span> <span class='ocrx_word' id='word_1_248' title='bbox 2090 2873 2189 2938; x_wconf 88' lang='lat' dir='ltr'><strong>in-</strong></span> 
     </span>
     <span class='ocr_line' id='line_1_32' title="bbox 139 2961 2189 3048; baseline -0.001 -21"><span class='ocrx_word' id='word_1_249' title='bbox 139 2962 380 3048; x_wconf 86' lang='lat' dir='ltr'><strong>tellegi</strong></span> <span class='ocrx_word' id='word_1_250' title='bbox 425 2962 659 3047; x_wconf 89' lang='lat' dir='ltr'><strong>potuit.</strong></span> <span class='ocrx_word' id='word_1_251' title='bbox 748 2962 948 3045; x_wconf 88' lang='lat' dir='ltr'><strong>Nam,</strong></span> <span class='ocrx_word' id='word_1_252' title='bbox 1001 2964 1079 3026; x_wconf 90' lang='lat' dir='ltr'><strong>ut</strong></span> <span class='ocrx_word' id='word_1_253' title='bbox 1127 2964 1558 3047; x_wconf 86' lang='lat' dir='ltr'><strong>tempestates</strong></span> <span class='ocrx_word' id='word_1_254' title='bbox 1607 2983 1800 3045; x_wconf 88' lang='lat' dir='ltr'><strong>saepe</strong></span> <span class='ocrx_word' id='word_1_255' title='bbox 1846 2965 2026 3027; x_wconf 88' lang='lat' dir='ltr'><strong>certo</strong></span> <span class='ocrx_word' id='word_1_256' title='bbox 2073 2961 2189 3025; x_wconf 90' lang='lat' dir='ltr'><strong>ali-</strong></span> 
     </span>
     <span class='ocr_line' id='line_1_33' title="bbox 140 3048 2189 3135; baseline -0.001 -20"><span class='ocrx_word' id='word_1_257' title='bbox 140 3073 278 3135; x_wconf 92' lang='lat' dir='ltr'><strong>quo</strong></span> <span class='ocrx_word' id='word_1_258' title='bbox 337 3050 500 3116; x_wconf 91' lang='lat' dir='ltr'><strong>caeli</strong></span> <span class='ocrx_word' id='word_1_259' title='bbox 547 3050 734 3135; x_wconf 86' lang='lat' dir='ltr'><strong>signo</strong></span> <span class='ocrx_word' id='word_1_260' title='bbox 781 3054 1300 3132; x_wconf 81' lang='lat' dir='ltr'><strong>commoventur,</strong></span> <span class='ocrx_word' id='word_1_261' title='bbox 1356 3072 1551 3135; x_wconf 86' lang='lat' dir='ltr'><strong>saepe</strong></span> <span class='ocrx_word' id='word_1_262' title='bbox 1597 3050 1957 3135; x_wconf 81' lang='lat' dir='ltr'><strong>improviso</strong></span> <span class='ocrx_word' id='word_1_263' title='bbox 2002 3048 2189 3134; x_wconf 88' lang='lat' dir='ltr'><strong>nulla</strong></span> 
     </span>
     <span class='ocr_line' id='line_1_34' title="bbox 139 3137 2187 3222; baseline -0.001 -19"><span class='ocrx_word' id='word_1_264' title='bbox 139 3162 224 3203; x_wconf 84' lang='lat' dir='ltr'><strong>ex</strong></span> <span class='ocrx_word' id='word_1_265' title='bbox 283 3142 467 3203; x_wconf 89' lang='lat' dir='ltr'><strong>certa</strong></span> <span class='ocrx_word' id='word_1_266' title='bbox 520 3140 773 3204; x_wconf 87' lang='lat' dir='ltr'><strong>ratione</strong></span> <span class='ocrx_word' id='word_1_267' title='bbox 830 3139 1106 3203; x_wconf 83' lang='lat' dir='ltr'><strong>obscura</strong></span> <span class='ocrx_word' id='word_1_268' title='bbox 1164 3138 1387 3222; x_wconf 87' lang='lat' dir='ltr'><strong>aliqua</strong></span> <span class='ocrx_word' id='word_1_269' title='bbox 1432 3160 1512 3203; x_wconf 86' lang='lat' dir='ltr'><strong>ex</strong></span> <span class='ocrx_word' id='word_1_270' title='bbox 1560 3159 1755 3203; x_wconf 91' lang='lat' dir='ltr'><strong>causa</strong></span> <span class='ocrx_word' id='word_1_271' title='bbox 1802 3137 2187 3220; x_wconf 84' lang='lat' dir='ltr'><strong>excitantur,</strong></span> 
     </span>
     <span class='ocr_line' id='line_1_35' title="bbox 139 3225 2189 3311; baseline -0.001 -20"><span class='ocrx_word' id='word_1_272' title='bbox 139 3228 239 3293; x_wconf 91' lang='lat' dir='ltr'><strong>sic</strong></span> <span class='ocrx_word' id='word_1_273' title='bbox 294 3226 368 3291; x_wconf 89' lang='lat' dir='ltr'><strong>in</strong></span> <span class='ocrx_word' id='word_1_274' title='bbox 421 3227 546 3293; x_wconf 92' lang='lat' dir='ltr'><strong>hac</strong></span> <span class='ocrx_word' id='word_1_275' title='bbox 601 3226 1014 3293; x_wconf 91' lang='lat' dir='ltr'><strong>comitiorum</strong></span> <span class='ocrx_word' id='word_1_276' title='bbox 1059 3229 1456 3311; x_wconf 84' lang='lat' dir='ltr'><strong>tempestate</strong></span> <span class='ocrx_word' id='word_1_277' title='bbox 1501 3225 1807 3310; x_wconf 88' lang='lat' dir='ltr'><strong>populari</strong></span> <span class='ocrx_word' id='word_1_278' title='bbox 1852 3246 2046 3308; x_wconf 91' lang='lat' dir='ltr'><strong>saepe</strong></span> <span class='ocrx_word' id='word_1_279' title='bbox 2090 3225 2189 3289; x_wconf 88' lang='lat' dir='ltr'><strong>in-</strong></span> 
     </span>
    </p>

    <p class='ocr_par' dir='ltr' id='par_1_18' title="bbox 59 3312 2292 3485">
     <span class='ocr_line' id='line_1_36' title="bbox 59 3312 2187 3401; baseline 0.001 -28"><span class='ocrx_word' id='word_1_280' title='bbox 59 3332 108 3374; x_wconf 73' lang='lat'><strong>³5</strong></span> <span class='ocrx_word' id='word_1_281' title='bbox 138 3315 457 3401; x_wconf 79' lang='lat' dir='ltr'><strong>tellegaS,</strong></span> <span class='ocrx_word' id='word_1_282' title='bbox 524 3336 652 3398; x_wconf 91' lang='lat' dir='ltr'><strong>quo</strong></span> <span class='ocrx_word' id='word_1_283' title='bbox 709 3315 897 3401; x_wconf 86' lang='lat' dir='ltr'><strong>signo</strong></span> <span class='ocrx_word' id='word_1_284' title='bbox 953 3318 1283 3379; x_wconf 89' lang='lat' dir='ltr'><strong>commota</strong></span> <span class='ocrx_word' id='word_1_285' title='bbox 1338 3313 1453 3397; x_wconf 90' lang='lat' dir='ltr'><strong>sit,</strong></span> <span class='ocrx_word' id='word_1_286' title='bbox 1510 3335 1703 3397; x_wconf 88' lang='lat' dir='ltr'><strong>saepe</strong></span> <span class='ocrx_word' id='word_1_287' title='bbox 1760 3312 1855 3377; x_wconf 90' lang='lat' dir='ltr'><strong>ita</strong></span> <span class='ocrx_word' id='word_1_288' title='bbox 1909 3313 2187 3378; x_wconf 87' lang='lat' dir='ltr'><strong>obscura</strong></span> 
     </span>
     <span class='ocr_line' id='line_1_37' title="bbox 139 3382 2292 3485; baseline -0.001 -16"><span class='ocrx_word' id='word_1_289' title='bbox 139 3407 266 3485; x_wconf 89' lang='lat' dir='ltr'><strong>est,</strong></span> <span class='ocrx_word' id='word_1_290' title='bbox 316 3407 392 3467; x_wconf 92' lang='lat' dir='ltr'><strong>ut</strong></span> <span class='ocrx_word' id='word_1_291' title='bbox 438 3424 594 3469; x_wconf 91' lang='lat' dir='ltr'><strong>casu</strong></span> <span class='ocrx_word' id='word_1_292' title='bbox 640 3403 922 3469; x_wconf 86' lang='lat' dir='ltr'><strong>excitata</strong></span> <span class='ocrx_word' id='word_1_293' title='bbox 967 3423 1109 3468; x_wconf 88' lang='lat' dir='ltr'><strong>esse</strong></span> <span class='ocrx_word' id='word_1_294' title='bbox 1155 3401 1472 3467; x_wconf 85' lang='lat' dir='ltr'><strong>videatur.</strong></span> <span class='ocrx_word' id='word_1_295' title='bbox 1539 3401 1664 3467; x_wconf 87' lang='lat' dir='ltr'><strong>Sed</strong></span> <span class='ocrx_word' id='word_1_296' title='bbox 1710 3404 1932 3466; x_wconf 89' lang='lat' dir='ltr'><strong>tamen</strong></span> <span class='ocrx_word' id='word_1_297' title='bbox 1980 3402 2037 3467; x_wconf 92' lang='lat' dir='ltr'><strong>si</strong></span> <span class='ocrx_word' id='word_1_298' title='bbox 2084 3407 2186 3467; x_wconf 86' lang='lat' dir='ltr'><strong>est</strong></span> <span class='ocrx_word' id='word_1_299' title='bbox 2211 3382 2292 3445; x_wconf 77' lang='lat'><strong>18</strong></span> 
     </span>
    </p>
   </div>
   <div class='ocr_carea' id='block_1_3' title="bbox 135 3459 2293 3577">
    <p class='ocr_par' dir='ltr' id='par_1_19' title="bbox 135 3459 2293 3577">
     <span class='ocr_line' id='line_1_38' title="bbox 135 3459 2293 3577; baseline -0 -21"><span class='ocrx_word' id='word_1_300' title='bbox 135 3491 477 3557; x_wconf 88' lang='lat' dir='ltr'><strong>reddenda</strong></span> <span class='ocrx_word' id='word_1_301' title='bbox 521 3492 712 3577; x_wconf 82' lang='lat' dir='ltr'><strong>ratio,</strong></span> <span class='ocrx_word' id='word_1_302' title='bbox 758 3492 920 3556; x_wconf 89' lang='lat' dir='ltr'><strong>duae</strong></span> <span class='ocrx_word' id='word_1_303' title='bbox 967 3510 1070 3555; x_wconf 90' lang='lat' dir='ltr'><strong>res</strong></span> <span class='ocrx_word' id='word_1_304' title='bbox 1116 3490 1535 3556; x_wconf 82' lang='lat' dir='ltr'><strong>vehementer</strong></span> <span class='ocrx_word' id='word_1_305' title='bbox 1570 3489 1641 3555; x_wconf 87' lang='lat' dir='ltr'><strong>in</strong></span> <span class='ocrx_word' id='word_1_306' title='bbox 1675 3494 1986 3575; x_wconf 83' lang='lat' dir='ltr'><strong>praetura</strong></span> <span class='ocrx_word' id='word_1_307' title='bbox 2024 3490 2186 3556; x_wconf 88' lang='lat' dir='ltr'><strong>desi·</strong></span> <span class='ocrx_word' id='word_1_308' title='bbox 2225 3459 2293 3508; x_wconf 75' lang='lat'><strong>37</strong></span> 
     </span>
    </p>
   </div>
  </div>
 </body>
</html>
