2534 3875
559 163 713 219 CAP.
757 169 962 218 19-21
1003 170 1033 229 ς
1071 170 1301 219 52—58.
1825 164 1949 227 121

0 308 234 373 unibus
274 307 617 373 sententiis
655 310 916 392 praeter
951 329 1170 391 unam,
1208 330 1407 392 quam
1438 330 1623 373 suam
1652 307 1951 374 Staienus

0 419 52 461 te
111 397 396 480 dicebat,
452 393 847 461 Scamander
902 396 1116 478 prima
1173 396 1430 462 actione
1488 397 1951 461 condemnatus

0 507 28 551 ·,.
126 484 286 560 Quis
332 489 473 548 tum
520 488 664 548 erat
709 483 1017 566 omnium,
1065 484 1177 567 qui
1214 482 1610 549 Scamandro
1659 486 1956 551 condem-

0 576 69 637 to
127 593 265 638 non
308 572 619 636 iudicium
666 572 744 636 de
792 570 1152 655 Oppianico
1197 571 1447 637 factum
1494 594 1635 640 esse
1683 573 1956 637 arbitra-

0 660 142 725 2ur‘?
205 659 360 744 quid
399 664 500 725 est
545 660 664 723 illa
710 659 1131 724 damnatione
1175 659 1551 743 iudicatum,
1595 660 1725 725 nisi
1770 682 1951 725 vene-

2 772 71 811 m
119 748 205 829 id,
254 748 428 831 quod
472 746 723 812 Habito
773 747 1052 828 daretur,
1101 769 1242 812 esse
1292 749 1703 832 quaesitum?
1778 746 1956 824 Quae

0 859 111 900 rro
175 836 558 901 tenuissima
606 835 890 920 suspicio
937 836 1183 900 collata
1227 835 1300 899 in
1346 833 1811 901 Scamandrum
1860 842 1960 901 est

0 928 28 987 t
91 925 376 989 conferri
422 924 668 1008 potuit,
721 927 798 988 ut
842 924 900 987 is
949 945 1068 989 sua
1113 928 1350 1007 sponte
1395 946 1627 989 necare
1672 924 1958 990 voluisse

0 1012 235 1076 abitum
281 1013 669 1096 putaretur}>

50 1101 274 1183 Atque
328 1101 463 1166 hoc*
512 1105 655 1166 tum
715 1100 953 1165 iudicio
1010 1099 1187 1166 facto
1244 1104 1313 1165 et
1359 1100 1719 1185 Oppianico
1776 1122 1847 1164 re
1894 1103 1956 1164 et
1996 1117 2060 1165 Βῆ

0 1188 408 1253 istimatione
481 1188 643 1272 iam,
715 1190 863 1273 lege
935 1192 1002 1252 et
1074 1189 1608 1272 pronuntiatione
1671 1188 1960 1254 nondum

0 1278 347 1341 ndemnato
403 1280 627 1341 tamen
670 1276 958 1341 Habitus
1006 1276 1438 1360 Oppianicum
1494 1299 1678 1341 reum
1734 1276 1956 1341 statim

1 1388 46 1429 n
113 1366 288 1430 fecit.
381 1363 614 1431 Voluit
667 1386 1085 1449 cognoscere,
1147 1368 1369 1429 utrum
1429 1364 1670 1428 iudices
1725 1364 1797 1427 in
1852 1385 1960 1429 eos

0 1454 95 1517 los
171 1456 390 1517 essent
463 1452 697 1537 severi,
771 1474 934 1536 quos
1008 1474 1328 1517 venenum
1404 1452 1711 1517 habuisse
1783 1452 1960 1535 ipsos

0 1541 419 1625 mperissent,
475 1564 559 1605 an
622 1541 823 1605 etiam
879 1540 1152 1605 consilia
1208 1540 1767 1623 conscientiasque
1825 1540 1960 1605 eius

0 1630 96 1693 >di
149 1629 516 1694 facinorum
579 1629 902 1714 supplicio
963 1629 1195 1714 dignas
1252 1629 1627 1693 iudicarent.
1731 1626 1963 1711 Itaque

52 1716 454 1801 Fabricium,
531 1739 722 1800 quem
794 1721 1065 1800 propter
1139 1716 1658 1781 familiaritatem
1724 1714 1960 1799 Oppia-

0 1805 49 1870 ci
105 1805 434 1871 conscium
493 1805 595 1869 illi
655 1804 934 1870 facinori
986 1804 1189 1869 fuisse
1245 1804 1720 1886 arbitrabatur,
1779 1824 1960 1867 reum

0 1894 151 1958 atim
215 1893 400 1977 fecit,
480 1894 704 1978 utique
771 1893 832 1959 ei
895 1894 1073 1959 locus
1138 1893 1389 1978 primus
1458 1892 1964 1958 constitueretur

3 1986 194 2066 opter
252 2004 483 2047 causae
539 1982 1088 2065 coniunctionem,
1150 1982 1547 2066 impetravit.
1638 1979 1767 2046 Hic
1820 1984 1964 2044 tum

0 2070 260 2135 »bricius
315 2093 448 2135 non
503 2071 695 2136 modo
754 2071 835 2134 ad
891 2093 996 2135 me
1051 2092 1231 2136 meos
1280 2070 1528 2135 vicinos
1591 2074 1657 2134 et
1704 2068 1964 2150 amicOS,

0 2158 350 2240 [etrinates,
395 2180 528 2224 non
567 2159 852 2242 adduxit,
900 2159 1012 2224 sed
1059 2159 1200 2243 ipse
1248 2159 1327 2223 iis
1366 2180 1575 2242 neque
1615 2156 1964 2221 defensori-

0 2268 44 2310 ιε
91 2246 192 2310 uti
238 2249 472 2329 postea
515 2269 725 2331 neque
771 2247 1222 2312 laudatoribus
1268 2246 1505 2331 potuit.
1579 2245 1743 2308 Rem
1784 2244 1960 2308 enim
2000 2262 2064 2310 fi?

0 2338 248 2418 tegram
295 2334 580 2399 hominis
624 2357 758 2400 non
805 2335 1003 2399 alieni
1048 2335 1347 2418 quamvis
1395 2333 1821 2433 suspiciosam
1860 2332 1964 2395 de-

0 2423 187 2486 ndere
242 2422 674 2487 humanitatis
723 2444 862 2487 esse
909 2423 1335 2506 putabamus,
1386 2422 1737 2485 iudicatam
1785 2420 1960 2484 labe-

0 2514 169 2574 ctare
217 2511 441 2575 conari
485 2511 944 2594 impudentiae.
1018 2509 1250 2593 Itaque
1289 2515 1429 2574 tum
1478 2509 1591 2572 ille
1636 2508 1861 2604 inopia
1896 2509 1964 2571 et

0 2597 314 2662 =cessitate
376 2601 636 2664 coactus
696 2598 766 2662 in
822 2620 1018 2663 causa
1074 2598 1210 2662 eius
1257 2597 1437 2662 modi
1482 2597 1562 2661 ad
1610 2595 1960 2680 Caepasios

0 2689 165 2749 atres
222 2686 545 2772 confugit,
603 2686 901 2752 homines
947 2685 1306 2750 industrios
1355 2689 1552 2769 atque
1600 2707 1675 2750 eo
1725 2685 1964 2767 anim0,

0 2817 19 2857 r,
69 2795 508 2857 quaecumque
557 2774 809 2839 dicendi
856 2778 1152 2858 potestas
1192 2776 1365 2838 esset
1404 2774 1574 2855 data,
1611 2773 1681 2837 in
1717 2772 1964 2838 honore

1 2883 124 2945 que
170 2861 240 2925 in
285 2862 597 2927 beneficio
644 2865 978 2951 ponerent.
1059 2862 1234 2927 Nam
1280 2861 1407 2927 hoc
1442 2883 1647 2946 prope
1691 2861 1960 2945 iniquis-
1980 2862 2064 2926 521

0 2971 88 3013 me
151 2953 600 3032 comparatum
656 2955 757 3015 est
766 3000 784 3033 ,
848 2951 1020 3035 quod
1073 2950 1146 3014 in
1203 2950 1451 3014 morbis
1508 2949 1799 3032 corporis
1810 2999 1828 3031 ,
1892 2951 1964 3014 ut

0 3039 200 3122 usque
231 3041 332 3101 est
362 3037 803 3121 difficillimus,
843 3039 940 3102 ita
968 3038 1256 3102 medicus
1284 3037 1736 3102 nobilissimus
1768 3039 1960 3121 atque

0 3125 216 3189 »timus
283 3126 642 3209 quaeritur,
705 3127 776 3190 in
839 3125 1145 3209 periculis
1213 3125 1475 3209 capitis,
1539 3129 1613 3188 ut
1668 3145 1960 3207 quaeque

0 3234 126 3278 ‚usa
171 3212 557 3278 difficillima
603 3216 722 3298 est,
765 3214 863 3277 ita
909 3213 1295 3278 deterrimus
1334 3213 1960 3294 obscurissimusque

0 3305 247 3365 itronus
304 3301 677 3385 adhibetur;
732 3301 862 3364 nisi
914 3301 1084 3364 forte
1137 3300 1262 3366 hoc
1319 3322 1553 3365 causae
1609 3302 1736 3382 est,
1790 3299 1960 3382 quod

0 3388 161 3453 edici
207 3388 374 3452 nihil
421 3393 681 3473 praeter
727 3388 1102 3470 artificium,
1159 3392 1453 3453 oratores
1503 3388 1699 3450 etiam
1747 3389 1960 3450 aucto-

0 3480 195 3541 batem
232 3481 565 3560 praestare
604 3476 859 3542 debent.
924 3475 1181 3541 Citatur
1217 3498 1365 3540 reus
1408 3475 1674 3559 [,agitur
1711 3475 1960 3555 causa];
2000 3494 2068 3538 aa
