2534 3875
902 185 1054 242 cAP.
1095 191 1234 240 1-4
1272 191 1302 252 ἓ
1339 191 1497 242 4-9.
2013 185 2149 252 449

123 335 259 395 tum
311 330 719 395 consulatum
773 330 1069 414 petebat,
1133 351 1268 394 non
1320 351 1618 395 sororum
1672 329 1818 413 filii,
1872 328 2148 414 Luculli,

125 417 402 501 Servilii,
469 418 832 503 Scipiones3
896 418 1209 502 permulti
1265 418 1441 482 enim
1494 421 1637 482 tum
1692 416 1947 482 Metelli
2003 421 2147 500 [aut

120 506 529 571 Metellarum
606 506 824 587 liberi]
900 528 1020 590 pro
1087 503 1159 580 Q.
1221 505 1477 570 Metelli
1538 506 1752 570 reditu
1816 505 2003 576 vobis
2070 529 2146 572 ac

120 595 413 680 patribus
457 596 696 660 vestris
745 595 1289 679 supplicaverunt.
1356 593 1601 670 Quodsi
1645 592 1852 679 ipsius
1892 615 2145 659 summa

65 699 93 740 5
125 683 405 769 dignitas
473 683 920 766 maximaeque
985 704 1088 747 res
1146 687 1373 768 gestae
1426 704 1560 746 11011
1618 681 1777 750 satis
1831 682 2144 763 valerent,

119 776 337 836 tamen
369 771 493 835 filii
528 771 758 854 pietas,
803 771 1316 855 propinquorum
1352 791 1595 855 preces,
1633 769 2143 835 adulescentium

123 861 415 945 squalor,
469 859 790 923 maiorum
834 862 998 924 natu
1053 859 1361 925 lacrimae
1415 859 1728 943 populum
1772 858 2141 923 Romanum

119 969 372 1013 movere
425 951 796 1032 potuerunt.
886 946 1058 1012 Nam
1107 945 1178 1011 C.
1223 946 1420 1032 Mari,
1475 946 1587 1032 qui
1643 951 1795 1031 post
1840 946 1993 1011 illos
2037 968 2141 1012 ve·
2180 963 2215 1012 ’τ

119 1041 286 1101 teres
359 1036 755 1101 clarissimos
829 1035 1200 1100 consulares
1275 1036 1399 1099 hac
1462 1039 1681 1100 vestra
1752 1039 2140 1119 patrumque

65 1143 92 1184 ο
119 1124 431 1189 memoria
493 1125 730 1189 tertius
788 1128 940 1189 ante
996 1145 1099 1188 me
1153 1123 1518 1189 consularis
1575 1123 1778 1187 subiit
1828 1123 2141 1209 indignis·

119 1212 349 1277 simam
383 1211 715 1277 fortunam
761 1212 1332 1297 praestantissima
1370 1234 1487 1276 sua
1525 1211 1755 1297 gloria,
1804 1211 2139 1276 dissimilis

116 1301 244 1366 fuit
288 1301 474 1366 ratio.
564 1299 718 1365 Non
764 1301 934 1364 enim
981 1301 1093 1364 ille
1142 1300 1593 1386 deprecatione
1639 1300 1856 1384 rediit,
1913 1301 2026 1364 scd
2070 1300 2142 1364 in

116 1389 401 1454 discessu
451 1389 690 1455 civium
745 1389 1032 1456 exercitu
1087 1410 1156 1454 se
1213 1389 1543 1472 armisque
1599 1388 1945 1454 revocavit.
2045 1387 2139 1452 At

118 1499 221 1542 me
275 1477 517 1542 nudum
573 1499 614 1542 a
664 1477 1046 1561 propinquis
1057 1527 1076 1560 ,
1129 1476 1315 1541 nulla
1360 1479 1749 1561 cognatione
1797 1477 2138 1560 munitum,

62 1583 88 1626 5
114 1566 297 1630 nullo
353 1587 684 1631 armorum
743 1588 817 1630 ac
861 1567 1185 1630 tumultus
1231 1570 1413 1629 metu
1459 1563 1528 1630 O.
1573 1563 1829 1630 Pisonis
1840 1615 1858 1648 ,
1915 1565 2141 1651 generi

114 1655 270 1738 mei,
344 1653 561 1718 divina
634 1653 950 1737 quaedam
1023 1657 1090 1718 et
1161 1653 1457 1718 inaudita
1520 1653 1876 1718 auctoritas
1942 1657 2138 1736 atque

113 1743 318 1807 virtus
389 1741 742 1826 fratrisque
806 1741 1153 1807 miserrimi
1217 1746 1413 1825 atque
1478 1740 1712 1825 optimi
1778 1740 2138 1806 cotidianae

115 1830 421 1896 lacrimae
469 1830 817 1915 sordesque
863 1830 1173 1916 lugubres
1221 1852 1262 1894 a
1307 1828 1494 1894 vobis
1542 1828 1919 1914 deprecatae
1967 1832 2139 1894 sunt.

109 1918 344 1985 Frater
390 1923 530 1985 erat
572 1942 759 2003 unus,
805 1919 917 2003 qui
963 1940 1079 1984 suo
1126 1919 1428 2003 squalore
1473 1922 1728 1983 vestros
1776 1919 1997 1983 oculos
2040 1917 2137 1983 in·
2172 1933 2209 1983 8

61 2028 84 2068 o
110 2008 427 2093 flecteret,
482 2007 594 2092 qui
649 2030 766 2073 suo
819 2008 978 2073 fletu
1024 2007 1413 2073 desiderium
1458 2008 1585 2072 11161
1630 2006 2137 2089 memoriamque

109 2100 484 2179 renovaret3
533 2096 644 2180 qui
691 2099 1029 2179 statuerat,
1076 2095 1379 2180 Quirites,
1426 2096 1483 2159 si
1526 2117 1644 2161 vos
1690 2117 1794 2159 1116
1842 2094 1969 2159 sibi
2003 2116 2139 2159 non

107 2184 583 2268 reddidissetis,
648 2184 918 2248 eandem
975 2184 1192 2249 subire
1249 2183 1611 2269 fortunam3
1664 2186 1853 2248 tanto
1908 2183 1979 2246 in
2031 2204 2136 2247 me

109 2295 336 2338 amore
375 2272 612 2355 extitit,
657 2277 732 2337 ut
765 2278 1039 2358 negaret
1073 2272 1173 2336 fas
1213 2294 1353 2336 esse
1387 2294 1522 2337 non
1558 2272 1751 2336 modo
1790 2271 2136 2354 domicili0,

107 2362 225 2426 sed
260 2383 342 2426 ne
381 2360 724 2445 sepulchro
762 2361 1022 2444 quidem
1060 2382 1128 2425 se
1166 2384 1207 2426 a
1243 2382 1347 2425 me
1384 2382 1525 2425 esse
1564 2360 1942 2424 seiunctum.
2006 2359 2135 2424 Pro

61 2468 77 2510 5
105 2472 214 2515 me
270 2454 612 2535 praesente
669 2453 934 2513 senatus
988 2449 1453 2532 hominumque
1506 2452 1843 2533 praeterea
1897 2447 2136 2533 viginti

103 2539 296 2603 milia
332 2541 580 2603 vestem
618 2542 1050 2620 mutaverunt,
1085 2559 1205 2621 pro
1244 2537 1471 2601 eodem
1508 2558 1611 2601 me
1650 2536 1916 2601 absente
1942 2536 2137 2601 unius

103 2627 480 2712 squalorem
539 2626 888 2709 sordesque
933 2625 1208 2691 vidistis
1298 2624 1487 2691 Unus
1533 2625 1667 2709 1116,
1720 2626 1829 2707 qui
1874 2624 2134 2709 quidem

99 2716 174 2779 in
228 2714 379 2779 foro
432 2718 659 2799 posset
713 2733 884 2797 esse,
935 2714 1098 2778 mihi
1149 2714 1395 2799 pietate
1449 2713 1623 2778 filius
1668 2713 1970 2779 inventus
2019 2718 2137 2796 est,

100 2802 422 2868 beneficio
452 2824 722 2903 parens,
768 2824 987 2867 amore
1031 2802 1223 2886 idem,
1269 2802 1381 2887 qui
1428 2823 1683 2885 semper
1727 2802 1868 2885 fuit,
1912 2801 2133 2866 frater.

61 2890 170 2956 ›N
174 2914 286 2955 am
324 2891 616 2976 coniugis
653 2891 928 2955 miserae
966 2891 1228 2974 squalor
1264 2894 1331 2955 et
1367 2891 1581 2955 luctus
1622 2893 1816 2974 atque
1845 2891 2133 2989 optimae

97 2981 286 3045 filiae
315 3001 573 3044 maeror
599 2978 904 3043 adsiduus
921 2978 1168 3063 filiique
1188 2978 1377 3063 parvi
1394 2977 1783 3043 desiderium
1802 2977 1929 3041 mei
1948 2976 2136 3041 lacri-

99 3090 384 3151 maeque
420 3067 703 3151 pueriles
743 3071 857 3132 aut
888 3067 1231 3131 itineribus
1267 3068 1649 3132 necessariis
1687 3069 1801 3130 aut
1828 3086 2135 3165 magnam

95 3160 370 3242 partem
395 3156 585 3221 tectis
605 3178 678 3221 ac
696 3155 983 3221 tenebris
1002 3155 1516 3220 continebantur.
1554 3152 1764 3229 Quare
1781 3153 1905 3218 hoc
1926 3154 2133 3217 maius
2171 3154 2219 3217 4

99 3249 209 3310 est
255 3245 585 3309 vestrum
567 3266 637 3308 111
683 3266 804 3309 nos
849 3244 1297 3345 promeritum,
1343 3242 1515 3327 quod
1550 3264 1684 3307 non
1729 3241 2137 3305 multitudini

61 3333 652 3419 sspropinquorum,
700 3332 813 3397 sed
856 3332 1183 3400 nobismet
1228 3332 1391 3417 ipsis
1435 3352 1556 3395 nos
1601 3330 1991 3395 reddidistis.

242 3420 393 3504 Sed,
441 3442 630 3505 quem
677 3420 759 3485 ad
805 3420 1066 3485 modum
1111 3419 1476 3505 propinqui,
1524 3441 1686 3503 quos
1734 3439 1857 3505 ego
1902 3441 2135 3503 parare
2172 3435 2207 3483 9

93 3531 238 3575 non
266 3510 476 3595 potui,
503 3508 666 3574 mihi
694 3509 776 3574 ad
804 3508 1273 3593 deprecandam
1302 3508 1743 3573 calamitatem
1770 3530 1985 3573 meam
2002 3529 2139 3573 non

210 3622 329 3665 010.
357 3623 423 3665 11.
453 3624 492 3663 2.
944 3666 948 3671 ,
1744 3616 1813 3666 29
