2534 3875
888 158 1042 214 CAP.
1081 165 1253 244 9-11
1294 165 1326 226 ἓ
1362 165 1588 215 20—25.
2087 162 2216 226 271

180 303 420 390 possit.
485 301 893 368 Postremum
922 307 1139 367 autem
1166 323 1371 388 genus
1402 308 1504 369 est
1529 325 1663 369 non
1689 305 1903 370 solum
1928 327 2218 391 numero,

183 414 413 457 verum
472 392 673 456 etiam
730 413 961 474 genere
1017 391 1163 476 ipso
1208 394 1402 476 atque
1448 393 1611 476 vita,
1667 392 1839 476 quod
1880 396 2217 478 proprium

187 477 517 545 Catilinae
564 483 681 562 est,
726 480 806 544 de
852 479 987 543 eius
1036 478 1292 562 dilectu,
1338 481 1538 545 immo
1576 501 1728 546 vero
1764 481 1844 546 de
1879 483 2219 565 complexu

189 569 334 632 eius
390 589 465 633 ac
519 569 691 651 sinu3
747 589 909 652 quos
964 588 1128 650 pexo
1184 568 1423 653 capillo
1480 569 1724 634 nitidos
1771 573 1883 634 aut
1927 570 2216 636 inberbis

124 673 159 714 5
191 662 311 721 aut
336 657 499 721 bene
527 657 837 723 barbatos
866 655 1121 739 videtis,
1147 656 1491 722 manicatis
1520 663 1587 723 et
1613 658 1933 723 talaribus
1963 660 2217 742 tunici8‚

188 743 359 811 velis
397 744 688 832 amict08‚
723 765 856 809 non
891 743 1099 830 togi‘s3
1137 765 1415 828 quorum
1454 746 1667 811 omnis
1692 746 2016 811 industria
2042 747 2216 813 vitae

189 837 263 898 et
306 833 622 917 vigilandi
659 833 848 898 labor
883 833 954 896 in
990 833 1396 898 antelucanis
1431 833 1608 900 cenis
1647 835 2064 920 expromitur.
2137 834 2216 900 In
2253 852 2320 900 23

187 921 299 986 his
346 921 655 1007 gregibus
702 942 924 986 omnes
971 921 1321 1006 aleatores,
1370 943 1591 987 omnes
1638 923 1943 1006 adulteri,
1989 945 2212 990 omnes

188 1009 411 1092 inpuri
455 1008 865 1095 inpudicique
911 1012 1276 1074 versantur.
1347 1007 1439 1074 Hi
1485 1011 1669 1094 pueri
1715 1015 1856 1076 tam
1902 1012 2100 1097 lepidi
2139 1035 2214 1078 ac

102 1115 164 1156 ιο
191 1098 455 1162 delicati
506 1119 640 1162 non
692 1099 907 1163 solum
963 1119 1181 1162 amare
1237 1100 1304 1161 et
1351 1099 1558 1164 amari
1603 1121 1810 1182 neque
1856 1101 2098 1166 saltare
2145 1103 2213 1164 et

191 1190 485 1270 cantare,
540 1185 653 1250 sed
708 1187 906 1250 etiam
962 1185 1131 1251 sicas
1185 1185 1445 1250 vibrare
1500 1191 1568 1252 et
1613 1208 1920 1272 spargere
1963 1211 2214 1254 venena

190 1273 574 1339 didicerunt.
679 1271 804 1349 Qui
865 1273 994 1339 nisi
1064 1277 1326 1356 exeunt,
1403 1274 1533 1338 nisi
1595 1279 1896 1358 pereunt,
1955 1278 2213 1343 etiamsi

193 1362 480 1428 Catilina
515 1361 801 1447 perierit,
847 1363 1083 1427 scitote
1118 1361 1243 1427 hoc
1278 1363 1350 1426 in
1385 1384 1456 1426 re
1492 1363 1756 1444 publica
1793 1364 2213 1430 seminarium

191 1449 625 1516 Catilinarum
701 1450 1010 1516 futurum.
1095 1447 1344 1514 Verum
1405 1453 1628 1516 tamen
1693 1452 1847 1535 quid
1911 1453 2037 1517 sibi
2099 1455 2213 1518 isti

102 1555 162 1597 ιε
190 1538 417 1603 miseri
476 1539 756 1604 volunt?
807 1560 967 1603 num
1022 1545 1173 1603 suas
1220 1559 1437 1602 secum
1483 1539 1896 1604 mulierculas
1945 1545 2099 1605 sunt
2142 1542 2214 1606 in

190 1632 413 1694 castra
466 1627 770 1703 ducturi?
860 1625 1065 1702 Quem
1110 1627 1191 1690 ad
1236 1625 1500 1690 modum
1549 1630 1767 1691 autem
1814 1627 1946 1692 illis
1993 1651 2211 1694 carere

188 1718 529 1801 poterunt,
586 1715 689 1780 his
743 1715 1130 1799 praesertim
1182 1716 1314 1779 iam
1367 1714 1713 1780 noctibus?
1806 1714 1948 1791 Quo
1994 1719 2214 1780 autem

189 1807 389 1889 pacto
446 1804 545 1868 illi
598 1804 1059 1889 Appenninum
1112 1807 1310 1887 atque
1366 1803 1516 1868 illas
1572 1803 1841 1887 pruinas
1897 1825 1973 1868 ac
2027 1806 2210 1870 nives

190 1891 566 1978 perferent?
611 1893 739 1957 nisi
784 1893 1025 1957 idcirco
1072 1912 1141 1957 se
1186 1891 1444 1957 facilius
1489 1892 1770 1957 hiemem
1815 1893 2211 1958 toleraturos

102 2000 161 2040 πο
186 1984 455 2068 putant,
501 1981 675 2065 quod
716 1980 871 2045 nudi
915 1981 985 2045 in
1028 1980 1342 2046 conviviis
1388 1981 1628 2045 saltare
1675 1981 2051 2047 didicerunt.

329 2069 385 2134 O
430 2069 674 2133 bellum
711 2090 949 2155 magno
988 2090 1181 2155 opere
1217 2069 1818 2153 pertimescendum,
1863 2092 2010 2135 cum
2045 2070 2213 2135 hanc
2233 2050 2320 2177 ῙΞΞ

194 2158 287 2223 sit
317 2157 661 2222 habiturus
698 2156 985 2223 Catilina
1021 2161 1383 2223 scortorum
1419 2159 1754 2223 cohortem
1789 2158 2210 2243 praetoriam!

193 2246 510 2311 Instruite
570 2267 767 2331 nunc,
830 2244 1141 2328 Quirites,
1204 2249 1431 2311 contra
1483 2246 1604 2311 has
1659 2251 1794 2311 tam
1849 2246 2213 2330 praeclaras

196 2332 522 2399 Catilinae
567 2334 787 2419 copias
832 2331 1053 2398 vestra
1096 2333 1418 2418 praesidia
1465 2329 1841 2419 vestrosque
1878 2334 2212 2401 exercitus·

106 2440 165 2482 2⁵
193 2423 285 2488 Et
329 2424 617 2508 primum
664 2422 1015 2507 gladiatori
1057 2421 1157 2486 illi
1202 2421 1497 2488 confecto
1545 2426 1612 2486 et
1658 2423 1876 2487 saucio
1914 2424 2212 2488 consules

194 2513 751 2596 imperatoresque
796 2514 1049 2575 vestros
1097 2512 1432 2595 opponite3
1479 2509 1706 2575 deinde
1753 2514 1982 2577 contra
2025 2512 2211 2576 illam

192 2599 431 2664 naufra
480 2621 666 2665 orum
730 2598 998 2664 eiectam
1063 2620 1137 2664 ac
1197 2598 1606 2663 debilitatam
1665 2621 1929 2665 manum
1987 2599 2213 2665 florem

194 2690 399 2754 totius
480 2687 679 2752 taliae
726 2708 801 2752 ac
845 2688 1044 2752 robur
1090 2686 1356 2751 educite.
1428 2686 1570 2751 Iam
1617 2709 1768 2752 vero
1813 2688 2008 2753 urbes
2043 2688 2214 2755 colo-

194 2776 453 2841 niarum
482 2797 557 2841 ac
586 2776 1085 2859 municipiorum
1103 2775 1586 2859 respondebunt
1606 2773 1924 2841 Catilinae
1945 2778 2213 2841 tumulis

112 2884 171 2924 80
200 2865 629 2931 silvestribus..
726 2862 954 2949 Neque
1018 2884 1140 2948 ego
1198 2868 1444 2929 ceteras
1503 2864 1750 2948 copiaS,
1816 2868 2216 2949 ornamenta,

198 2952 521 3040 praesidia
576 2955 794 3017 vestra
829 2974 974 3017 cum
1020 2952 1197 3015 illius
1243 2952 1522 3017 latronis
1566 2952 1787 3035 inopia
1831 2956 2024 3037 atque
2072 2973 2214 3037 ege-

200 3046 369 3108 state
406 3040 697 3107 conferre
736 3041 954 3106 debeo,
1028 3038 1153 3104 Sed
1190 3040 1248 3105 si
1285 3041 1543 3105 omissis
1580 3039 1684 3104 his
1722 3040 1933 3122 rebus,
1979 3040 2211 3123 quibus
2250 3056 2317 3105 25

200 3152 319 3195 nos
348 3128 855 3214 suppeditamur‚
891 3132 1043 3213 eget
1076 3129 1206 3212 ille,
1242 3133 1490 3210 senatu,
1528 3128 1854 3212 equitibus
1881 3127 2213 3206 RomaniS,

201 3219 385 3300 urbe,
446 3218 721 3300 aerario,
779 3216 1233 3301 vectigalibus,
1293 3220 1524 3282 cuncta
1576 3215 1800 3300 Italia,
1862 3216 2212 3301 provinciis

116 3324 176 3366 ³5
204 3307 524 3390 omnibus,
558 3304 794 3370 exteris
832 3305 1223 3386 nationibuS‚
1260 3305 1318 3369 si
1345 3306 1448 3371 his
1476 3305 1669 3370 rebus
1700 3303 1956 3370 omissis
1984 3326 2213 3370 causas

200 3396 403 3479 ipsae,
469 3416 634 3479 quae
687 3394 859 3459 inter
912 3415 981 3458 se
1034 3393 1418 3478 confligunt,
1482 3394 1866 3458 contendere
1921 3392 2215 3476 velimus,

203 3506 277 3549 ex
324 3505 401 3548 eo
446 3483 608 3567 ipsc,
656 3505 849 3568 quam
894 3480 1082 3546 valde
1126 3480 1225 3547 illi
1262 3482 1534 3566 iaceant,
1578 3482 1955 3567 intellegere
1991 3501 2214 3566 possu-
