2534 3875
774 111 928 164 CAP.
971 117 1182 165 29-31
1225 117 1254 176 ς
1299 118 1527 167 71-76.
2028 112 2161 177 417

15 212 18 299 i
115 276 393 338 quaeso,
457 255 724 319 tandem
788 254 1130 339 probasti?
1229 254 1618 339 Emptiones
1682 256 1915 341 falsas,
1979 280 2165 342 prae-
2247 292 2250 296 ·

117 344 370 407 diorum
431 344 946 428 proscriptiones
995 366 1140 408 cum
1189 343 1569 409 mulieribus
1618 349 1847 429 aperta
1892 346 2163 410 circum-

117 431 478 515 scriptione
523 431 754 496 fecisti.
821 431 1030 499 Tutor
1074 432 1179 496 his
1227 431 1423 497 rebus
1462 432 1862 497 Graecorum
1899 433 2160 517 legibus

118 519 584 584 adscribendus
647 519 803 605 fuit3
867 516 1392 585 Polemocratem
1460 520 1809 605 scripsisti,
1875 543 2162 587 mercen-

67 629 90 668 5
117 610 379 673 narium
419 611 486 671 e't
523 608 978 672 administrum
1017 610 1445 674 consiliorum
1473 612 1757 674 tuorum.
1820 610 2160 675 Adductus

117 701 216 761 est
280 696 352 760 in
415 696 726 761 iudicium
790 695 1275 762 Polemocrates
1342 698 1419 761 de
1485 697 1636 762 dolo
1703 698 1877 762 malo
1948 702 2016 762 et
2079 698 2159 762 de

115 785 348 849 fraude
421 807 460 848 a
523 784 734 849 Dione
797 784 992 850 huius
1057 786 1265 870 ipsius
1331 787 1577 851 tutelae
1640 787 1921 851 nomine.
2032 786 2160 863 Qui

116 893 473 937 concursus
521 896 597 938 ex
644 873 902 957 oppidis
947 874 1246 938 finitimis
1292 875 1595 958 undique,
1644 874 1757 959 qui
1800 875 1987 940 dolor
2025 876 2160 939 ani-

115 984 395 1044 morum,
434 984 599 1045 quae
639 961 956 1045 querella!
1023 960 1506 1028 Condemnatus
1545 966 1645 1027 est
1672 963 2156 1029 Polemocrates

43 1063 92 1102 1⁰
118 1050 462 1115 sententiis
537 1050 866 1135 omnibus3
928 1050 1154 1115 irritae
1221 1051 1655 1134 venditiones,
1720 1052 1947 1117 irritae
2009 1073 2158 1135 pro-

117 1139 527 1222 scriptiones.
625 1138 804 1203 Num
853 1138 1198 1203 restituis?
1280 1138 1513 1204 Defers
1562 1140 1643 1204 ad
1690 1139 2156 1225 Pergamenos,

115 1231 190 1291 ut
243 1227 349 1290 illi
404 1228 768 1311 reciperent
821 1226 891 1291 in
937 1249 1090 1293 suas
1136 1227 1393 1291 litteras
1415 1246 1419 1250 ·
1444 1227 1736 1309 publicas
1782 1230 2155 1314 praeclaras

116 1314 627 1399 proscriptiones
665 1319 732 1380 et
766 1316 1128 1399 emptiones
1165 1319 1332 1381 tuas,
1418 1315 1804 1402 Repudiant,
1858 1318 2155 1383 reiciunt.

119 1406 211 1467 At
276 1406 390 1487 qui
451 1403 795 1468 homines?
907 1403 1324 1489 Pergameni,
1388 1404 1763 1469 laudatores
1827 1405 1943 1471 tui.
2048 1406 2157 1470 Ita

47 1507 92 1544 15
121 1492 295 1556 enim
335 1492 498 1556 mihi
537 1492 810 1578 gloriari
846 1492 1024 1556 visus
1064 1514 1132 1557 es
1169 1492 1545 1556 laudatione
1584 1491 2154 1577 Pergamenorum,

120 1582 311 1665 quasi
358 1580 673 1645 honorem
722 1579 1044 1645 maiorum
1091 1584 1357 1644 tuorum
1405 1585 1791 1645 consecutus
1839 1603 2041 1666 esses,
2089 1588 2155 1647 et

116 1670 241 1734 hoc
285 1672 356 1733 te
403 1670 804 1754 superiorem
850 1690 993 1733 esse
1036 1669 1319 1753 putabas
1368 1691 1564 1753 quam
1608 1668 1933 1750 Laelium,
1981 1670 2157 1754 quod

118 1761 185 1822 te
250 1756 482 1822 civitas
538 1757 946 1843 Pergamena
1008 1757 1325 1821 laudaret.
1427 1755 1605 1822 Num
1661 1757 1999 1822 honestior
2054 1764 2157 1822 est

119 1846 352 1911 civitas
399 1846 802 1932 Pergamena
849 1868 1046 1930 quam
1094 1844 1496 1929 Smyrnaea?
1568 1844 1671 1910 Ne
1718 1846 1849 1931 ipsi
1895 1845 2154 1931 quidem

45 1949 92 1987 20
120 1934 362 2000 dicunt.
441 1932 700 2000 Vellem
764 1939 1024 2000 tantum
1087 1934 1329 1999 habere
1393 1957 1497 1999 me
1554 1934 1701 2019 otii,
1763 1939 1840 2000 ut
1889 1957 2153 2020 possem

116 2023 392 2090 recitare
454 2023 832 2109 psephisma
895 2022 1429 2108 Smyrnaeorum,
1494 2023 1664 2109 quod
1728 2023 2021 2089 fecerunt
2082 2023 2156 2088 in

118 2111 512 2179 Castricium
566 2116 927 2196 mortuum,
988 2112 1274 2196 primum
1328 2115 1407 2176 ut
1459 2113 1528 2176 in
1585 2111 1895 2196 oppidum
1950 2111 2154 2176 intro-

117 2203 422 2284 ferretur,
471 2201 640 2285 quod
688 2201 832 2265 aliis
879 2222 1012 2265 non
1056 2199 1455 2282 conceditur,
1514 2200 1742 2265 deinde
1788 2202 1863 2265 ut
1907 2199 2156 2264 ferrent

119 2289 372 2375 ephebi,
407 2293 740 2374 postremo
779 2291 853 2352 ut
887 2289 1333 2372 imponeretur
1370 2310 1567 2352 aurea
1606 2310 1846 2353 corona
1872 2292 2153 2353 mortuo,

45 2391 93 2430 25
119 2378 300 2444 Haec
345 2377 415 2442 P.
463 2375 768 2461 Scipioni,
813 2377 1179 2442 clarissimo
1225 2377 1387 2460 vire,
1436 2399 1583 2440 cum
1630 2380 1803 2440 esset
1846 2376 2153 2462 Pergami

119 2470 439 2550 mortuuS,
475 2467 653 2530 facta
687 2488 819 2530 non
857 2468 1029 2530 sunt.
1082 2464 1177 2528 At
1214 2463 1604 2530 Castricium
1642 2465 1877 2549 quibus
1914 2465 2155 2545 verbis,

16 2585 18 2588 >
117 2557 183 2620 di
228 2554 660 2620 immortales!
719 2551 981 2618 ‘decus
1036 2554 1373 2638 patriae,
1429 2557 1964 2618 ornamentum
2020 2576 2153 2638 po·

16 2641 19 2724 ξ
117 2644 286 2728 puli
315 2643 672 2726 Romani,
701 2643 984 2707 florem
1013 2641 1487 2707 iuventutis'
1520 2642 1873 2727 appellant.
1920 2640 2154 2727 Quare,

16 2735 19 2772 ³
116 2731 420 2816 Deciane,
466 2733 522 2796 si
571 2731 838 2815 cupidus
886 2753 954 2795 es
1003 2729 1272 2815 gloriae,
1320 2729 1451 2794 alia
1497 2732 1885 2795 ornamenta
1920 2753 2152 2796 censeo

41 2833 91 2873 ³0
119 2841 426 2905 quaeras;
468 2820 858 2904 Pergameni
887 2823 952 2883 te
983 2819 1362 2883 deriserunt.
1418 2816 1631 2893 Quid?
1660 2822 1734 2883 tu
1763 2819 1900 2883 ludi
1926 2822 1993 2883 te
2020 2841 2154 2884 non
2193 2832 2263 2883 ’16

113 2909 568 2994 intellegebaS,
615 2930 760 2973 cum
796 2907 922 2972 tibi
957 2907 1116 2972 haec
1155 2905 1357 2970 verba
1392 2907 1795 2972 recitabant:
1845 2904 2153 2972 ‘claris-

117 2998 393 3062 simum
440 2997 714 3078 virum,
769 2995 1473 3080 praestantissima
1519 2994 1941 3078 sapientia,
1988 2996 2156 3066 ,sin-

117 3086 381 3169 gulari
410 3081 824 3170 ,ingenio'P
915 3083 1079 3147 Mihi
1127 3083 1331 3166 crede,
1379 3083 1711 3147 ludebant.
1786 3081 1949 3146 Cum
1996 3103 2151 3146 vero

118 3196 428 3240 coronam
467 3195 733 3237 auream
768 3171 1010 3236 litteris
1047 3172 1490 3254 imponebant,
1536 3192 1607 3235 re
1643 3193 1799 3235 vera
1834 3191 1965 3234 non
2002 3171 2151 3253 plus

43 3276 89 3316 35
117 3285 350 3327 aurum
405 3261 540 3326 'tibi
595 3283 791 3345 quam
845 3259 1228 3324 monedulae
1284 3259 1810 3342 committebant,
1873 3279 1955 3322 ne
2010 3265 2155 3322 tum

117 3351 381 3435 quidem
446 3349 785 3414 hominum
848 3351 1258 3413 venustatem
1324 3351 1391 3412 et
1452 3347 1724 3411 facetias
1787 3346 2153 3430 perspicere

115 3439 440 3523 potuisti?
531 3437 654 3502 Isti
697 3437 904 3523 igitur
949 3435 1339 3521 Pergameni
1392 3435 1932 3520 proscriptiones,
1989 3455 2155 3519 quas

224 3551 492 3592 010.11.2.
1758 3542 1827 3592 27

2175 1910 2263 2038 24}
