2534 3875
822 189 972 246 CAP.
1019 196 1220 244 19-21
1261 195 1291 255 ς
1330 193 1553 244 41—45.
2066 192 2197 258 533

193 343 325 403 tate
389 342 651 422 patrum
715 335 1062 400 desciscere
1123 334 1355 420 coegit.
1456 333 1523 401 O.
1564 339 1777 400 autem
1834 334 2195 404 Gracchum

195 447 362 491 mors
406 424 720 507 fraterna,
765 423 1001 506 pietaS,
1047 422 1246 505 dolor,
1291 425 1671 508 magnitudo
1720 425 1918 489 animi
1966 426 2045 490 ad
2092 449 2195 490 ex·

191 512 496 599 petendas
543 511 879 579 domestici
925 510 1258 598 sanguinis
1296 532 1538 594 poenas
1576 512 1897 578 excitavit.
1974 512 2192 579 Satur-

191 602 440 683 ninum,
505 600 674 684 quod
726 599 795 664 in
849 621 1142 664 annonae
1196 599 1467 664 caritate
1523 603 1927 700 quaestorem
1983 623 2022 666 a
2077 625 2193 667 sua

138 707 164 749 5
191 689 610 754 frumentaria
652 687 1106 787 procuratione
1154 691 1416 752 senatus
1463 687 1705 753 amovit
1752 689 1933 772 eique
1978 691 2071 753 rei
2106 690 2193 755 M.

193 777 497 844 Scaurum
551 775 886 859 praefecit,
943 775 1178 840 scimus
1235 776 1453 840 dolore
1506 775 1751 841 factum
1807 799 1946 841 esse
1990 799 2192 862 popu·

191 867 410 930 larem.
474 863 826 948 Sulpicium
865 865 946 927 ab
987 864 1238 948 optima
1276 884 1469 928 causa
1503 863 1867 948 profectum
1904 863 2191 948 Gaioque

190 953 352 1018 Iulio
401 953 805 1017 consulatum
851 954 1076 1016 contra
1111 953 1289 1037 leges
1326 953 1575 1036 petenti
1612 953 2019 1016 resistentem
2058 954 2193 1018 lon-

191 1043 362 1125 131116,
418 1062 611 1124 quam
667 1040 898 1119 voluit,
951 1039 1285 1123 popularis
1334 1062 1489 1104 aura
1532 1043 1844 1124 provexit.
1933 1041 2082 1106 Fuit
2125 1042 2193 1106 in
2211 1020 2301 1148 {l

115 1147 168 1185 10
193 1129 292 1192 his
340 1129 638 1193 omnibus
683 1150 905 1211 eausa,
949 1128 1070 1193 etsi
1113 1148 1245 1191 non
1288 1128 1462 1192 iusta
1505 1127 1715 1211 (nulla
1762 1128 1930 1193 enim
1976 1100 2301 1214 potest44

194 1217 486 1300 cuiquam
529 1217 700 1280 male
737 1216 814 1280 de
850 1237 920 1280 re
955 1215 1214 1300 publica
1251 1216 1533 1280 merendi
1567 1217 1741 1280 iusta
1777 1238 1915 1280 esse
1953 1215 2196 1304 causa),

193 1305 403 1390 gravis
455 1309 675 1369 tamen
720 1307 785 1366 et
832 1325 976 1368 cum
1023 1303 1238 1387 aliquo
1286 1303 1485 1368 animi
1531 1304 1736 1368 virilis
1784 1305 2004 1370 dolore
2048 1328 2195 1371 con·

192 1395 431 1476 iuncta3
487 1392 556 1457 P.
601 1391 864 1457 Clodius
911 1413 949 1454 a
993 1395 1279 1474 crocota,
1336 1414 1375 1455 a
1419 1391 1640 1475 mitra,
1686 1414 1726 1456 a
1769 1394 2195 1459 muliebribus

193 1481 382 1546 soleis
427 1479 894 1565 purpureisque
937 1478 1262 1562 fasceolis,
1319 1501 1357 1543 a
1404 1480 1723 1564 strophio,
1780 1502 1819 1543 a
1863 1482 2195 1565 psalterio,

111 1585 164 1624 15
195 1590 234 1632 a
276 1568 544 1653 flagitio,
591 1591 629 1632 a
677 1572 899 1650 stupro
947 1571 1046 1632 est
1080 1567 1291 1632 factus
1329 1572 1591 1651 repente
1628 1568 1975 1652 popularis.
2048 1567 2197 1634 Nisi

193 1679 336 1720 eum
383 1656 684 1720 mulieres
731 1659 1108 1720 exornatum
1153 1655 1248 1719 ita
1296 1654 1796 1739 deprendissent,
1839 1657 1967 1720 nisi
2004 1679 2080 1721 ex
2117 1679 2193 1723 eo

191 1746 350 1829 loco,
398 1766 524 1828 quo
571 1765 716 1808 eum
762 1743 936 1808 adire
979 1743 1082 1808 fas
1125 1765 1258 1808 non
1303 1743 1533 1828 fuerat,
1580 1744 1961 1809 ancillarum
2006 1746 2195 1810 bene·

187 1833 333 1898 ficio
373 1833 645 1897 emissus
685 1835 870 1914 esset,
907 1831 1205 1916 populari
1240 1831 1502 1896 homine
1538 1833 1816 1917 populus
1845 1833 2195 1916 Romanus,

189 1944 293 1987 res
347 1920 607 2006 publica
661 1920 795 1985 cive
851 1921 968 1985 tali
1014 1923 1279 1985 careret.
1368 1919 1556 1986 Hanc
1602 1921 1684 1986 ob
1733 1922 2080 1987 amentiam
2125 1921 2195 1986 in

105 2026 160 2066 20
189 2009 522 2075 discordiis
567 2009 830 2091 nostris,
877 2008 953 2072 de
1001 2009 1231 2092 quibus
1278 2009 1437 2091 ipsis
1482 2010 1585 2073 his
1633 2010 1944 2095 prodigiis
1981 2032 2195 2075 recen-

187 2098 364 2163 tibus
429 2120 467 2161 a
531 2098 628 2161 dis
695 2097 1170 2162 immortalibus
1232 2096 1675 2180 admonemur,
1742 2102 2035 2183 arreptus
2093 2103 2195 2163 est

188 2208 353 2249 unus
419 2206 494 2249 ex
555 2186 874 2268 patriciiS,
939 2186 1041 2250 6111
1103 2186 1365 2252 tribuno
1429 2186 1515 2269 pl.
1561 2186 1699 2250 fieri
1760 2207 1892 2251 non
1955 2186 2193 2252 liceret.

189 2271 374 2346 Quod
419 2294 586 2335 anno
633 2278 778 2337 ante
822 2274 1025 2338 frater
1059 2272 1361 2338 Metellus
1409 2279 1475 2338 et
1520 2296 1783 2339 concors
1819 2276 2015 2339 etiam
2051 2278 2193 2339 tum
2229 2293 2301 2341 45

190 2362 454 2425 senatus
507 2359 794 2443 principe
840 2360 952 2425 On.
997 2360 1304 2444 Pompeio
1360 2364 1747 2427 sententiam
1794 2362 2043 2428 dicente
2090 2385 2193 2427 ex-

104 2464 160 2505 25
189 2448 469 2512 cluserat
516 2448 946 2533 acerrimeque
992 2471 1120 2514 una
1165 2471 1319 2515 voce
1366 2472 1441 2514 ac
1485 2455 1701 2515 mente
1736 2452 2082 2533 restiterat,
2127 2451 2195 2515 id

189 2538 341 2618 post
379 2535 714 2600 discidium
743 2537 1171 2621 optimatium,
1209 2537 1287 2601 de
1316 2560 1442 2621 quo
1470 2538 1613 2622 ipso
1640 2561 1811 2604 nunc
1840 2562 2193 2622 monemur,

186 2627 284 2688 ita
321 2623 771 2706 perturbatum
798 2625 1016 2709 itaque
1045 2630 1483 2707 permutatum
1512 2631 1627 2709 est,
1664 2630 1755 2710 ut,
1793 2628 1964 2711 quod
1991 2627 2195 2691 frater

189 2712 411 2775 consul
475 2733 556 2775 ne
626 2712 812 2777 fieret
874 2713 1242 2814 obstiterat,
1306 2714 1475 2798 quod
1538 2715 1765 2779 adfinis
1830 2719 1897 2779 et
1953 2716 2193 2781 sodalis

188 2799 588 2864 clarissimus
635 2801 758 2883 vir,
815 2801 924 2885 qui
969 2802 1156 2865 illum
1203 2824 1383 2866 reum
1425 2824 1559 2867 non
1604 2803 1925 2886 laudarat,
1982 2804 2193 2867 exclu-

105 2904 161 2943 30
191 2892 390 2971 serat,
445 2888 509 2952 id
565 2888 621 2950 is
683 2890 906 2954 consul
963 2888 1247 2954 efficeret
1300 2890 1369 2953 in
1425 2890 1759 2956 discordiis
1813 2854 2193 2976 principum,

189 2976 302 3058 qui
355 2938 455 3039 illi
510 2997 673 3039 unus
727 2976 1208 3043 inimicissimus
1263 3000 1403 3043 esse
1460 2979 1792 3059 debuerat,
1845 2999 1919 3041 eo
1964 2977 2194 3042 fecisse

189 3066 450 3127 auctore
497 3085 566 3128 se
614 3064 874 3149 diceret,
929 3065 1108 3131 cuius
1157 3067 1562 3132 auctoritatis
1607 3066 1929 3131 neminem
1974 3070 2197 3166 posset

187 3151 534 3234 paenitere.
623 3151 869 3217 Iniecta
920 3155 1030 3217 fax
1084 3159 1182 3219 est
1232 3155 1424 3219 foeda
1480 3176 1553 3219 ac
1606 3155 1899 3218 luctuosa
1944 3153 2038 3217 rei
2082 3175 2197 3236 pu·

187 3239 425 3322 blicae3
467 3240 676 3323 petita
723 3245 822 3305 est
869 3244 1218 3307 auctoritas
1265 3246 1499 3324 vestra,
1546 3244 1829 3326 gravitas
1878 3241 2197 3325 amplissi-

101 3342 158 3385 35
187 3347 444 3391 morum
499 3328 822 3411 ordinum,
887 3332 1222 3395 consensio
1278 3332 1597 3395 bonorum
1652 3330 1962 3412 omnium,
2018 3333 2194 3394 totus

189 3414 460 3517 denique
507 3416 788 3482 civitatis
837 3422 1062 3483 status.
1134 3419 1313 3483 Haec
1360 3418 1529 3483 enim
1576 3421 1745 3483 certe
1790 3419 2196 3503 petebantur,

187 3525 335 3569 cum
397 3504 464 3568 in
527 3526 630 3569 me
695 3506 1094 3591 cognitorem
1157 3506 1389 3573 harum
1454 3506 1736 3571 omnium
1799 3529 2012 3572 rerum
2076 3507 2199 3571 illa
