2534 3875
188 2072 253 2121 87

186 3266 255 3315 38

294 147 384 211 30
841 148 985 203 PRO
1022 147 1098 204 M.
1135 148 1462 205 FONTEIO
1501 148 1791 206 ORATIO.

296 313 461 376 quae
518 291 799 378 insignis
854 291 1007 358 huic
1062 293 1340 378 imperio
1405 295 1664 361 macula
1719 298 1916 378 atque
1975 294 2340 382 ignominia

297 380 709 466 suscipiatur,
755 381 813 446 si
847 380 975 448 hoc
1019 382 1116 446 ita
1160 383 1490 468 perlatum
1528 383 1653 448 erit
1697 384 1766 448 in
1803 382 2107 466 Galliam,
2153 407 2340 450 sena-

294 473 473 534 tores
520 469 900 554 equitesque
950 472 1179 554 populi
1224 471 1510 536 Romani
1554 493 1688 536 non
1743 472 2142 538 testimoniis
2189 473 2341 538 Gal-

295 559 527 641 lorum,
574 558 689 622 sed
736 558 931 622 minis
971 563 1336 625 commotos
1373 581 1513 626 rem
1551 561 1633 624 ad
1669 560 1935 625 illorum
1974 560 2337 627 lubidinem

294 645 631 712 iudicasse.
722 645 829 711 Ita
874 669 1053 728 vero,
1106 648 1164 712 si
1206 649 1309 713 illi
1355 649 1600 713 bellum
1645 649 1860 714 facere
1907 649 2337 734 conabuntur,
2367 667 2400 707 ⁵

293 735 675 801 excitandus
720 734 915 800 nobis
962 736 1089 800 erit
1134 736 1218 801 ab
1265 737 1492 801 inferis
1541 735 1609 802 O.
1657 737 1932 822 MariuS,
1989 739 2100 822 qui
2144 737 2340 803 Indu·

295 823 577 889 tiomaro
624 823 740 889 isti
785 824 1022 889 minaci
1079 829 1276 909 atque
1325 824 1675 912 adroganti
1721 848 1842 910 par
1884 825 1956 890 in
2000 826 2178 892 bello
2225 848 2338 913 ge-

292 911 495 977 rendo
536 932 678 976 esse
716 912 941 995 possit,
981 913 1360 978 excitandus
1400 911 1515 978 Cn.
1553 914 1884 979 Domitius
1922 918 1990 979 et
2027 913 2102 991 Q.
2135 914 2338 980 Maxi·

294 1022 459 1082 mus,
498 1001 609 1085 qui
644 1000 983 1066 nationem
1016 1000 1458 1088 Allobrogum
1496 1006 1564 1067 et
1600 1003 1883 1088 reliquas
1923 1003 2057 1068 suis
2094 1003 2339 1068 iterum

296 1088 495 1153 armis
544 1088 848 1153 conficiat
894 1093 1091 1174 atque
1138 1091 1497 1176 opprimat,
1543 1095 1684 1176 aut,
1731 1091 2039 1174 quoniam
2084 1092 2153 1156 id
2199 1092 2337 1176 qui·
2369 1110 2430 1150 ιο

295 1178 441 1241 dem
488 1198 624 1242 non
668 1181 908 1261 potest,
959 1179 1241 1244 orandus
1289 1180 1416 1244 erit
1459 1179 1652 1244 nobis
1699 1180 1943 1244 amicus
1991 1202 2202 1262 meus,
2247 1180 2338 1246 M.

292 1265 682 1350 Plaetorius,
726 1268 803 1331 ut
848 1288 1003 1332 suos
1040 1289 1247 1333 novos
1295 1268 1554 1333 clientis
1594 1290 1633 1332 a
1668 1268 1846 1333 bello
1883 1268 2179 1334 faciendo
2227 1269 2338 1333 de·

296 1357 568 1437 terreat,
626 1358 704 1419 ut
760 1375 985 1419 eorum
1030 1356 1236 1421 iratos
1294 1356 1548 1421 animos
1597 1359 1791 1440 atque
1837 1355 2172 1422 horribilis
2218 1358 2339 1421 im-

294 1449 487 1528 petus
535 1443 932 1528 deprecetur,
978 1448 1110 1529 aut,
1157 1444 1215 1509 si
1248 1465 1384 1510 non
1417 1445 1682 1530 poterit,
1726 1443 1814 1509 M.
1849 1444 2146 1529 Fabium,
2190 1445 2339 1510 sub-

296 1531 684 1616 scriptorem
750 1531 917 1614 eius,
971 1532 1387 1619 rogabimus,
1449 1536 1528 1597 ut
1572 1534 2014 1620 Allobrogum
2079 1534 2335 1599 animos
2366 1552 2426 1592 1⁵

294 1620 573 1704 mitiget,
620 1621 930 1705 quoniam
978 1620 1151 1706 apud
1196 1621 1351 1686 illos
1389 1621 1743 1687 Fabiorum
1789 1643 2027 1687 nomen
2071 1628 2160 1688 est
2203 1643 2337 1687 am-

292 1708 683 1793 plissimum.
772 1707 1025 1774 Volunt
1077 1709 1191 1774 isti
1246 1713 1363 1774 aut
1413 1709 1770 1794 quiescere,
1829 1711 1897 1775 id
1954 1711 2128 1794 quod
2177 1712 2338 1776 victi

294 1819 371 1863 ac
416 1798 675 1862 subacti
720 1798 962 1881 solent,
1017 1801 1159 1881 aut,
1214 1819 1361 1863 cum
1419 1798 1780 1883 minantur,
1835 1799 2218 1886 intellegere
2265 1821 2337 1865 se

294 1886 539 1971 populo
576 1885 875 1953 Romano
923 1907 1059 1952 non
1102 1889 1353 1952 metum
1400 1887 1578 1972 belli,
1625 1887 1738 1953 sed
1785 1909 1970 1973 spem
2015 1887 2338 1974 triumphi

296 1974 679 2040 ostendere?
2365 1997 2424 2037 κο

430 2065 553 2144 [27]
632 2064 819 2139 Quod
874 2064 933 2128 si
985 2064 1057 2128 in
1116 2065 1298 2149 turpi
1352 2088 1464 2130 reo
1520 2065 1902 2151 patiendum
1955 2086 2089 2130 non
2144 2070 2336 2149 esset,

294 2155 371 2215 ut
399 2152 747 2237 quicquam
783 2151 899 2216 isti
927 2174 997 2217 se
1026 2153 1219 2217 minis
1258 2153 1613 2238 profecisse
1647 2154 2141 2238 arbitrarentur,
2179 2154 2338 2238 quid

292 2239 661 2306 faciendum
715 2241 904 2306 vobis
964 2241 1034 2305 in
1090 2241 1180 2308 M.
1222 2240 1498 2307 Fonteio
1555 2242 2015 2307 arbitramini?
2069 2242 2149 2307 de
2207 2264 2335 2327 quo

293 2328 578 2413 homine,
607 2314 872 2413 iiidices,
910 2328 1071 2413 (iam
1101 2329 1274 2394 enim
1312 2328 1477 2394 mihi
1504 2330 1728 2394 videor
1755 2330 1880 2395 hoc
1905 2352 2109 2417 prope
2137 2352 2339 2396 causa

295 2417 545 2483 duabus
585 2417 951 2484 actionibus
998 2421 1308 2503 perorata
1353 2418 1586 2482 debere
1635 2416 1876 2504 dicere)
1923 2419 2002 2483 de
2041 2441 2169 2503 quo
2216 2441 2336 2484 vos
2365 2438 2422 2479 25

293 2506 557 2571 homine
584 2528 667 2571 ne
697 2507 781 2571 ab
818 2506 1096 2571 inimicis
1136 2506 1399 2589 quidem
1432 2506 1642 2571 ullum
1678 2506 1904 2571 fictum
1941 2508 2338 2591 probrosum

291 2616 426 2659 non
465 2595 658 2660 modo
697 2594 960 2677 crimen,
1009 2595 1122 2659 sed
1156 2617 1240 2659 ne
1279 2595 1702 2660 maledictum
1741 2595 2004 2679 quidem
2037 2596 2336 2661 audistis.

292 2682 535 2768 Ecquis
572 2704 885 2766 umquam
932 2704 1101 2765 reuS,
1145 2683 1537 2766 praesertim
1581 2682 1652 2747 in
1691 2682 1815 2747 hac
1859 2682 2035 2748 vitae
2079 2684 2338 2749 ratione

293 2775 592 2837 versatus
637 2771 706 2834 in
751 2770 1111 2836 honoribus
1147 2769 1464 2854 petendis,
1500 2771 1571 2835 in
1605 2771 2066 2856 potestatibus,
2111 2772 2180 2836 in
2216 2772 2336 2837 im·

292 2858 491 2944 periis
532 2857 852 2944 gerendiS,
901 2858 993 2925 sic
1026 2864 1366 2924 accusatus
1417 2863 1535 2942 est,
1581 2864 1658 2923 ut
1701 2861 1952 2925 nullum
2001 2861 2336 2946 probrum,
2365 2880 2421 2920 ao

292 2947 549 3011 nullum
584 2945 855 3031 facinus,
899 2946 1086 3011 nulla
1121 2947 1478 3032 turpitud0,
1524 2969 1690 3031 quae
1729 2970 1769 3012 a
1805 2948 2095 3013 lubidine
2133 2952 2250 3013 aut
2295 2973 2336 3015 a

292 3034 662 3120 petulantia
708 3040 825 3099 aut
872 3036 954 3099 ab
1012 3035 1282 3100 audacia
1335 3039 1496 3101 nata
1550 3040 1750 3119 esset,
1807 3037 1890 3101 ab
1955 3040 2336 3103 accusatore

296 3123 686 3207 obiceretur,
752 3124 810 3188 si
870 3145 1003 3189 non
1067 3145 1252 3207 vera,
1319 3128 1388 3189 at
1451 3128 1626 3189 certe
1690 3125 1846 3190 ficta
1901 3146 2048 3190 cum
2113 3126 2337 3212 aliqua

190 3186 269 3249 17
294 3210 549 3277 ratione
618 3233 693 3277 ac
750 3212 1164 3297 suspicione?
1248 3213 1383 3294 [13.
1432 3210 1526 3299 28]
1591 3211 1678 3278 M.
1727 3212 2082 3278 Aemilium
2141 3210 2336 3279 Scau-

292 3322 457 3385 rum,
504 3322 830 3365 summum
875 3303 1141 3366 nostrae
1174 3301 1462 3366 civitatis
1509 3301 1741 3385 virum,
1787 3302 2029 3367 scimus
2077 3323 2334 3368 accusa·
2362 3320 2414 3362 ³5

292 3393 435 3455 tum
480 3410 521 3453 a
567 3388 655 3455 M.
698 3386 927 3454 Bruto.
1018 3389 1268 3454 Extant
1314 3390 1646 3455 orationes
1656 3440 1674 3473 ,
1730 3410 1808 3454 ex
1863 3390 2098 3474 quibus
2143 3391 2335 3456 intel-

292 3477 429 3563 legi
474 3480 697 3560 potest
738 3478 951 3543 multa
995 3478 1065 3542 in
1111 3478 1296 3544 illum
1335 3479 1552 3564 ipsum
1591 3476 1902 3544 Scaurum
1949 3499 2092 3544 esse
2140 3478 2334 3565 dicta,
