2534 3875
843 201 995 260 CAP.
1032 207 1242 260 51-53
1281 209 1312 268 ἓ
1351 208 1652 260 131-136.
2101 205 2232 269 507

208 347 561 413 contulisti.
653 346 857 423 Quem
912 368 1035 433 ego
1090 351 1314 412 tamen
1369 346 1588 431 credo,
1643 348 1702 412 'si
1757 353 1858 413 est
1912 352 2099 413 ortus
2147 350 2232 414 ab

207 435 369 518 illis,
422 457 582 520 quos
639 435 989 500 memoriae
1047 435 1382 520 proditum
1442 439 1543 499 est
1604 436 1685 500 ab
1746 437 1890 520 ipso
1945 436 2232 501 Hercule

208 524 549 609 perfuncto
595 525 727 588 iam
773 524 1109 589 laboribus
1156 544 1344 589 sacra
1391 523 1707 606 didicisse,
1751 524 1822 587 in
1865 523 1991 588 viri
2035 525 2231 590 fortis

210 612 536 678 aerumnis
588 635 722 678 non
775 613 873 678 ita
927 611 1247 677 crudelem
1302 611 1530 693 fuisse,
1596 616 1670 676 ut
1723 610 1793 675 in
1846 612 1980 677 vivi
2037 613 2232 678 etiam

128 721 156 763 5
212 704 278 766 et
337 700 645 786 spirantis
706 700 917 784 capite
976 701 1245 765 bustum
1305 699 1440 765 suis
1501 699 1803 767 manibus
1865 700 2233 784 inponeret3

212 789 321 874 qui
368 793 483 854 aut
523 789 688 854 nihil
736 788 899 854 dixit
941 809 1060 854 nec
1104 789 1262 854 fecit
1308 787 1572 854 omnino
1619 809 2020 872 poenamque
2066 789 2234 855 hanc

212 880 547 942 maternae
593 876 982 943 temeritatis
1028 877 1209 959 tulit,
1262 880 1338 941 ut
1375 881 1642 942 mutam
1700 877 1768 940 in
1815 875 2050 941 delicto
2096 898 2236 961 per-

212 988 440 1032 sonam
475 987 837 1050 nomenque
873 966 1231 1049 praeberet,
1273 967 1404 1048 aut,
1441 964 1500 1028 si
1537 965 1699 1029 dixit
1737 964 1984 1048 aliquid
2020 965 2236 1029 verbis

209 1054 687 1121 haesitantibus
715 1057 1093 1138 postemque
1120 1053 1531 1118 tremibunda
1558 1074 1754 1118 manu
1785 1053 2025 1139 tetigit,
2064 1057 2237 1117 certe

130 1164 184 1204 ιο
208 1143 377 1208 nihil
423 1143 567 1226 rite,
612 1142 779 1209 nihil
815 1146 1012 1220 caste,
1056 1140 1220 1208 nihil
1257 1163 1438 1206 more
1473 1141 1908 1224 institutoque
1944 1140 2234 1226 perfecit.

209 1231 487 1297 Viderat
530 1231 645 1296 ille
688 1229 1043 1312 Murenam,
1090 1229 1392 1294 vitricum
1440 1251 1646 1312 suum,
1693 1229 2024 1295 consulem
2072 1229 2236 1294 desi-

210 1324 501 1406 gnatum,
548 1320 629 1384 ad
667 1341 770 1384 me
808 1319 1137 1385 consulem
1174 1340 1322 1382 cum
1361 1317 1830 1402 Allobrogibus
1869 1318 2236 1384 communis

210 1408 394 1473 exitii
452 1407 689 1472 indicia
748 1407 1029 1490 adferre,
1088 1406 1382 1472 audierat
1441 1427 1518 1470 ex
1577 1406 1694 1470 illo
1751 1427 1821 1470 se
1877 1429 1916 1471 a
1971 1428 2072 1472 me
2134 1407 2238 1472 bis

214 1497 493 1562 salutem
541 1495 890 1580 accepisse,
946 1496 1300 1578 separatim
1347 1494 1573 1577 semel,
1627 1493 1864 1559 iterum
1911 1516 2055 1559 cum
2101 1495 2239 1559 uni-

133 1603 185 1646 15
211 1587 433 1651 versis.
535 1582 748 1659 Quare
809 1585 953 1668 quis
1018 1586 1144 1664 est,
1210 1583 1319 1665 qui
1385 1583 1755 1647 existimare
1817 1584 2028 1666 possit
2090 1583 2344 1652 huic135

210 1695 381 1739 novo
440 1672 733 1758 pontifici
776 1673 1057 1755 primam
1103 1671 1276 1736 hanc
1320 1675 1474 1756 post
1519 1670 1955 1736 sacerdotium
2000 1671 2239 1735 initum

210 1761 593 1846 religionem
647 1760 1016 1826 instituenti
1070 1781 1422 1843 vocemque
1477 1759 1766 1824 mittenti
1816 1780 1950 1822 non
2010 1762 2076 1822 et
2121 1759 2240 1821 lin·

215 1870 411 1937 guam
466 1850 871 1916 obmutuisse
927 1852 995 1912 et
1048 1870 1313 1914 manum
1371 1848 1784 1932 optorpuisse
1843 1850 1910 1912 et
1955 1849 2241 1912 mentem

215 1940 623 2005 debilitatam
676 1942 853 2003 metu
908 1938 1293 2021 concidisse,
1350 1935 1734 2022 praesertim
1797 1958 1943 2001 cum
1989 1958 2066 2001 ex
2113 1934 2240 2001 col-

132 2049 188 2088 20
218 2028 388 2113 legio
434 2030 623 2093 tanto
666 2049 801 2106 non
844 2047 1084 2111 regem,
1128 2048 1261 2092 non
1299 2025 1649 2108 flaminem,
1693 2046 1829 2089 non
1863 2023 2241 2108 pontificem

214 2116 467 2181 videret
516 2115 783 2199 fierique
837 2116 1165 2199 particeps
1210 2114 1456 2181 invitus
1503 2112 1698 2177 alieni
1743 2112 2004 2177 sceleris
2053 2132 2240 2197 coge-

217 2206 395 2267 retur
450 2206 517 2267 et
572 2203 994 2287 gravissimas
1053 2224 1298 2287 poenas
1364 2201 1722 2267 adfinitatis
1779 2200 2240 2283 inpurissimae

218 2290 619 2355 sustineret?

351 2376 477 2443 Sed
522 2381 596 2442 ut
640 2382 931 2445 revertar
974 2377 1056 2443 ad
1100 2378 1201 2442 ius
1256 2377 1591 2459 publicum
1647 2374 2013 2459 dedicandi,
2068 2340 2349 2466 quodff}

136 2485 189 2527 25
217 2467 343 2553 ipsi
387 2466 726 2551 pontifices
773 2488 1026 2551 semper
1063 2488 1198 2531 non
1236 2464 1450 2530 solum
1487 2463 1570 2529 ad
1607 2486 1758 2529 suas
1795 2465 2241 2548 caerimonias,

218 2554 333 2620 sed
378 2554 575 2619 etiam
624 2553 705 2619 ad
748 2556 976 2639 populi
1019 2554 1199 2619 iussa
1254 2551 1929 2637 accommodaverunt,
1983 2553 2242 2618 habetis

216 2644 287 2708 in
322 2642 807 2709 commentariis
843 2644 1078 2708 vestris
1117 2640 1187 2706 O.
1214 2638 1512 2707 Cassium
1551 2662 1881 2707 censorem
1927 2642 2005 2705 de
2051 2642 2241 2727 signo

217 2731 616 2798 Concordiae
669 2731 1018 2796 dedicando
1080 2730 1163 2795 ad
1216 2730 1601 2812 pontificum
1645 2729 1994 2815 collegium
2037 2734 2244 2794 rettu-

216 2820 373 2885 lisse
410 2820 594 2904 eique
629 2818 715 2883 M.
743 2818 1099 2883 Aemilium
1134 2817 1510 2903 pontificem
1557 2818 1912 2883 maximum
1957 2839 2077 2901 pro
2115 2818 2243 2883 col-

138 2925 193 2965 30
220 2908 393 2993 legio
448 2906 887 2992 respondisse,
941 2906 1070 2971 nisi
1124 2927 1271 2971 eum
1331 2907 1609 2991 populus
1656 2906 1993 2971 Romanus
2016 2904 2243 2969 -nomi-

219 2996 428 3060 natim
473 2995 891 3079 praefecisset
937 2999 1132 3079 atque
1170 2994 1308 3059 eius
1345 2995 1527 3059 iussu
1562 2994 1824 3077 faceret,
1871 3014 2003 3059 non
2040 2991 2242 3057 videri

222 3105 362 3149 eam
408 3105 601 3167 posse
646 3086 820 3148 recte
877 3082 1173 3149 dedicari.
1264 3081 1476 3157 Quid?
1531 3105 1676 3147 cum
1723 3081 1999 3162 Licinia,
2053 3080 2241 3165 virgo

218 3169 510 3236 Vestalis
540 3194 793 3237 summo
831 3172 975 3238 loco
1003 3175 1176 3255 nata,
1216 3170 1632 3235 sanctissimo
1663 3167 2028 3235 sacerdotio
2058 3190 2239 3251 prae-

222 3259 376 3343 dita,
412 3258 482 3324 T.
520 3259 883 3326 Flaminino
923 3258 997 3335 Q.
1022 3256 1296 3324 Metello
1334 3258 1711 3324 consulibus
1748 3278 1929 3321 aram
1967 3258 2033 3321 et
2071 3255 2244 3320 aedi-

140 3364 195 3405 35
224 3348 434 3413 culam
496 3351 564 3411 et
618 3348 922 3432 pulvinar
980 3347 1101 3413 sub
1147 3346 1317 3415 Saxo
1379 3346 1766 3425 dedicasset,
1822 3364 2037 3409 nonne
2099 3365 2244 3409 eam

221 3457 359 3501 rem
406 3456 484 3500 ex
530 3436 918 3503 auctoritate
966 3439 1229 3501 senatus
1277 3434 1361 3499 ad
1405 3434 1529 3499 hoc
1575 3432 1918 3518 collegium
1969 3429 2112 3497 Sex.
2138 3430 2244 3498 Iu-

108 3596 113 3599 ,
220 3524 349 3589 lius
396 3528 659 3609 praetor
702 3524 1005 3590 rettulit?
1052 3546 1200 3589 cum
1236 3521 1310 3587 P.
1355 3519 1665 3587 Scaevola
1711 3520 2005 3605 pontifex
2044 3522 2245 3585 maxi-
