2534 3875
779 169 934 224 cAP.
973 174 1186 225 58-60
1221 175 1253 235 ς
1294 176 1591 227 159—164.
2074 172 2202 237 163

165 314 614 398 troversiaque
669 313 1022 379 discessum
1078 318 1194 379 est.
1267 313 1337 383 P.
1388 316 1538 380 Aeli
1592 318 1990 380 testamento
2035 341 2182 403 pro·
2207 335 2308 385 162

166 402 448 487 pinquus
497 402 925 467 exheredatus
973 425 1120 468 cum
1167 407 1357 488 esset,
1403 404 1591 468 heres
1637 404 1743 469 hic
1792 403 2066 469 alienior
2109 406 2203 471 in-

170 490 442 555 stitutus
493 494 610 555 est.
700 490 773 555 P.
819 490 1049 556 Aelius
1086 490 1319 556 Habiti
1356 492 1592 556 merito
1628 492 1804 576 fecit,
1847 513 2059 575 neque
2095 495 2203 560 hic

167 579 234 642 in
293 582 693 643 testamento
748 578 1043 644 faciendo
1097 580 1422 664 interfuit,
1486 580 1677 663 idque
1730 583 2202 647 testamentum

16 664 18 725 l
82 660 146 724 '⁵
171 668 250 731 ab
313 666 510 731 huius
573 666 838 731 inimico
893 666 1252 753 Oppianico
1309 675 1409 733 est
1466 668 1904 755 obsignatum.
2004 668 2198 736 Floro

16 764 18 885 J
167 756 459 840 legatum
507 777 586 819 ex
631 758 1031 820 testamento
1076 756 1434 821 infitiatum
1480 779 1640 823 esse.
1732 755 1885 821 Non
1932 763 2035 823 est
2078 759 2199 843 ita3

167 844 279 908 sed
333 866 482 909 cum
535 842 649 908 HS
694 846 854 910 fii
901 844 1146 929 scripta
1203 848 1421 909 essent
1475 868 1597 929 pro
1643 843 1757 909 HS
1806 848 1935 914 ffic
1989 869 2201 931 neque

166 933 226 995 ei
261 936 526 997 cautum
564 932 726 997 satis
763 934 1112 1017 videretur,
1149 933 1361 997 voluit
1400 955 1547 998 eum
1586 934 1832 1018 aliquid
1864 939 2200 1021 acceptum

166 1020 406 1085 referre
453 1020 842 1087 liberalitati
889 1042 1060 1086 suae.
1155 1020 1376 1086 Primo
1426 1022 1659 1087 debere
1704 1026 2001 1111 negavit,
2047 1027 2202 1109 post

97 1126 144 1165 10
169 1107 304 1171 sine
351 1110 800 1174 controversia
846 1109 1061 1175 solvit.
1145 1107 1261 1173 Cei
1308 1110 1639 1174 cuiusdam
1686 1108 2001 1179 Samnitis
2048 1134 2201 1177 uxo-

165 1218 303 1260 rem
356 1199 511 1282 post
572 1198 822 1263 bellum
881 1198 964 1263 ab
1019 1197 1146 1262 hoc
1200 1219 1341 1262 esse
1395 1198 1759 1283 repetitam.
1858 1200 2201 1266 Mulierem

167 1307 312 1349 cum
359 1285 628 1350 emisset
674 1310 714 1351 a
761 1285 1150 1369 sectoribus,
1207 1308 1335 1370 quo
1384 1289 1676 1369 tempore
1724 1310 1869 1355 eam
1914 1289 2201 1375 primum

165 1374 442 1437 liberam
491 1394 631 1439 esse
677 1374 951 1458 audivit,
1008 1374 1146 1438 sine
1191 1374 1429 1439 iudicio
1474 1374 1760 1439 reddidit
1806 1376 1979 1443 Ceio,
2052 1377 2181 1442 En·
2204 1394 2307 1443 163

165 1461 346 1526 nium
396 1483 538 1526 esse
576 1464 924 1547 quendam,
975 1463 1154 1527 0111118
1201 1463 1377 1527 bona
1422 1466 1645 1527 teneat
1688 1462 1995 1531 Habitus.
2075 1466 2203 1532 Est

97 1566 142 1607 1⁵
165 1550 274 1615 hic
317 1549 572 1615 Ennius
628 1572 826 1635 egens
882 1551 1146 1635 quidam
1203 1551 1665 1633 calumniator,
1718 1554 2200 1619 mercennarius

168 1636 537 1722 Oppianici,
603 1640 715 1723 qui
775 1639 1139 1723 permultos
1201 1660 1405 1703 annos
1464 1638 1739 1725 quievit3
1803 1641 2031 1706 deinde
2087 1642 2201 1707 ali-

167 1727 422 1810 quando
481 1748 626 1792 cum
683 1728 890 1792 servis
937 1727 1166 1791 Habiti
1220 1728 1383 1792 furti
1438 1727 1599 1812 egit,
1653 1750 1861 1813 nuper
1918 1730 2002 1794 ab
2053 1729 2200 1812 ipso

163 1814 414 1880 Habito
471 1819 693 1900 petere
749 1815 981 1900 coepit.
1071 1815 1198 1880 Hic
1251 1815 1369 1880 ilio
1414 1815 1672 1899 privato
1719 1817 1984 1900 iudicio,
2039 1817 2201 1882 mihi

165 1903 426 1987 credite,
471 1904 664 1970 nobis
709 1904 916 1970 isdem
961 1903 1244 1969 fortasse
1292 1904 1588 1987 patronis
1636 1906 2029 1971 calumniam
2066 1927 2201 1971 non

94 2010 140 2048 20
167 1991 455 2078 effugiet.
528 1993 748 2078 Atque
795 1994 1012 2076 etiam,
1055 1997 1130 2056 ut
1163 1992 1356 2057 nobis
1394 1993 1824 2079 renuntiatur,
1869 1995 2204 2059 hominem

165 2082 526 2145 multorum
572 2081 920 2166 hospitem,
964 2081 1344 2145 Ambivium
1384 2081 1723 2167 quendam,
1762 2105 2075 2168 coponem
2122 2083 2199 2146 de

162 2168 272 2232 via
317 2167 583 2253 Latina,
639 2169 1044 2252 subornatis,
1101 2170 1213 2252 qui
1258 2169 1385 2233 sibi
1434 2193 1473 2234 a
1519 2167 1822 2236 Cluentio
1869 2171 2200 2255 servisque

164 2257 302 2321 eius
357 2256 429 2320 in
487 2259 762 2322 taberna
819 2280 936 2322 sua
991 2280 1222 2322 manus
1280 2259 1537 2322 adlatas
1586 2281 1727 2324 esse
1774 2259 1965 2324 dicat.
2056 2257 2198 2334 Quo

169 2344 246 2409 de
293 2345 558 2410 homine
604 2346 770 2411 nihil
817 2346 1015 2410 etiam
1059 2367 1231 2410 nunc
1279 2346 1489 2410 dicere
1532 2347 1724 2412 nobis
1772 2351 1875 2412 est
1917 2369 2199 2412 necesse.

91 2449 137 2489 25
163 2430 233 2496 Si
279 2433 676 2518 invitaverit,
722 2435 790 2498 id
837 2435 1011 2518 quod
1057 2435 1244 2518 solet,
1292 2434 1385 2499 sic
1420 2435 1753 2500 hominem
1792 2435 2199 2521 accipiemus,

16 2525 19 2574 V
161 2525 236 2584 ut
291 2522 567 2586 moleste
609 2523 792 2588 ,ferat
818 2581 822 2586 .
848 2544 917 2586 se
973 2523 1052 2586 de
1106 2523 1214 2588 via
1262 2522 1630 2588 decessisse.
1727 2523 2035 2610 Habetis,
2087 2524 2180 2590 iu·
2203 2540 2306 2589 164

162 2609 357 2692 dices,
413 2633 578 2693 quae
633 2611 702 2674 in
757 2614 970 2675 totam
1026 2633 1289 2676 causam
1346 2611 1425 2675 de
1470 2611 1763 2678 moribus
1810 2613 1893 2678 A.
1919 2610 2199 2698 Cluenti,

162 2719 357 2782 quem
420 2698 524 2763 illi
585 2699 978 2764 invidiosum
1035 2721 1176 2764 esse
1229 2721 1412 2763 reum
1466 2701 1725 2785 volunt,
1786 2723 1991 2766 annos
2048 2707 2196 2768 octo

160 2786 463 2850 meditati
518 2791 928 2853 accusatores
986 2787 1417 2872 collegerunt,
1484 2810 1677 2872 quam
1735 2789 1908 2854 levia
1962 2811 2198 2874 genere

90 2890 138 2929 ³⁰
160 2874 340 2958 ipso,
389 2896 584 2958 quam
630 2875 800 2940 falsa
845 2897 943 2960 re,
991 2897 1186 2960 quam
1233 2875 1459 2941 brevia
1504 2880 1850 2962 responsu!
1945 2877 2194 2964 Cogno·
2218 2879 2305 2944 60

162 2961 327 3027 scite
363 2985 536 3028 nunc
579 2963 664 3046 id,
713 2964 886 3047 quod
923 2965 1006 3028 ad
1042 2967 1331 3028 vestrum
1370 2964 1471 3028 ius
1510 2965 1855 3030 iurandum
1892 2967 2198 3050 pertinet,

160 3051 334 3134 quod
379 3051 586 3116 vestri
629 3052 852 3116 iudicii
897 3056 1016 3136 est,
1064 3053 1237 3135 quod
1282 3052 1468 3116 vobis
1516 3054 1731 3118 oneris
1768 3053 2085 3138 imposuit
2120 3076 2199 3118 ea

159 3138 287 3222 lex,
334 3161 466 3223 qua
511 3141 719 3205 coacti
763 3141 890 3205 huc
936 3140 1350 3224 convenistis,
1396 3140 1476 3205 de
1522 3141 1901 3205 criminibus
1948 3141 2197 3225 veneni,

160 3229 238 3290 ut
283 3248 511 3292 omnes
558 3227 973 3314 intellegant,
1018 3250 1214 3312 quam
1258 3229 1484 3312 paucis
1529 3229 1747 3294 verbis
1794 3229 1954 3293 haec
2000 3250 2198 3294 causa

90 3329 138 3370 3⁵
163 3316 460 3398 perorari
518 3317 836 3400 potuerit,
897 3321 965 3380 et
1024 3338 1221 3400 quam
1281 3317 1493 3381 multa
1552 3340 1593 3382 a
1652 3339 1755 3381 me
1816 3316 1990 3380 dicta
2046 3315 2197 3398 sint,

163 3424 328 3486 quae
377 3403 460 3468 ad
505 3403 698 3470 huius
745 3405 1156 3469 voluntatem
1202 3404 1511 3488 maxime,
1568 3405 1651 3470 ad
1696 3407 1989 3468 vestrum
2032 3403 2197 3468 iudi-

164 3491 336 3556 cium
381 3491 650 3556 minime
695 3492 1117 3577 pertinerent.

1768 3592 1876 3647 11‘
