2534 3875
881 215 1036 272 CAP.
1077 222 1125 284 1,
1164 223 1196 270 2
1234 222 1264 283 ς
1307 222 1460 272 1-5.
1707 182 1711 185 ⁵
2016 216 2147 282 389

21 414 23 437 2
96 360 427 445 ploravit,
483 360 634 443 hoc,
688 359 840 445 hoc,
897 360 1191 444 inquam,
1236 364 1530 445 tempore
1575 361 1925 446 implorat.
1997 360 2148 427 Non
2185 364 2229 427 2

20 470 23 529 3
99 448 270 512 estis
342 449 421 513 de
475 447 806 532 Lydorum
874 452 988 513 aut
1041 448 1379 533 Mysorum
1439 452 1553 514 aut
1604 448 1975 535 Phrygum,
2039 452 2151 535 qui

20 534 23 571 ⁵
97 536 236 601 hue
283 537 605 621 compulsi
654 537 1088 622 concitatique
1133 540 1484 621 venerunt,
1530 537 1643 602 sed
1690 538 1769 602 de
1815 540 2035 602 vestra
2078 560 2150 602 re

98 624 380 709 publica
453 624 826 707 iudicaturi,
901 626 978 690 de
1043 625 1331 690 civ-itatis
1397 629 1605 709 statu,
1678 625 1756 690 de
1822 626 2151 691 communi

43 731 70 770 5
102 714 360 798 salute,
416 712 494 777 de
551 734 665 797 spe
719 713 1043 778 bonorum
1102 715 1419 795 omnium,
1476 714 1534 778 si
1580 735 1710 798 qua
1753 714 2003 797 reliqua
2048 717 2151 777 est

102 801 317 866 etiam
344 823 535 886 nunc,
565 823 730 886 quae
757 801 1030 866 fortium
1054 802 1293 867 civium
1315 807 1566 867 mentes
1587 802 2149 888 cogitationesque

102 893 472 972 sustentet3
519 890 740 955 omnia
787 890 918 954 alia
963 890 1262 976 perfugia
1308 890 1649 974 bonorum,
1694 890 2021 975 praesidia
2056 891 2149 954 in-

98 978 508 1057 nocentium,
555 978 850 1043 subsidia
885 978 981 1043 rei
1016 979 1335 1064 publicae,
1383 979 1673 1062 consilia,
1712 978 1971 1057 auxilia,
2005 978 2150 1043 iura

101 1066 498 1132 ceciderunt.
543 1064 750 1142 Quem
778 1066 952 1131 enim
973 1067 1231 1149 [alium]
1255 1068 1601 1151 appellem,
1628 1090 1821 1151 quem
1842 1067 2148 1149 obtester,
2186 1085 2220 1132 4

44 1173 72 1211 ο
101 1176 304 1239 quem
341 1155 730 1239 implorem?
769 1156 1194 1220 senatumne?
1249 1155 1344 1220 At
1379 1155 1435 1219 is
1465 1157 1607 1240 ipse
1636 1155 1952 1220 auxilium
1979 1156 2151 1240 petit

103 1265 144 1307 a
203 1243 394 1308 vobis
462 1247 529 1308 et
593 1244 1154 1308 confirmationem
1215 1243 1625 1308 auctoritatis
1683 1266 1839 1309 suae
1892 1247 2151 1308 vestrae

99 1332 433 1415 potestati
468 1331 854 1416 permissam
893 1353 1034 1396 esse
1071 1331 1289 1397 sentit.
1346 1333 1455 1396 An
1491 1332 1740 1415 equites
1769 1332 2149 1398 Romanos?

20 1496 23 1513 Ι
101 1419 500 1485 Iudicabitis
555 1420 880 1505 principes
935 1420 1072 1484 eius
1129 1420 1375 1485 ordinis
1422 1420 1923 1505 quinquaginta,
1979 1420 2151 1504 quod

20 1518 23 1575 ὲ
102 1530 264 1573 cum
311 1508 612 1573 omnibus
659 1508 1012 1573 senseritis.
1077 1508 1186 1571 An
1222 1508 1537 1593 populum
1573 1508 1989 1573 Romanum?
2056 1508 2151 1572 At

21 1612 75 1653 15
104 1598 166 1661 is
226 1597 490 1680 quidem
536 1618 796 1662 omnem
843 1618 1028 1661 suam
1076 1596 1152 1660 de
1197 1595 1389 1661 nobis
1436 1599 1834 1680 potestatem
1878 1596 2153 1661 tradidit

20 1708 28 1751 r
103 1686 322 1749 vobis,
414 1683 621 1761 Quam
679 1686 763 1750 ob
826 1706 993 1769 rem,
1045 1684 1176 1749 nisi
1221 1685 1349 1749 hoc
1394 1684 1567 1768 loco,
1620 1683 1751 1749 nisi
1798 1684 1970 1769 apud
2016 1704 2152 1768 vos,

20 1782 23 1851 ξ
105 1772 247 1837 nisi
290 1795 406 1858 per
451 1794 594 1856 VOS,
649 1773 921 1856 iudices,
976 1795 1110 1839 non
1159 1773 1649 1856 auctoritatem,
1696 1794 1861 1857 quae
1910 1772 2153 1836 amissa

20 1854 23 1915 ἕ
109 1866 239 1946 est,
277 1860 390 1925 sed
429 1862 710 1926 salutem
748 1866 1065 1946 nostram,
1103 1883 1269 1950 quae
1308 1882 1423 1944 spe
1462 1861 1695 1947 exigua
1732 1864 2151 1945 extremaque

108 1951 378 2036 pendet,
423 1953 843 2028 tenuerimuS,
884 1951 1051 2015 nihil
1089 1955 1193 2015 est
1227 1953 1587 2034 praeterea,
1635 1972 1762 2035 quo
1801 1948 2151 2034 confugere

30 2055 82 2094 ‘20
110 2040 477 2123 possimus3
532 2039 660 2104 nisi
702 2038 904 2122 forte,
959 2060 1124 2126 quae
1170 2061 1276 2103 res
1321 2039 1447 2104 hoc
1490 2039 1727 2104 iudicio
1774 2041 2151 2122 temptetur,

110 2128 276 2211 quid
323 2130 575 2213 agatur,
623 2127 728 2192 cui
771 2148 1004 2193 causae
1040 2127 1467 2192 fundamenta
1502 2127 1843 2210 iaciantur,
1888 2125 2151 2208 iudices,

109 2237 250 2280 non
294 2215 548 2280 videtis,
614 2213 1102 2280 Condemnatus
1150 2220 1250 2280 est
1294 2215 1371 2298 is,
1418 2216 1531 2300 qui
1569 2212 1923 2279 Catilinam
1961 2213 2151 2299 signa
2189 2231 2223 2280 5

111 2305 373 2405 patriae
409 2303 797 2369 inferentem
833 2303 1192 2386 interemit3
1241 2303 1397 2388 quid
1434 2307 1536 2368 est
1573 2325 1823 2386 causae,
1870 2324 1984 2367 cur
2020 2323 2152 2366 non

112 2393 193 2476 is,
243 2392 355 2476 qui
392 2389 746 2457 Catilinam
793 2414 870 2456 ex
906 2393 1067 2456 urbe
1105 2391 1375 2476 pepulit,
1419 2391 1885 2493 pertimescat?
1955 2390 2154 2474 Rapi-

33 2497 84 2537 25
113 2484 230 2545 tur
295 2481 376 2545 ad
439 2501 744 2564 poenam,
811 2481 923 2564 qui
986 2480 1226 2545 indicia
1292 2481 1651 2544 communis
1717 2479 1898 2543 exitii
1953 2478 2153 2562 cepit3

115 2590 236 2635 cur
284 2568 412 2633 sibi
457 2568 740 2634 confidat
784 2568 860 2653 is,
907 2568 1019 2651 qui
1063 2590 1140 2633 ea
1176 2567 1567 2654 proferenda
1602 2571 1669 2632 et
1704 2567 2154 2652 patefacienda

116 2657 418 2722 curavit?
482 2654 655 2722 Socii
692 2657 1129 2737 consiliorum,
1166 2655 1451 2720 ministri
1488 2656 1882 2757 comitesque
1920 2677 2153 2721 vexan-

117 2750 259 2828 tur3
307 2744 461 2829 quid
507 2749 825 2829 auctores,
872 2745 1026 2830 quid
1071 2743 1313 2845 duces&
1331 2745 1485 2828 quid
1521 2743 1848 2830 principes
1886 2744 2013 2808 sibi
2051 2765 2155 2808 ex-

117 2833 461 2917 spectent?
553 2835 770 2917 Atque
825 2834 1076 2897 utinam
1131 2831 1380 2897 inimici
1431 2833 1643 2898 nostri
1700 2854 1775 2898 ac
1831 2832 2154 2898 bonorum

41 2937 90 2977 30
118 2921 413 2985 omnium
452 2943 704 2986 mecum
740 2920 960 3005 potius
999 2919 1421 2986 contendant!
1484 2919 1719 2986 Utrum
1755 2924 1899 2985 tum
1929 2940 2151 2986 omnes

116 3010 278 3074 boni
336 3010 528 3075 duces
581 3009 795 3074 nostri
851 3031 936 3074 an
989 3009 1260 3074 comites
1317 3008 1562 3073 fuerint
1618 3009 1701 3074 ad
1746 3029 2153 3074 communem

117 3097 632 3166 conservandam
681 3098 956 3166 salutem
985 3094 1107 3138 *²¹³*

444 3237 888 3304 FRAGMENTA
928 3255 975 3302 A
1012 3254 1448 3303 soflomAs'rA
1484 3234 1830 3301 Bomnnffl

973 3343 1309 3391 sERvATA.

260 3448 718 3536 Strangulatos
764 3449 1000 3514 maluit
1043 3447 1271 3514 dicere.

259 3536 429 3614 Quid
475 3537 603 3604 sibi
647 3558 828 3602 meus
875 3537 1277 3601 necessarius
1324 3533 1564 3600 Caetra
1607 3534 1859 3600 voluit?
