2534 3875
319 223 449 288 298
490 225 571 277 IN
606 223 665 278 L.
706 221 1115 277 CATILINAM
1142 221 1417 276 ORATIO
1458 221 1552 276 IV.
1621 221 1775 276 CAP.
1821 227 1882 274 11
1921 227 1950 286 ξ
1990 226 2076 289 23,
2117 227 2206 276 24.

322 367 666 454 diligentia
710 367 875 432 nihil
922 389 961 432 a
1004 367 1191 432 vobis
1238 366 1368 430 nisi
1411 365 1606 430 huius
1654 364 1966 450 temporis
2013 365 2356 450 totiusque

320 458 447 520 mei
495 455 871 520 consulatus
918 455 1302 520 memoriam
1347 454 1639 538 postul03
1694 475 1860 538 quae
1907 453 2060 518 dum
2108 453 2236 518 erit
2281 456 2357 520 in

318 544 555 610 vestris
618 545 750 609 fixa
812 543 1165 627 mentibus,
1230 543 1562 607 tutissimo
1627 563 1732 606 me
1796 563 1980 606 muro
2046 546 2357 626 saeptum

320 655 461 698 esse
519 633 903 712 arbitrabor.
996 629 1242 706 Quodsi
1288 653 1499 696 meam
1547 651 1729 715 spem
1773 629 1874 695 vis
1921 629 2358 715 inproborum

318 720 629 786 fefellerit
683 725 879 806 atque
934 719 1358 803 superaverit,
1415 717 1792 784 commendo
1839 719 2025 782 vobis
2071 740 2357 803 parvum
2383 735 2411 776 5

320 831 535 874 meum
600 808 834 891 filium,
896 809 1002 872 eui
1066 807 1358 890 profecto
1425 807 1586 871 satis
1653 806 1780 870 erit
1844 807 2150 890 praesidii
2215 829 2358 872 non

322 900 535 963 solum
573 897 654 960 ad
693 897 992 980 salutem,
1038 917 1263 960 verum
1302 897 1500 961 etiam
1540 894 1622 959 ad
1659 895 2064 980 dignitatem,
2103 897 2160 958 si
2191 897 2357 979 eine,

323 986 434 1071 qui
478 986 637 1050 haee
682 984 903 1049 omnia
948 1005 1065 1048 suo
1114 984 1316 1049 solius
1361 983 1650 1069 periculo
1697 985 2116 1068 conservarit,
2163 983 2358 1048 illum

216 1091 287 1141 24
322 1075 531 1139 filium
578 1093 719 1136 esse
766 1071 1209 1137 memineritis,
1273 1070 1683 1157 Quapropter
1728 1071 1806 1136 de
1845 1093 2100 1136 summa
2136 1073 2356 1136 salute

322 1166 543 1226 vestra
604 1161 955 1246 populique
1018 1160 1326 1244 Romani,
1391 1160 1468 1224 de
1531 1159 1766 1225 vestris
1831 1159 2214 1244 coniugibus
2276 1183 2360 1226 ae
2392 1178 2446 1217 ιο

322 1251 576 1334 liberie,
632 1249 709 1313 de
765 1249 895 1314 aris
954 1271 1027 1314 ac
1078 1248 1241 1314 focis
1251 1299 1268 1332 ,
1325 1248 1403 1314 de
1455 1248 1625 1313 fanis
1682 1252 1876 1332 atque
1921 1248 2214 1332 templis,
2274 1249 2358 1314 de

322 1337 530 1403 totius
576 1338 757 1403 urbis
804 1337 994 1402 tectis
1042 1359 1117 1402 ae
1163 1336 1441 1421 sedibuS,
1487 1337 1563 1401 de
1601 1336 1872 1420 imperio
1911 1357 1987 1400 ae
2022 1336 2358 1420 libertate,

325 1427 403 1490 de
440 1428 651 1491 salute
686 1425 936 1510 Italiae,
982 1426 1059 1490 de
1097 1425 1402 1491 universa
1438 1447 1507 1490 re
1545 1424 1806 1508 publiea
1843 1423 2165 1489 decernite
2203 1424 2358 1489 dili-

326 1519 579 1599 genter,
624 1517 700 1578 ut
741 1513 1155 1599 instituistis,
1202 1535 1279 1578 ae
1323 1513 1600 1579 fortiter.
1689 1512 1965 1578 Habetis
2013 1534 2160 1577 eum
2205 1534 2357 1578 eon·

326 1603 561 1686 sulem,
616 1602 727 1688 qui
783 1607 850 1666 et
900 1624 1129 1688 parere
1182 1603 1419 1667 vestris
1477 1601 1750 1667 decretis
1803 1623 1936 1666 non
1984 1600 2240 1667 dubitet
2287 1606 2358 1667 et
2389 1618 2447 1660 1⁵

326 1713 428 1776 ea,
476 1713 640 1777 quae
689 1691 1047 1756 statueritis
1056 1741 1073 1775 ,
1121 1691 1333 1774 quoad
1381 1689 1573 1768 vivet,
1621 1689 1959 1754 defendere
2005 1693 2072 1752 et
2117 1711 2236 1774 per
2285 1712 2356 1755 se

324 1780 540 1865 ipsum
585 1784 918 1864 praestare
964 1780 1187 1864 possit.
