2534 3875
874 173 1028 230 CAP.
1070 181 1207 230 7-9
1248 181 1280 241 s
1323 181 1547 230 14-19.
2075 177 2207 242 269

180 319 463 385 maiores
526 320 724 384 etiam
790 319 1235 405 possessiones
1300 318 1572 404 habent,
1649 342 1920 405 quarum
1986 342 2207 387 amore

182 408 443 473 adducti
480 408 748 473 dissolvi
782 409 961 473 nullo
1000 408 1194 474 modo
1229 412 1521 492 possunt.
1580 406 1834 473 Horum
1870 408 2210 475 hominum

185 497 431 580 species
471 499 572 562 est
605 496 1070 562 honestissima
1106 495 1290 580 (sunt
1326 495 1497 562 enim
1533 493 1938 584 locupletes),
1982 498 2208 563 volun·

184 588 288 649 tas
333 606 488 650 vero
533 588 601 649 et
645 606 841 650 causa
882 583 1442 669 inpudentissima.
1531 583 1632 649 Tu
1677 585 1872 670 agris,
1917 588 1993 650 tu
2034 584 2205 650 aedi·

124 689 155 732 5
183 673 367 757 ficiis,
401 676 478 737 tu
513 679 806 759 argento,
841 677 916 737 tu
950 673 1219 757 familia,
1254 676 1331 737 tu
1366 673 1560 737 rebus
1597 674 1897 738 omnibus
1935 678 2206 739 ornatus

184 766 253 826 et
306 761 607 844 copiosus
663 763 754 826 sis
811 764 878 825 et
931 761 1185 827 dubites
1247 762 1327 826 de
1383 761 1792 846 possessione
1850 761 2207 844 detrahere,

185 849 523 934 adquirere
587 849 669 914 ad
728 849 966 914 fidem?
1057 848 1225 925 Quid
1284 849 1461 914 enim
1517 850 1861 934 expectas?
1917 850 2204 916 bellum?

186 935 354 1013 Quid
410 938 610 1023 ergo?
663 937 735 1003 in
787 936 1155 1002 vastatione
1211 938 1503 1003 omnium
1555 942 1704 1003 tuas
1760 938 2205 1023 possessiones

186 1029 635 1092 sacrosanctas
661 1026 914 1090 futuras
942 1025 1181 1109 putas?
1227 1027 1336 1090 An
1361 1027 1620 1091 tabulas
1649 1028 1895 1092 novas?
1941 1026 2206 1111 Errant,

97 1133 159 1174 ιο
186 1115 298 1199 qui
340 1114 504 1179 istas
561 1137 600 1179 a
645 1111 928 1180 Catilina
973 1117 1343 1199 expectant3
1390 1136 1534 1179 meo
1580 1115 1895 1180 beneficio
1943 1116 2206 1180 tabulae

184 1223 393 1267 novae
454 1203 889 1287 proferentur,
951 1224 1179 1268 verum
1232 1202 1700 1287 auctionariae3
1765 1225 1974 1288 neque
2031 1204 2206 1268 enim

184 1290 326 1374 isti,
381 1291 492 1374 qui
545 1292 985 1375 possessiones
1039 1291 1312 1368 habent,
1366 1291 1495 1356 alia
1551 1292 1805 1356 ratione
1859 1293 1996 1356 ulla
2042 1292 2202 1358 salvi

188 1400 329 1443 esse
396 1383 686 1462 possunt.
800 1377 985 1458 Quod
1053 1378 1112 1444 si
1178 1378 1497 1443 maturius
1566 1378 1779 1444 facere
1846 1380 2208 1446 voluissent

185 1488 422 1552 neque,
476 1468 543 1532 id
590 1467 761 1552 quod
806 1467 1268 1532 stultissimum
1316 1470 1442 1550 est,
1501 1471 1752 1532 certare
1799 1489 1943 1532 cum
1989 1470 2206 1534 usuris

102 1571 159 1614 1⁵
185 1555 504 1622 fructibus
550 1555 986 1640 praediorum,
1041 1558 1108 1620 et
1152 1554 1688 1640 locupletioribus
1733 1555 1838 1620 his
1875 1561 1942 1620 et
1986 1557 2204 1622 melio·

186 1644 370 1709 ribus-
420 1643 670 1709 civibus
725 1648 1074 1709 uteremur.
1163 1640 1290 1708 Sed
1343 1643 1540 1708 hosce
1591 1643 1890 1708 homines
1938 1645 2206 1709 minime

188 1735 347 1816 puto
414 1732 961 1816 pertimescendos
971 1782 988 1816 ,
1057 1733 1228 1817 quod
1293 1737 1410 1796 aut
1466 1731 1690 1797 deduci
1749 1731 1828 1796 de
1880 1734 2208 1797 sententia

188 1823 463 1904 possunt
498 1824 629 1904 aut,
667 1821 723 1885 si
758 1820 1252 1907 permanebunt,
1289 1819 1502 1905 magis
1531 1819 1692 1884 mihi
1720 1819 2024 1885 videntur
2049 1823 2208 1885 vota

187 1908 418 1975 facturi
466 1912 693 1975 contra
736 1931 873 1974 rem
915 1908 1241 1994 publicam
1282 1931 1476 1995 quam
1514 1929 1696 1974 arma
1733 1908 1950 1974 laturi.
2024 1909 2205 1974 Alte-

100 2016 161 2056 20
186 2020 332 2063 rum
377 2019 580 2083 genus
627 2002 729 2063 est
772 2019 1013 2083 eorum,
1061 1999 1172 2083 qui
1210 2019 1602 2083 quamquam
1641 2000 2023 2082 premuntur
2059 1967 2275 2063 aerel

190 2087 428 2171 alieno,
483 2086 992 2151 dominationem
1046 2090 1269 2151 tamen
1314 2089 1687 2171 expectant,
1741 2108 1958 2151 rerum
2004 1966 2312 2172 potiri5³

189 2176 439 2257 volunt,
504 2175 809 2253 honores,
879 2196 1043 2259 quos
1111 2176 1333 2259 quieta
1389 2196 1459 2238 re
1518 2175 1781 2259 publica
1842 2174 2207 2259 desperant,

188 2264 571 2347 perturbata
617 2285 688 2328 se
733 2262 1041 2348 consequi
1075 2285 1268 2348 posse
1306 2262 1723 2327 arbitrantur.
1798 2260 2043 2337 Quibus
2081 2263 2208 2328 hoc

190 2351 711 2436 praecipiendum
766 2352 1051 2433 videtur,
1106 2374 1311 2416 unum
1369 2351 1615 2416 scilicet
1673 2354 1740 2415 et
1797 2350 1970 2415 idem
2036 2351 2208 2435 quod

106 2454 163 2497 ’ὁ
189 2440 456 2524 reliquis
504 2440 832 2525 omnibus,
886 2443 962 2504 ut
1007 2401 1350 2525 desperent
1395 2460 1464 2504 se
1507 2438 1601 2522 id,
1656 2438 1828 2541 quod
1873 2443 2208 2523 conantur,

189 2526 497 2613 consequi
549 2550 768 2615 posse3
821 2529 1102 2613 primum
1159 2528 1447 2594 omnium
1503 2549 1607 2592 me
1651 2529 1867 2613 ipsum
1912 2527 2207 2614 vigilare,

193 2618 435 2696 adesse,
479 2617 817 2701 providere
862 2618 955 2682 rei
1000 2617 1322 2702 publicae3
1368 2615 1595 2681 deinde
1642 2637 1916 2701 magnos
1953 2617 2207 2691 animos

192 2726 333 2770 esse
386 2705 457 2769 in
510 2706 697 2769 bonis
754 2705 938 2789 viris,
993 2726 1299 2791 magnam
1355 2703 1765 2770 concordiam
1815 2702 2210 2791 [maxumam

191 2793 719 2876 multitudinem],
754 2814 1026 2879 magnas
1062 2797 1400 2878 praeterea
1437 2792 1721 2857 militum
1769 2794 2017 2878 copias3
2055 2793 2209 2859 deos

106 2897 165 2938 ⁸⁰
193 2882 465 2967 denique
536 2881 905 2947 inmortalis
975 2882 1127 2947 huic
1197 2881 1438 2947 invicto
1508 2883 1753 2967 populo
1763 2932 1781 2966 ,
1844 2881 2210 2947 clarissimo

188 2970 482 3055 imperio,
525 2970 997 3056 pulcherrimae
1041 2970 1187 3034 urbi
1224 2975 1452 3035 contra
1486 2975 1740 3035 tantam
1777 2969 1910 3034 vim
1949 2970 2210 3036 sceleris

189 3059 553 3143 praesentis
626 3058 933 3123 auxilium
1006 3079 1146 3123 esse
1214 3058 1484 3124 laturos·
1576 3057 1821 3133 Quodsi
1883 3058 2013 3122 iam
2077 3058 2213 3122 sint

192 3148 287 3231 id,
342 3146 514 3231 quod
568 3167 819 3212 summo
873 3145 1090 3211 furore
1138 3146 1432 3232 cupiunt,
1488 3145 1733 3231 adepti,
1787 3166 1945 3209 num
1995 3145 2097 3210 illi
2141 3144 2212 3209 in

193 3236 406 3300 cinere
460 3234 641 3299 urbis
688 3237 755 3299 et
797 3236 865 3299 in
910 3234 1222 3319 sanguine
1269 3235 1532 3316 civium,
1594 3254 1757 3319 quae
1804 3237 2020 3297 mente
2067 3254 2212 3297 con·-

110 3338 165 3381 85
194 3324 509 3388 scelerata
573 3344 647 3387 ac
709 3322 957 3387 nefaria
1020 3323 1551 3408 concupiverunt,
1615 3321 1912 3387 consules
1972 3342 2043 3386 se
2099 3324 2214 3384 aut

192 3411 543 3476 dictatores
618 3415 733 3476 aut
803 3411 999 3476 etiam
1062 3432 1249 3513 reges
1324 3412 1591 3496 sperant
1650 3408 1952 3473 futuros?
2061 3408 2214 3473 Non

192 3500 417 3565 vident
451 3500 517 3564 id
556 3521 624 3565 se
660 3520 906 3584 cupere,
953 3500 1123 3583 quod
1160 3501 1218 3563 si
1257 3497 1475 3583 adepti
1513 3497 1662 3583 sint,
1697 3496 1979 3580 fugitivo
2019 3496 2214 3561 alicui
