2534 3875
784 217 937 275 CAP.
978 226 1189 274 12—14
1227 226 1258 285 ἓ
1294 226 1524 277 29—33.
2043 222 2173 288 401

135 384 279 428 cum
326 362 720 447 praedonem
765 363 1019 428 nullum
1065 364 1418 449 cepissent,
1466 388 1644 430 mare
1689 368 1915 432 tamen
1958 370 2177 433 tutum

136 450 632 538 praestiterunt!
735 448 940 516 Casus
1019 457 1119 516 est
1192 454 1364 518 enim
1429 453 1499 519 in
1564 453 1904 539 capiendo,
1976 456 2178 535 locus,

137 544 434 621 eventus,
509 538 791 626 occasi03
866 540 1247 605 defendendi
1318 540 1535 606 facilis
1600 545 1703 607 est
1766 543 1980 608 cautio
2042 566 2179 609 non

136 629 351 693 solum
397 627 696 691 latibulis
743 629 1150 694 occultorum
1185 630 1497 715 locorum,
1543 630 1657 695 sed
1694 631 1891 695 etiam
1928 636 2176 717 tempe·
2199 681 2287 744 14

72 733 106 772 5
137 720 388 781 statum
435 716 881 781 moderatione
928 720 996 781 et
1041 716 1481 783 conversione.
1553 718 1899 803 Reliquum
1938 722 2057 798 est,
2103 723 2178 783 ut
2214 760 2283 807 32

137 808 510 891 quaeratur,
546 808 767 869 utrum
804 805 936 869 ista
973 805 1201 869 classis
1241 828 1435 871 cursu
1474 808 1541 871 et
1570 809 1766 873 remis
1796 830 1881 873 an
1911 811 2175 891 sumptu

133 897 400 958 tantum
467 896 533 957 et
584 891 829 957 litteris
884 893 1233 979 navigarit.
1334 895 1512 960 Num
1565 895 1631 959 id
1688 895 1892 980 igitur
1944 896 2179 981 negari

137 985 390 1067 potest,
472 980 652 1046 cuius
717 982 814 1045 rei
879 987 1110 1047 cuncta
1173 983 1364 1047 testis
1431 988 1534 1048 est
1597 982 1784 1067 Asia,
1861 984 2177 1069 bipertito

139 1071 420 1135 classem
450 1069 869 1135 distributam
897 1069 1118 1154 fuisse,
1147 1074 1221 1135 ut
1247 1093 1380 1136 una
1407 1094 1563 1156 pars
1593 1094 1793 1157 supra
1821 1072 2177 1157 Ephesum,

47 1176 108 1213 10
139 1159 352 1223 altera
395 1157 567 1223 infra
603 1157 942 1243 Ephesum
983 1158 1374 1244 navigaret?
1438 1158 1580 1225 Hac
1627 1161 1835 1225 classe
1875 1158 1958 1226 M.
1990 1160 2178 1225 Cras-

139 1269 272 1331 sus,
319 1246 423 1311 vir
467 1247 932 1331 amplissimuS,
977 1247 1060 1311 ab
1107 1247 1292 1312 Aeno
1339 1247 1410 1311 in
1455 1246 1702 1331 Asiam,
1748 1247 1850 1313 his
1897 1249 2175 1314 navibus

136 1334 415 1400 Flaccus
481 1356 558 1399 ex
615 1334 778 1399 Asia
831 1335 902 1400 in
955 1333 1406 1400 Macedoniam
1458 1336 1816 1420 navigavit.
1913 1335 1993 1401 In
2048 1360 2175 1423 quo

138 1425 347 1510 igitur
391 1423 716 1507 praetoris
765 1427 866 1487 est
913 1422 1256 1508 diligentia
1302 1423 1733 1507 requirenda?
1789 1423 1860 1489 in
1904 1446 2177 1491 numero

137 1513 411 1577 navium
464 1516 532 1575 et
575 1512 643 1575 iu
691 1511 1113 1595 discriptione
1160 1512 1491 1595 aequabili
1537 1512 1882 1596 sumptus?
1972 1514 2179 1578 Dimi-

59 1615 111 1655 15
142 1601 326 1666 dium
383 1601 549 1684 eius,
606 1621 734 1684 quo
773 1599 1123 1683 Pompeius
1180 1604 1326 1664 erat
1368 1622 1525 1664 usus
1534 1651 1553 1684 ,
1599 1600 1975 1683 imperavit3
2018 1624 2177 1665 num

140 1688 364 1775 potuit
399 1688 702 1773 parcius?
766 1686 1123 1772 Discripsit
1159 1691 1378 1753 autem
1415 1688 1757 1773 pecuniam
1796 1689 1877 1753 ad
1905 1689 2180 1772 Pompei

141 1777 486 1861 rationem,
525 1798 689 1861 quae
726 1776 852 1841 fuit
879 1776 1373 1841 accommodata
1398 1776 1470 1842 L.
1501 1774 1720 1841 Sullae
1749 1776 2179 1861 discriptioni.

142 1865 272 1942 Qui
319 1887 464 1930 cum
513 1887 736 1931 omnes
779 1864 977 1930 Asiae
1025 1865 1325 1930 civitates
1374 1887 1494 1950 pro
1541 1865 1842 1950 portione
1890 1866 1985 1946 [in
2030 1887 2177 1951 pro·

8 1991 11 2020 ;
141 1953 421 2035 vincias]
497 1954 958 2040 discripsisset,
1030 1954 1218 2019 illam
1282 1958 1603 2019 rationem
1665 1955 1734 2019 in
1796 1953 2176 2038 imperando

60 2061 114 2099 20
143 2047 412 2128 sumptu
471 2047 538 2107 et
582 2042 930 2127 Pompeius
987 2047 1053 2108 et
1097 2041 1369 2108 Flaccus
1424 2046 1684 2108 secutus
1741 2047 1859 2107 est.
1948 2042 2177 2126 Neque

145 2137 251 2196 est
305 2131 515 2196 adhuc
569 2135 793 2196 tamen
849 2153 926 2196 ea
975 2153 1230 2196 summa
1277 2131 1619 2215 completa.
1710 2129 1797 2196 ‘N
1802 2153 1886 2197 on
1930 2129 2173 2197 refert?
2216 2149 2285 2197 33

142 2219 351 2303 Ver03
410 2219 560 2304 quid
616 2225 689 2284 ut
739 2220 1068 2284 lucretur?
1162 2217 1329 2284 Cum
1385 2220 1555 2283 enim
1611 2241 1771 2284 onus
1818 2221 2178 2303 imperatae

144 2308 457 2392 pecuniae
513 2307 814 2391 suscipit,
867 2307 960 2391 id,
1016 2307 1187 2391 quod
1242 2311 1319 2371 tu
1367 2308 1610 2373 crimen
1658 2329 1799 2372 esse
1844 2308 1973 2390 viS,
2029 2330 2176 2373 con·

145 2399 392 2463 fitetur.
482 2395 608 2472 Qui
662 2397 869 2482 igitur
912 2396 1179 2479 probari
1223 2399 1445 2480 potest
1487 2396 1560 2460 in
1606 2418 1682 2460 ea
1726 2396 2001 2482 pecunia
2047 2418 2180 2462 non

61 2501 118 2542 25
145 2485 486 2550 referenda
547 2485 792 2550 crimen
859 2484 985 2549 sibi
1048 2484 1264 2570 ipsum
1321 2484 1560 2567 facere,
1621 2485 1693 2548 in
1749 2506 1877 2569 qua
1932 2484 2179 2549 crimen

147 2577 324 2639 esset
385 2574 670 2657 nullum,
736 2573 793 2637 si
846 2573 1162 2638 referret?
1267 2571 1361 2637 At
1416 2572 1587 2637 enim
1642 2593 1846 2656 negas
1905 2572 2179 2638 fratrem

146 2683 393 2746 meum,
449 2662 561 2746 qui
604 2660 677 2727 L.
722 2659 957 2727 Flacco
1005 2660 1415 2744 successerit,
1470 2662 1809 2744 pecuniam
1859 2662 2062 2727 ullam
2110 2662 2181 2725 in

145 2751 430 2836 remiges
476 2751 849 2834 imperasse.
911 2749 1232 2834 Equidem
1282 2747 1354 2824 Q.
1391 2749 1615 2814 fratris
1661 2751 1790 2814 mei
1837 2750 2029 2814 laude
2076 2750 2182 2814 de·

148 2840 385 2923 lector,
441 2839 554 2902 sed
609 2838 756 2902 aliis
813 2838 1026 2922 magis
1084 2837 1494 2923 gravioribus
1549 2843 1746 2923 atque
1804 2839 2180 2904 maioribus.

66 2943 120 2983 80
148 2927 350 2992 Aliud
395 2926 705 3010 quiddam
751 2927 1017 3008 statuit,
1075 2925 1250 2990 aliud
1297 2926 1488 3010 vidit3
1546 2927 1971 3004 existimavit,
2028 2947 2180 3009 quo-

12 3035 14 3061 *
147 3037 425 3100 eumque
477 3019 772 3100 tempore
827 3016 1119 3080 auditum
1178 3013 1335 3099 quid
1380 3018 1555 3079 esset
1600 3014 1679 3078 de
1724 3013 2181 3097 praedonibus,

147 3127 346 3188 quam
390 3103 593 3168 vellet
639 3104 856 3169 subito
905 3103 1182 3169 classem
1228 3122 1300 3167 se
1345 3105 1892 3188 comparaturum.
1981 3099 2180 3165 Deni-

149 3213 274 3276 que
337 3190 464 3257 hoc
526 3193 774 3275 primus
845 3193 1048 3257 frater
1100 3211 1286 3255 meus
1339 3190 1411 3255 in
1465 3190 1629 3254 Asia
1680 3189 1862 3273 fecit,
1925 3192 2001 3252 ut
2056 3188 2182 3254 hoc

152 3285 419 3366 sumptu
465 3282 789 3366 remigum
835 3281 1131 3346 civitates
1179 3280 1454 3362 levaret3
1500 3278 1743 3342 crimen
1780 3280 1999 3342 autem
2037 3281 2183 3341 tum

73 3386 124 3426 35
153 3368 362 3434 videri
416 3369 611 3452 solet,
677 3389 823 3434 cum
879 3367 1114 3452 aliquis
1171 3370 1472 3452 sumptus
1529 3364 1818 3429 instituit
1874 3386 2013 3448 eOS,
2069 3365 2185 3448 qui

151 3461 346 3523 antea
389 3477 524 3522 non
570 3459 756 3522 erant
802 3457 1120 3539 instituti,
1175 3476 1312 3520 non
1357 3476 1503 3521 cum
1552 3474 1885 3519 successor
1932 3453 2181 3536 aliquid

149 3547 458 3611 immutat
521 3544 600 3610 de
662 3544 988 3610 institutis
1051 3542 1364 3628 priorum.
1473 3540 1745 3607 Flaccus
1756 3593 1774 3627 ,
1848 3541 2000 3628 quid
2066 3541 2187 3607 alii

255 3657 368 3702 010.
395 3659 458 3698 11.
495 3660 538 3700 2.
1789 3650 1857 3702 26
