2534 3875
605 757 701 831 M.
762 759 1049 832 TULLI
1107 757 1605 833 CICERONIS

490 921 698 1007 PRO
764 925 851 1008 P.
922 921 1262 1010 SULLA
1327 923 1710 1009 ORATIO

813 1095 944 1167 AD
1000 1095 1399 1169 IUDICES.

807 1378 1207 1440 ARGUMEN
1211 1381 1383 1440 TUM
1387 1427 1400 1442 .

223 1493 285 1547 P.
317 1490 609 1549 Cornelius
648 1493 822 1562 Sulla,
860 1494 960 1565 qui
995 1495 1274 1551 dictatore
1303 1495 1362 1550 L.
1396 1495 1653 1552 Cornelio
1682 1496 1857 1565 Sulla,
1893 1496 2121 1569 propin-

103 1580 190 1687 }uo
229 1565 886 1691 {mhrgmss'mffimem
923 1565 1228 1693 adn‘iggum
1264 1569 1682 1692 auxeratbquAa
1712 1566 1787 1693 ¹<zie
1822 1583 1884 1650 re
1920 1586 1991 1694 vi?
2006 1569 2119 1694 Cito.

125 1651 290 1691 eo.
461 1677 474 1690 .
596 1652 992 1704 ,annou.c.
1183 1654 1469 1694 unacum
1564 1680 1576 1692 .
1673 1654 1899 1695 uronio
1991 1655 2123 1694 aeo

103 1705 279 1761 tonsul
317 1707 444 1760 erat
481 1705 827 1776 designatus.
905 1707 1017 1763 Sed
1055 1725 1182 1762 cum
1217 1724 1254 1762 a
1291 1709 1354 1763 L.
1382 1708 1670 1778 Torquato
1706 1709 1825 1764 filio
1863 1709 2121 1765 consules

103 1777 373 1846 lesignati
409 1777 576 1833 ambo
615 1777 867 1834 acc-usati
905 1780 964 1833 et
1000 1779 1363 1835 condemnati
1400 1781 1615 1847 essent,
1663 1777 1727 1834 in
1763 1796 1956 1836 eorum
1991 1780 2119 1836 loco

103 1851 143 1901 ᾳ.
182 1849 509 1917 Torquatus
554 1850 719 1919 pater
764 1851 824 1904 et
861 1850 920 1904 L.
962 1849 1133 1905 Cotta
1166 1866 1317 1905 anno
1358 1857 1459 1906 689
1498 1849 1759 1906 consules
1793 1850 1935 1906 facti
1972 1853 2119 1906 sunt.

103 1917 162 1974 ⁴30
207 1925 468 1990 tempore
505 1920 565 1976 P.
607 1919 766 1976 Sulla
803 1922 863 1976 et
895 1920 954 1977 P.
993 1922 1300 1977 Autronius
1339 1938 1465 1976 cum
1502 1921 1563 1979 L.
1604 1921 1853 1977 Catilina
1888 1922 2119 1992 eiusque

103 1991 249 2045 sociis
288 1990 645 2060 conspirasse
685 1991 1036 2061 dicebantur,
1074 1993 1141 2045 ut
1175 1991 1493 2047 interfectis
1529 1993 1803 2047 Kalendis
1840 1993 2119 2050 Ianuariis

105 2062 139 2115 2.
168 2063 466 2131 Torquato
515 2064 575 2117 et
617 2061 678 2117 L.
718 2062 889 2117 Cotta
933 2062 1260 2119 consulibus
1306 2080 1495 2117 rerum
1540 2064 1861 2134 potirentur
1898 2063 2118 2134 sibique

105 2134 188 2201 psi
235 2133 623 2202 consulerent3
670 2134 802 2189 vide
842 2133 994 2190 Cass.
1033 2133 1196 2190 Dion.
1235 2134 1474 2189 XXXVI
1512 2140 1610 2204 44,
1655 2133 1781 2190 Livi
1817 2136 1953 2205 epit.
1997 2142 2117 2200 101,

105 2205 309 2259 {ueton.
349 2204 505 2259 Caes.
537 2211 570 2259 9
599 2205 669 2260 ol.
699 2207 808 2259 hac
842 2205 970 2275 ipsa
1006 2204 1262 2261 oratione
1301 2212 1388 2261 24.
1428 2212 1496 2261 67
1535 2222 1618 2274 sq.
1674 2205 1864 2259 Etiam
1897 2208 2116 2275 postea,

105 2292 206 2328 :um
243 2276 304 2329 P.
348 2274 506 2329 Sulla
541 2274 844 2357 Neapolim
889 2292 949 2330 se
984 2274 1318 2345 recepisset,
1367 2278 1562 2331 tamen
1601 2278 1661 2331 et
1694 2276 1909 2332 Romae
1949 2294 2117 2346 saepe

105 2346 230 2400 risus
277 2362 406 2401 esse
453 2348 513 2400 et
559 2345 1005 2402 coniurationem
1043 2346 1321 2402 Catilinae
1369 2364 1519 2402 anno
1563 2354 1664 2403 691
1713 2347 1927 2402 factam
1963 2348 2118 2403 haud

105 2417 318 2472 1bsoure
376 2417 661 2472 adiuvisse
717 2418 1011 2472 dicebatur
1057 2419 1129 2487 (v.
1179 2417 1315 2473 Sall.
1378 2418 1543 2475 Catil.
1586 2425 1678 2489 17,
1722 2418 1868 2474 Flor.
1916 2418 1997 2473 IV
2046 2422 2114 2489 1).

105 2488 260 2551 luam
315 2488 392 2543 ob
438 2504 586 2556 rem,
641 2505 770 2543 cum
815 2488 874 2545 L.
913 2486 1166 2544 Catilina
1211 2505 1340 2542 cum
1384 2490 1633 2545 maxima
1674 2492 1841 2561 parte
1889 2506 2118 2544 suorum

105 2575 272 2627 mgna
311 2558 626 2623 cecidisset,
664 2559 838 2614 ceteri
875 2562 1065 2613 autem
1105 2559 1384 2615 coniurati
1421 2560 1685 2631 dissipati
1721 2562 1928 2630 essent,
1962 2559 2116 2615 idem

105 2658 138 2682 ι.
177 2630 502 2697 Torquatus
548 2629 727 2698 filius,
775 2629 873 2699 qui
907 2629 966 2684 P.
1008 2630 1225 2685 Sullam
1259 2632 1376 2684 iam
1413 2634 1585 2687 antea
1619 2632 1691 2687 de
1728 2631 1945 2687 ambitu
1982 2648 2116 2687 con-

105 2700 462 2769 lemnaverat,
500 2701 786 2755 accusavit
822 2701 997 2755 etiam
1034 2699 1105 2754 de
1146 2700 1206 2754 vi
1231 2700 1362 2771 lege
1390 2702 1618 2757 Plautia
1644 2703 1708 2757 D.
1728 2702 1891 2758 Iunio
1920 2702 2115 2757 Silano

105 2800 137 2827 ι.
175 2771 420 2826 Murena
455 2771 776 2826 consulibus
815 2788 963 2827 anno
1002 2778 1104 2827 692
1146 2774 1224 2842 (v.
1257 2772 1430 2828 schol.
1461 2772 1599 2829 Bob.
1638 2772 1715 2829 ad
1748 2773 1896 2828 hanc
1930 2774 2115 2843 ipsam

105 2842 399 2897 rationem
435 2859 560 2912 cap.
583 2850 650 2898 33
689 2862 742 2912 p.
765 2849 885 2899 368.
925 2849 992 2898 32
1030 2842 1179 2898 Bait.
1211 2844 1282 2898 cl.
1314 2842 1801 2900 Pseudosallustio
1838 2845 1900 2898 in
1936 2845 2113 2901 Cicer.

110 2914 149 2981 ).
223 2913 621 2968 Defenderunt
661 2914 724 2969 P.
764 2912 980 2969 Sullam
1017 2911 1079 2978 Q.
1117 2913 1454 2969 Hortensius
1502 2917 1562 2969 et
1596 2915 1671 2971 M.
1710 2914 1932 2985 Cicero,
1979 2932 2115 2983 quo-

105 3001 199 3037 um
235 2982 578 3039 Hortensius
616 2999 686 3039 ea
721 2983 959 3039 crimina
993 2983 1309 3039 refellenda
1346 2988 1685 3055 susceperat,
1726 2986 1930 3053 quibus
1967 2986 2115 3039 dice·

105 3057 246 3108 ›atur
283 3055 346 3110 P.
378 3054 538 3109 Sulla
581 3056 642 3109 in
675 3054 885 3125 prima,
932 3071 1076 3124 quae
1115 3054 1350 3123 dicitur,
1399 3056 1786 3111 coniuratione
1835 3055 2113 3111 Catilinae

105 3161 124 3180 ..
166 3132 274 3181 689
314 3124 469 3179 facta
507 3125 692 3181 socius
729 3125 928 3193 fuisse,
975 3125 1069 3179 hic
1108 3124 1371 3195 crimina,
1410 3143 1555 3196 quae
1594 3127 1665 3180 de
1702 3126 1885 3181 altera
1920 3124 2113 3180 coniu-

105 3197 300 3251 atione
356 3196 634 3251 Catilinae
688 3196 842 3251 facta
897 3197 1059 3251 erant
1113 3195 1172 3250 P.
1223 3196 1441 3265 Sullae,
1499 3195 1803 3251 defendere
1852 3194 2112 3250 debebat.

107 3286 140 3321 n
187 3284 256 3321 eo
304 3267 481 3337 igitur
525 3266 886 3338 potissimum
923 3267 996 3321 M.
1037 3267 1230 3321 Cicero
1277 3267 1340 3321 in
1377 3284 1470 3335 ea,
1518 3283 1665 3335 quae
1702 3267 1852 3322 infra
1884 3265 2112 3335 legitur,

113 3339 337 3392 ratione
391 3355 622 3408 operam
675 3356 834 3393 suam
885 3336 1094 3407 posuit.
1179 3337 1238 3392 P.
1289 3340 1479 3392 autem
1527 3337 1743 3393 Sullam
1798 3338 2023 3393 constat
2078 3353 2113 3391 a

107 3410 360 3465 udicibus
392 3410 720 3465 absolutum
760 3425 898 3464 esse.

1684 3588 1795 3641 22*
