2534 3875
766 177 916 232 CAP.
959 184 1167 233 63-65
1206 184 1236 244 s
1278 184 1573 234 176-182.
1886 179 1891 184 ’
2059 178 2186 244 169

157 323 568 425 aliquantum
617 325 683 387 et
731 320 898 404 auri,
943 327 1143 387 noctu
1189 322 1351 386 duos
1400 344 1747 387 conservos
1794 320 2186 389 dormientes

156 411 392 475 occidit
456 412 524 475 in
580 410 1026 494 piscinamque
1081 410 1342 492 deiecit3
1404 410 1543 493 ipse
1601 412 1863 475 armarii
1916 410 2187 476 fundum

157 499 440 563 exsecuit
488 502 558 562 et
602 496 712 561 HS
750 496 790 537 '¹‘
831 502 898 562 et
942 499 1084 562 auri
1129 498 1415 581 quinque
1459 498 1677 583 pondo
1724 499 2000 563 abstulit
2055 522 2185 564 uno

158 608 234 650 ex
279 587 490 651 servis
537 606 739 669 puero
785 606 919 650 non
963 586 1195 672 grandi
1241 587 1519 651 conscio.
1607 585 1811 651 Furto
1855 587 2168 671 postridie
2191 603 2293 653 180

66 676 419 758 ⁵cognito
477 674 687 739 omnis
741 674 1024 757 suspicio
1079 675 1148 737 in
1202 696 1311 739 eos
1370 695 1619 757 servos,
1671 675 1781 759 qui
1838 696 1972 739 non
2018 696 2187 739 com-

155 762 495 846 parebant,
543 762 1092 826 commovebatur.
1185 760 1348 827 Oum
1398 764 1681 827 exsectio
1727 763 1845 827 illa
1886 762 2073 827 fundi
2117 763 2187 827 in

159 848 440 914 armario
497 850 1149 933 animadverteretur,
1206 850 1605 933 quaerebant
1649 851 1943 916 homines
1954 901 1971 934 ,
2027 873 2186 935 quo-

153 959 307 1002 nam
353 937 550 1001 modo
593 938 736 1001 fieri
781 940 1120 1022 potuisset.
1203 936 1479 1013 Quidam
1526 960 1605 1003 ex
1652 940 1879 1004 amicis
1925 936 2186 1005 Sassiae

157 1026 536 1091 recordatus
593 1030 693 1090 est
747 1048 816 1090 se
875 1047 1083 1110 nuper
1137 1025 1208 1090 in
1263 1026 1565 1090 auctione
1623 1028 1899 1110 quadam
1948 1027 2183 1091 vidisse

88 1132 136 1171 ιο
157 1114 226 1177 in
289 1114 486 1178 rebus
543 1114 812 1179 minutis
867 1114 1183 1179 aduncam
1239 1134 1320 1178 ex
1372 1114 1552 1177 omni
1606 1118 1795 1197 parte
1850 1116 2181 1180 dentatam

161 1205 226 1265 et
277 1205 644 1267 tortuosam
704 1202 922 1266 venire
969 1203 1311 1285 serrulam,
1372 1222 1499 1285 qua
1544 1203 1706 1267 illud
1752 1203 2045 1287 potuisse
2090 1204 2188 1269 ita

159 1290 605 1354 circumsecari
655 1290 997 1355 videretur.
1071 1288 1172 1354 Ne
1211 1290 1439 1370 multa,
1484 1292 1888 1375 perquiritur
1935 1314 1974 1355 a
2011 1314 2189 1357 coac

158 1378 432 1460 toribus,
477 1378 803 1443 invenitur
849 1400 924 1442 ea
970 1378 1220 1442 serrula
1266 1378 1349 1441 ad
1384 1374 1761 1443 Stratonem
1797 1381 2186 1461 pervenisse.

160 1464 302 1529 Hoc
346 1429 538 1530 initio
586 1466 971 1567 suspicionis
1019 1469 1167 1530 orto
1215 1469 1283 1529 et
1328 1469 1549 1548 aperte
1587 1466 1969 1531 insimulato
2008 1465 2188 1533 Stra-

91 1570 137 1611 15
159 1558 313 1618 tone
349 1575 512 1637 puer
545 1554 660 1617 ille
699 1556 995 1620 conscius
1031 1553 1392 1637 pertimuit,
1428 1574 1564 1617 rem
1603 1576 1861 1618 omnem
1889 1556 2190 1621 dominae

160 1641 498 1724 indicavit3
552 1641 846 1706 homines
902 1644 972 1706 in
1027 1643 1281 1726 piscina
1323 1641 1573 1705 inventi
1620 1646 1800 1724 sunt,
1856 1640 2075 1708 Strato
2120 1645 2190 1706 in

159 1730 421 1794 vincula
475 1731 801 1795 coniectus
869 1734 994 1813 est,
1067 1734 1263 1813 atque
1330 1728 1526 1793 etiam
1590 1729 1661 1793 in
1722 1730 1997 1794 taberna
2051 1731 2187 1795 eius

160 1818 429 1900 nummi,
471 1838 882 1903 nequaquam
929 1840 1180 1902 omneS,
1225 1817 1655 1902 reperiuntur.
1731 1816 2169 1883 Constituitur
2195 1834 2294 1885 181

163 1908 464 1990 quaestio.
497 1906 575 1970 de
613 1906 808 1972 furto.
872 1904 1042 1971 Nam
1082 1906 1236 1990 quid
1274 1905 1619 1991 quisquam
1656 1906 1975 1990 suspicari
2012 1906 2191 1972 aliud

93 2013 138 2052 20
161 1995 428 2080 potest?
532 1994 640 2059 An
702 1995 826 2060 hoc
892 1993 1133 2077 dicitis,
1197 1996 1482 2059 armario
1548 1995 1858 2078 expilato,
1920 1995 2193 2078 pecunia

163 2083 403 2166 ablata,
447 2104 582 2146 non
629 2084 806 2147 omni
851 2084 1236 2166 reciperata,
1290 2083 1519 2147 occisis
1575 2083 1949 2148 hominibus
2006 2082 2191 2148 insti·

163 2175 377 2235 tutam
423 2191 567 2234 esse
614 2172 1060 2254 quaestionem
1108 2171 1185 2235 de
1222 2176 1434 2235 morte
1470 2170 1860 2255 Oppianici?
1899 2171 2004 2237 cui
2048 2194 2191 2255 pro-

164 2259 384 2324 batis?
459 2259 616 2342 quid
689 2262 817 2337 est,
894 2258 1063 2343 quod
1139 2259 1355 2323 minus
1418 2260 1559 2324 veri
1624 2260 1837 2324 simile
1900 2260 2191 2342 proferre

163 2346 524 2432 potuistis?
592 2346 845 2426 deinde,
909 2350 984 2410 ut
1039 2346 1341 2411 omittam
1398 2351 1641 2430 cetera,
1705 2347 1985 2412 triennio
2040 2351 2193 2431 post

18 2527 20 2534 Ι
95 2451 141 2491 2²⁵
165 2440 444 2500 mortem
489 2433 833 2518 Oppianici
878 2434 956 2499 de
1003 2435 1137 2499 eius
1183 2439 1395 2499 morte
1443 2435 1918 2519 quaerebatur?
1976 2435 2193 2520 Atque

165 2523 365 2588 etiam
400 2523 666 2587 incensa
701 2522 852 2587 odio
889 2523 1169 2606 pristino
1206 2521 1656 2588 Nicostratum
1696 2523 1967 2588 eundem
2003 2524 2193 2588 illum

165 2615 308 2676 tum
346 2611 486 2674 sine
523 2631 720 2675 causa
755 2612 826 2674 in
863 2611 1313 2694 quaestionem
1352 2611 1731 2694 postulavit.
1798 2610 2194 2696 Oppianicus

166 2701 380 2783 primo
419 2700 759 2764 recusavit.
824 2698 1064 2763 Postea
1091 2721 1236 2763 cum
1274 2699 1395 2763 illa
1422 2699 1846 2764 abducturam
1876 2721 1945 2763 se
1974 2700 2196 2784 filiam,

167 2791 568 2851 mutaturam
615 2807 756 2850 esse
809 2789 1273 2850 testamentum
1318 2787 1699 2870 minaretur,
1756 2788 2013 2852 mulieri
2060 2810 2196 2853 cru-

99 2890 146 2931 30
171 2874 539 2939 delissimae
601 2895 860 2938 servum
919 2874 1366 2939 fidelissimum
1430 2895 1561 2938 non
1624 2875 1695 2939 in
1750 2878 2194 2958 quaestionem

171 2962 420 3044 detulit,
449 2961 562 3026 sed
590 2962 784 3044 plane
817 2962 898 3027 ad
931 2962 1324 3046 supplicium
1343 2962 1603 3026 dedidit.
1650 2962 1809 3027 Post
1826 2963 2173 3028 triennium
2216 2939 2302 3006 65

168 3050 374 3135 igitur
413 3051 668 3134 agitata
705 3049 915 3114 denuo
955 3050 1249 3134 quaestio
1290 3051 1367 3114 de
1402 3049 1527 3114 viri
1556 3054 1765 3114 morte
1792 3050 2177 3132 habebatur,
2202 3031 2301 3080 182

174 3143 238 3201 et
293 3139 372 3202 de
420 3137 655 3221 quibus
703 3137 907 3201 servis
953 3138 1366 3203 habebatur?
1411 3159 1609 3221 nova,
1664 3138 1881 3221 credo,
1937 3159 2041 3201 res
2088 3137 2197 3200 ob-

171 3225 366 3310 iecta,
438 3225 594 3290 novi
667 3226 928 3309 quidam
989 3225 1289 3290 homines
1352 3225 1421 3289 in
1487 3225 1918 3312 suspicionem
1982 3225 2200 3288 vocati

103 3329 150 3370 8⁵
175 3318 343 3378 sunt.
425 3311 524 3376 De
581 3310 887 3377 Stratone
943 3318 1010 3377 et
1062 3313 1140 3377 de
1195 3313 1591 3378 Nicostrato.
1684 3311 1895 3386 Quid?
1950 3311 2199 3376 Romae

175 3401 540 3485 quaesitum
577 3401 656 3464 de
693 3400 840 3465 istis
869 3401 1241 3465 hominibus
1268 3422 1403 3464 non
1431 3400 1613 3464 erat?
1678 3399 1862 3464 Itane
1888 3399 2197 3464 tandem‘?

175 3490 406 3554 mulier
450 3489 584 3552 iam
618 3509 750 3552 non
787 3489 1036 3572 morbo,
1085 3488 1196 3552 se'd
1235 3487 1475 3552 scelere
1511 3486 1777 3570 furiosa,
1825 3508 1969 3551 cum
2011 3507 2199 3570 quae-
