2534 3875
743 702 839 775 M.
917 700 1275 775 TULLI
1349 690 1993 777 CICERONIS
2039 794 2059 807 ,-

348 846 556 931 PRO
597 846 690 932 A.
719 846 1112 932 LICINIO
1151 846 1559 932 ARCHIA
1595 847 1938 933 POETA
1974 848 2395 935 ORATIO.

498 1125 1076 1187 ARGUMENTUM
1120 1128 1470 1188 VETERIS
1516 1110 2091 1189 ENARRATORIS
2141 1129 2255 1189 AB

667 1232 740 1291 A.
787 1232 992 1293 ΜΑΙΟ
1039 1233 1358 1294 EDITUM
1403 1234 1506 1292 ΕΤ
1556 1234 2059 1295 SUPPLETUM.

491 1348 556 1401 A.
576 1346 824 1402 Licinius
859 1348 1097 1403 Archias
1135 1366 1196 1403 se
1234 1348 1439 1403 studiis
1476 1349 1715 1419 politicis
1753 1349 1974 1405 dedidit
2009 1353 2068 1405 et
2104 1350 2393 1421 adprime,

347 1418 414 1471 ut
465 1417 791 1485 videbatur,
849 1418 1117 1475 excelluit
1165 1421 1227 1473 in
1280 1420 1389 1475 hoc
1436 1436 1642 1489 genere
1687 1420 2023 1475 litterarum.
2108 1421 2393 1477 Amicitia

345 1488 526 1557 igitur
563 1488 738 1542 etiam
772 1488 911 1543 viris
947 1490 1264 1545 illustribus
1302 1490 1660 1545 familiariter
1696 1493 1993 1561 copulatus
2022 1494 2126 1561 est,
2164 1495 2233 1547 ut
2261 1495 2393 1563 ipse

346 1561 422 1613 M.
459 1558 676 1613 Tullius
731 1561 793 1613 in
850 1561 1124 1616 orationis
1169 1561 1337 1615 huius
1381 1562 1707 1616 narratione
1754 1562 2062 1617 confirmat.
2145 1565 2392 1619 Interim

349 1631 488 1685 satis
533 1630 707 1699 longo
751 1631 1082 1699 intervallo,
1131 1650 1260 1687 cum
1297 1633 1448 1686 esset
1489 1648 1616 1686 cum
1652 1632 1712 1687 L.
1752 1633 1989 1688 Lucullo
2030 1633 2090 1687 in
2126 1633 2392 1689 Siciliam

345 1700 634 1769 profectus
684 1702 743 1755 et
786 1717 913 1755 cum
961 1719 1031 1757 ex
1079 1718 1148 1757 ea
1191 1704 1482 1772 provincia
1518 1719 1646 1757 cum
1683 1702 1883 1758 eodem
1918 1704 1979 1761 L.
2019 1704 2259 1759 Lucullo
2302 1723 2391 1761 re·

345 1770 692 1839 grederetur,
729 1772 1065 1827 Heracleam
1099 1774 1274 1835 venit,
1313 1789 1457 1841 quae
1495 1774 1631 1827 tunc
1668 1775 1793 1828 erat
1828 1775 2029 1829 civitas
2066 1775 2389 1842 foederata,

346 1844 406 1895 et
441 1843 721 1911 ascriptus
759 1845 848 1897 est
873 1844 931 1897 in
971 1844 1225 1898 ordinem
1259 1843 1707 1899 Heracliensium
1744 1844 1901 1899 civis.
1955 1845 2111 1899 Tunc
2150 1845 2389 1901 Silanus

346 1914 405 1967 et
433 1910 614 1968 Carbo
653 1929 792 1969 coss.
830 1913 1020 1983 legem
1055 1916 1334 1983 tulerunt,
1372 1918 1438 1970 ut
1474 1931 1685 1982 omnes,
1721 1915 1820 1984 qui
1856 1917 2047 1972 essent
2082 1932 2152 1970 ex
2187 1916 2389 1973 foede-

344 1983 486 2039 ratis
523 1985 764 2054 populis,
804 1984 1094 2039 civitatem
1123 1987 1437 2041 Romanam
1474 1989 1962 2055 consequerentur,
2002 1988 2050 2041 si
2077 1989 2247 2043 modo
2278 1989 2387 2043 illo

343 2057 627 2124 tempore,
676 2071 788 2123 quo
823 2056 918 2110 lex
952 2054 1074 2110 lata
1111 2058 1287 2124 esset,
1326 2057 1675 2111 domicilium
1712 2057 1773 2110 in
1799 2057 1970 2112 Italia
2005 2058 2288 2114 haberent
2329 2062 2389 2114 et

343 2125 498 2180 intra
562 2124 714 2178 diem
771 2127 1186 2195 sexagesimum
1239 2127 1483 2196 professi
1539 2128 1691 2197 apud
1744 2130 2063 2198 praetorem
2118 2129 2385 2188 fuissent.

345 2197 502 2262 Quae
531 2212 658 2250 cum
683 2195 900 2251 Licinio
930 2197 1168 2252 Archiae
1199 2197 1274 2251 ad
1301 2198 1672 2252 obtinendum
1698 2196 1786 2252 ius
1815 2200 2064 2253 civitatis
2083 2201 2385 2256 Romanae

344 2269 680 2335 argumenta
705 2266 983 2335 deessent,
1021 2268 1289 2336 quoniam
1322 2285 1504 2337 neque
1531 2268 1742 2323 tabulis
1769 2268 2221 2325 Heracliensium
2249 2289 2385 2342 pro-

342 2338 479 2392 bare
525 2340 754 2406 poterat
797 2339 1106 2408 ascriptum
1159 2354 1218 2392 se
1255 2340 1315 2392 in
1352 2339 1607 2394 ordinem
1644 2341 1849 2394 civium
1884 2341 2115 2411 (quippe
2150 2342 2385 2396 tabula-

342 2410 488 2461 rium
537 2407 791 2462 civitatis
836 2408 990 2463 illius
1037 2410 1324 2463 exarserat
1358 2408 1510 2464 bello
1550 2410 1795 2479 sociali),
1842 2427 1949 2466 nec
1984 2411 2139 2466 bona
2176 2429 2284 2468 sua
2322 2415 2385 2467 in

343 2495 575 2532 censum
611 2478 910 2545 detulerat,
947 2496 1075 2534 reus
1111 2479 1298 2533 factus
1337 2482 1425 2533 est
1461 2482 1589 2548 lege
1618 2481 1809 2551 Papia,
1848 2497 1992 2550 quae
2029 2483 2151 2536 lata
2186 2483 2385 2538 fuerat

345 2549 421 2601 ad
472 2564 568 2603 eos
607 2549 974 2618 coercendOS,
1022 2551 1119 2618 qui
1153 2553 1366 2604 temere
1403 2552 1463 2604 et
1497 2550 1697 2605 illicite
1737 2552 2024 2607 civitatem
2061 2553 2385 2608 Romanam

342 2619 1080 2745 332133‘2132125ssniffiss.
1097 2623 1289 2746 ⁵3?ssssss
1318 2620 2383 2762 issssssssi‘ffffiffia,agussfflpffieffitd?

341 2759 547 2828 buerit,
585 2760 686 2828 qui
723 2762 870 2815 esset
905 2779 936 2814 e
972 2778 1203 2816 numero
1239 2763 1674 2818 foederatorum.
1742 2764 1815 2816 Et
1851 2764 2109 2818 deficitur
2144 2765 2383 2834 quidem

341 2830 536 2884 multis
578 2830 1038 2900 probationibus,
1084 2833 1411 2887 testimonio
1456 2835 1647 2888 tamen
1683 2833 2132 2889 Heracliensium
2178 2836 2239 2889 et
2284 2837 2383 2892 vel

341 2899 612 2968 maxime,
659 2901 863 2969 quibus
911 2904 1036 2957 tota
1082 2906 1390 2972 occupatur
1435 2904 1645 2971 oratio,
1691 2904 1949 2973 poeticae
1985 2905 2277 2960 facultatis
2318 2911 2382 2962 et

344 2972 635 3026 doctrinae
671 2973 1108 3029 iucundissimae
1146 2975 1337 3042 gratia
1372 2973 1589 3028 nititur.
1654 2975 1759 3029 Est
1794 2976 1965 3030 etiam
2001 2976 2208 3032 omissa
2245 2994 2378 3032 con-

341 3042 559 3097 iectura
615 3042 952 3114 disceptatio
1043 3062 1104 3098 er
1154 3045 1341 3114 ipsam
1386 3045 1725 3114 qualitatem
1769 3063 2067 3116 personae,
2122 3049 2189 3100 ut
2235 3048 2377 3102 civis

341 3112 629 3168 Romanus
688 3113 895 3169 debeat
948 3132 983 3168 a
1025 3117 1236 3184 optari,
1302 3115 1522 3170 etiamsi
1574 3116 1635 3169 in
1688 3115 2057 3184 praeteritum
2116 3134 2235 3172 non
2301 3119 2379 3173 sit

342 3185 568 3238 ascitus.
618 3216 683 3224 -
732 3184 889 3240 Idem
933 3186 1226 3240 enarrator
1259 3186 1336 3240 ad
1372 3201 1417 3241 c.
1457 3192 1489 3239 2
1528 3191 1560 3252 ᾗ
1598 3193 1631 3240 3
1670 3188 1907 3242 adnotat
1942 3185 2004 3252 Q.
2044 3187 2376 3245 Ciceronem

341 3252 574 3308 fratrem
610 3255 684 3309 M.
724 3255 874 3310 Tulli
922 3255 1162 3311 oratoris
1207 3256 1371 3311 illum
1407 3255 1584 3311 fuisse
1620 3261 1966 3327 praetorem,
2013 3274 2048 3311 a
2088 3259 2165 3313 ud
2204 3277 2374 3329 quem

341 3325 482 3380 haec
527 3325 726 3379 habita
773 3327 956 3381 oratio
1004 3328 1081 3380 sit
1127 3326 1295 3395 (conf.
1336 3328 1507 3380 etiam
1556 3327 1668 3383 Cic.
1708 3330 1869 3400 epist.
1919 3330 1991 3384 ad
2089 3371 2100 3384 .
2138 3329 2375 3386 fratrem

340 3393 420 3448 ΙΙΙ
459 3402 510 3450 6.
549 3399 622 3464 9),
659 3395 992 3467 videturque
1030 3400 1095 3452 A.
1133 3395 1383 3451 Licinius
1420 3397 1655 3453 Archias
1693 3399 1984 3454 absolutus
2022 3415 2164 3456 esse.

1141 3545 1267 3554 ...-
