2534 3875
248 1287 313 1336 15

256 2788 321 2837 16

287 3390 323 3452 7

340 159 475 224 452
539 157 807 214 ORATIO
844 156 1026 214 POST
1061 154 1400 210 REDITUM
1435 152 1537 208 AD
1576 153 1913 220 QUIRITES
1951 153 2247 208 HABITA.

344 326 491 370 eam
534 325 670 368 rem
708 301 1040 386 publicam
1075 299 1421 381 habuistiS,
1465 303 1541 364 ut
1577 319 1780 383 aeque
1813 320 1919 363 me
1956 302 2153 383 atque
2189 299 2378 362 illam

343 390 814 457 restituendam
870 389 1211 474 putaretis.
1300 387 1447 474 Ego
1503 391 1747 469 autem,
1802 386 1872 450 in
1927 409 2054 471 qua
2109 387 2378 452 civitate

344 481 513 545 nihil
566 481 817 544 valeret
882 482 1144 542 senatus
1155 528 1172 562 ,
1238 476 1448 542 omnis
1515 480 1688 540 esset
1742 475 2128 559 impunitas,
2191 475 2381 538 nulla

344 568 614 653 iudicia,
656 567 759 633 vis
805 570 872 632 et
915 566 1155 630 ferrum
1204 565 1278 628 in
1319 563 1466 629 foro
1511 567 1900 648 versaretur,
1946 585 2090 629 cum
2136 563 2381 648 privati

345 657 671 741 parietum
728 677 796 720 se
850 653 1205 738 praesidio,
1258 675 1394 717 non
1439 653 1663 736 legum
1707 656 2072 735 tuerentur,
2128 651 2380 715 tribuni
2409 667 2434 707 ὅ

345 746 434 830 pl.
480 745 668 810 vobis
732 742 1251 827 inspectantibus
1308 741 1829 822 vulnerarentur,
1895 740 1978 804 ad
2031 740 2382 825 magistra·

346 839 533 899 tuum
598 833 825 898 domos
892 853 1037 896 cum
1098 830 1274 895 ferro
1340 833 1405 894 et
1464 828 1718 894 facibus
1781 828 2016 912 iretur,
2089 829 2380 894 consulis

345 922 558 987 fasces
612 921 1096 1007 frangerentur,
1152 918 1420 982 deorum
1476 917 1950 982 immortalium
1993 917 2240 1000 templa
2283 917 2382 981 in·

348 1009 791 1092 cenderentur,
827 1030 967 1072 rem
1003 1007 1338 1092 publicam
1375 1027 1516 1070 esse
1550 1004 1802 1070 nullam
1839 1005 2084 1089 putavi.
2147 1003 2381 1090 Itaque

347 1120 557 1183 neque
601 1119 672 1161 re
716 1096 979 1181 publica
1026 1095 1457 1160 exterminata
1501 1094 1665 1158 mihi
1702 1094 1918 1158 locum
1954 1094 2023 1157 in
2058 1094 2186 1158 hac
2221 1094 2383 1158 urbe
2411 1111 2458 1150 1⁰

350 1208 491 1251 esse
539 1185 693 1250 duxi
735 1207 884 1268 nec,
931 1184 989 1248 si
1032 1184 1152 1248 illa
1197 1183 1669 1265 restitueretur,
1715 1182 2025 1266 dubitavi,
2072 1181 2233 1266 quin
2279 1204 2382 1246 me

351 1296 569 1340 secum
620 1273 769 1358 ipsa
822 1273 1173 1337 reduceret.
1264 1271 1374 1335 An
1426 1292 1548 1357 ego
1559 1321 1576 1355 ,
1631 1291 1778 1336 cum
1835 1271 1998 1335 mihi
2059 1274 2235 1334 esset
2279 1293 2383 1335 ex-

348 1361 867 1448 ploratissimum
920 1359 992 1425 P.
1045 1359 1399 1425 Lentulum
1462 1359 1761 1444 proximo
1826 1381 1994 1423 anno
2051 1359 2383 1424 consulem

348 1451 671 1534 futurum,
738 1450 850 1534 qui
904 1449 1038 1513 illis
1093 1448 1255 1533 ipsis
1311 1447 1406 1513 rei
1458 1448 1757 1532 publicae
1810 1447 2383 1532 periculosissimis

350 1539 750 1622 temporibus
790 1537 1019 1603 aedilis
1058 1536 1300 1602 curulis
1343 1557 1446 1600 me
1473 1536 1738 1600 consule
1768 1536 2057 1600 omnium
2087 1557 2384 1600 meorum
2411 1551 2458 1592 15

351 1627 770 1692 consiliorum
833 1626 1161 1711 particeps
1224 1624 1789 1709 periculorumque
1851 1625 2066 1690 socius
2129 1623 2385 1708 fuisset,

353 1716 752 1798 dubitarem,
798 1714 955 1798 quin
1000 1714 1057 1778 is
1104 1734 1209 1777 me
1255 1711 1620 1778 confectum
1668 1713 2114 1778 consularibus
2164 1713 2385 1777 vulne·

352 1805 535 1868 ribus
582 1801 913 1868 consulari
959 1801 1279 1866 medicina
1324 1800 1406 1865 ad
1453 1801 1732 1865 salutem
1779 1799 2158 1866 reduceret?
2241 1801 2386 1866 Hoc

353 1893 532 1979 duce,
577 1892 827 1977 collega
873 1894 1090 1956 autem
1139 1889 1296 1973 eius„
1341 1889 1844 1955 clementissimo
1892 1894 2087 1975 atque
2131 1889 2386 1974 optimo

352 1982 515 2066 viro,
559 1980 773 2066 primo
810 2001 942 2043 non
978 1978 1384 2061 adversante,
1427 1982 1581 2063 post
1619 1978 1815 2043 etiam
1853 1978 2200 2043 adiuvante
2240 1980 2386 2043 reli·
2414 1997 2462 2036 20

355 2070 467 2154 qui
502 2069 927 2155 magistratus
966 2088 1170 2151 paene
1200 2088 1424 2132 omnes
1451 2066 1718 2132 fuerunt
1745 2066 2116 2132 defensores
2149 2068 2385 2133 salutis

354 2180 563 2242 meae3
610 2179 688 2221 ex
733 2156 968 2240 quibus
1006 2155 1350 2219 excellenti
1386 2155 1624 2237 animo,
1666 2155 1929 2239 virtute,
1975 2155 2388 2238 auctoritate,

354 2245 698 2331 praesidi0,
743 2243 951 2329 copiis
997 2243 1069 2309 Τ.
1097 2243 1353 2307 Annius
1401 2249 1467 2307 et
1511 2242 1583 2307 P.
1611 2240 1861 2307 Sestius
1907 2244 2274 2328 praestanti
2319 2247 2390 2309 in

356 2357 460 2399 me
504 2332 947 2399 benivolentia
992 2336 1059 2396 et
1095 2331 1312 2396 divino
1350 2331 1564 2396 studio
1605 2332 1986 2416 extiterunt3
2031 2332 2388 2417 eodemque

355 2422 427 2487 P.
473 2422 745 2487 Lentulo
810 2423 1076 2486 auctore
1142 2424 1207 2485 et
1269 2420 1519 2504 pariter
1572 2418 1891 2485 referente
1947 2420 2203 2508 collega
2256 2420 2390 2485 fre-
2415 2437 2458 2477 25

358 2510 820 2595 quentissimus
894 2512 1158 2574 senatus
1222 2530 1351 2572 uno
1417 2508 1867 2592 dissentiente,
1937 2510 2122 2573 nullo
2187 2509 2384 2575 inter·

358 2598 623 2663 cedente
680 2597 1069 2684 dignitatem
1115 2618 1356 2681 meam,
1411 2595 1646 2680 quibus
1690 2596 1906 2680 potuit
1916 2648 1934 2681 ,
1989 2598 2208 2662 verbis
2258 2620 2390 2663 am-

357 2685 673 2771 plissimis
722 2685 1007 2768 ornavit,
1065 2686 1342 2750 salutem
1386 2684 1601 2767 vobiS,
1655 2685 2050 2771 municipiis,
2109 2686 2389 2751 coloniis

359 2774 660 2839 omnibus
716 2772 1209 2838 commendavit.
1299 2772 1404 2837 Ita
1459 2795 1562 2837 me
1607 2774 1852 2838 nudum
1900 2796 1939 2838 a
1983 2774 2392 2859 propinquis,

358 2862 546 2927 nulla
590 2863 977 2947 cognatione
1014 2863 1337 2925 munitum
1374 2862 1689 2945 consules,
1735 2866 2092 2946 praetoreS,
2137 2863 2392 2929 tribuni
2415 2880 2455 2919 3⁰
2526 2924 2527 2933 ,

358 2951 474 3036 pl.,
522 2954 783 3015 senatus
794 3001 812 3034 ,
864 2947 1062 3013 Italia
1114 2954 1346 3015 cuncta
1401 2970 1656 3034 semper
1710 2972 1749 3014 a
1803 2950 1992 3015 vobis
2046 2950 2392 3035 deprecata

361 3043 488 3125 est,
561 3038 834 3122 denique
901 3059 1152 3121 omneS,
1216 3038 1326 3121 qui
1389 3038 1626 3103 vestris
1689 3038 1991 3103 maximis
2055 3039 2391 3106 beneficiis

359 3127 843 3210 honoribusque
902 3129 1054 3191 sunt
1101 3126 1344 3210 ornati,
1399 3126 1697 3211 producti
1742 3127 1825 3191 ad
1870 3148 1986 3192 vos
2034 3128 2116 3192 ab
2165 3129 2392 3193 eodem

360 3237 494 3280 non
554 3215 769 3279 solum
822 3213 905 3277 ad
960 3236 1063 3279 me
1120 3215 1632 3281 conservandum
1677 3236 1794 3279 vos
1842 3216 2172 3281 cohortati
2219 3222 2393 3300 sunt,

364 3304 476 3367 sed
532 3303 731 3367 etiam
785 3323 1002 3366 rerum
1058 3324 1350 3367 mearum
1405 3309 1739 3389 gestarum
1786 3308 2113 3389 auctoreS,
2165 3308 2392 3390 testeS,
2417 3321 2454 3362 ³⁵

364 3390 733 3455 laudatores
786 3390 1066 3454 fuerunt.
1139 3388 1429 3465 Quorum
1475 3392 1774 3477 princeps
1821 3391 1903 3457 ad
1951 3393 2390 3459 cohortandos

364 3499 483 3542 vos
538 3481 605 3541 et
660 3478 741 3543 ad
797 3478 1123 3564 rogandos
1177 3478 1306 3541 fuit
1355 3477 1469 3544 Cn.
1514 3478 1888 3566 Pompeius,
1934 3480 2036 3546 vir
2081 3483 2393 3560 omnium,
