2534 3875
339 169 425 234 22
884 169 1028 224 PRO
1068 170 1143 226 M.
1181 167 1509 224 FONTEIO
1552 166 1842 223 ORATIO.

337 314 498 380 orbe
546 317 869 380 terrarum
918 336 957 378 a
1003 315 1243 398 populo
1291 313 1588 379 Romano
1638 312 2057 398 gerebantur,
2105 335 2389 399 magnas

337 403 644 487 pecunias
712 403 790 468 ad
859 424 1084 468 eorum
1149 401 1574 486 stipendium,
1646 401 2004 466 maximum
2067 401 2388 466 frumenti

337 512 681 555 numerum
729 490 812 555 ad
857 489 1298 592 Hispaniense
1345 490 1593 555 bellum
1644 489 2060 554 tolerandum
2105 491 2388 591 impera-.-

236 593 298 642 14
337 580 453 644 vit.
537 581 625 661 [4]
689 579 789 662 Is,
836 579 947 664 qui
994 580 1227 664 gessit,
1273 579 1344 642 in
1393 577 1702 644 iudicium
1738 582 2039 661 vocatur,
2085 599 2221 662 v08,
2271 579 2389 663 qui

337 669 408 732 in
461 689 534 732 re
588 689 720 732 non
775 667 1197 750 interfuistis,
1251 687 1516 732 causam
1574 688 1705 730 una
1759 687 1906 731 cum
1962 666 2207 769 populo
2254 667 2386 732 Ro·
2417 682 2448 724 ⁵

337 778 531 822 mano
588 755 1010 840 cognoscitis,
1076 756 1301 820 dicunt
1354 758 1610 839 contra,
1678 754 1911 839 quibus
1969 754 2385 820 invitissimis

335 845 735 928 imperatum
790 847 917 927 est,
973 843 1223 926 dicunt,
1282 844 1394 929 qui
1450 865 1528 908 ex
1589 843 1768 928 agris
1825 864 1904 907 ex
1950 841 2063 909 Gn.
2108 842 2389 926 Pompei

339 931 599 998 decreto
640 931 944 997 decedere
983 936 1136 996 sunt
1171 932 1402 1015 coacti,
1439 931 1678 1013 dicunt,
1725 931 1837 1015 qui
1875 953 1953 996 ex
1989 930 2151 996 belli
2189 931 2387 998 caede

339 1024 407 1085 et
452 1020 613 1106 fuga
656 1041 831 1084 nunc
875 1019 1159 1105 primum
1207 1021 1450 1085 audent
1496 1024 1726 1085 contra
1768 1018 1854 1084 M.
1897 1019 2241 1086 Fonteium
2287 1020 2389 1085 in-

340 1130 585 1172 ermem
650 1109 1024 1174 consistere.
1135 1106 1349 1184 Quid?
1417 1108 1634 1174 coloni
1697 1106 2161 1174 Narbonenses
2229 1109 2390 1193 quid
2423 1127 2480 1166 ιο

339 1195 588 1277 volunt,
628 1197 783 1280 quid
820 1197 1247 1262 existimant?
1323 1195 1516 1262 Hunc
1554 1218 1673 1280 per
1707 1217 1826 1261 vos
1864 1198 2112 1278 volunt,
2159 1217 2228 1262 se
2265 1219 2389 1280 per

337 1284 513 1350 hunc
568 1285 924 1350 incolumes
972 1285 1354 1350 existimant
1401 1305 1559 1350 esse.
1651 1283 1819 1359 Quid
1864 1281 2388 1350 Massiliensium

340 1373 613 1438 civitas?
687 1372 881 1439 Hunc
925 1377 1339 1458 praesentem
1383 1372 1468 1438 iis
1516 1372 1755 1438 adfecit
1790 1371 2170 1458 honoribus,
2217 1395 2387 1458 quos

340 1461 571 1526 habuit
617 1461 1085 1545 amplissimos3
1131 1484 1243 1527 vos
1293 1465 1514 1526 autem
1563 1461 1798 1526 absens
1837 1466 1983 1526 orat
2028 1467 2223 1545 atque
2271 1463 2387 1527 ob·

340 1553 571 1630 secrat,
607 1555 683 1614 ut
720 1571 839 1614 sua
876 1551 1129 1636 religio,
1167 1549 1480 1631 laudatio,
1529 1549 1884 1614 auctoritas
1925 1550 2171 1634 aliquid
2209 1552 2387 1634 apud
2420 1568 2475 1609 1⁵

241 1653 301 1702 15
338 1643 591 1703 vestros
622 1638 876 1704 animos
914 1639 1231 1703 momenti
1275 1638 1582 1703 habuisse
1620 1638 1934 1703 videatur.
2009 1641 2098 1720 [5]
2168 1637 2386 1714 Quid?

340 1727 579 1791 civium
615 1725 1062 1792 Romanorum
1110 1747 1279 1812 quae
1322 1727 1628 1792 voluntas
1675 1726 1821 1792 est?
1895 1725 2106 1791 Nemo
2155 1731 2257 1792 est
2303 1749 2388 1793 ex

338 1818 526 1880 tanto
568 1836 859 1893 numer0‚
906 1815 1066 1900 quin
1109 1815 1284 1880 hunc
1322 1814 1569 1898 optime
1619 1814 1696 1879 de
1733 1815 2087 1898 provincia,
2134 1815 2212 1880 de
2257 1816 2388 1880 im-

340 1903 549 1987 peri0,
613 1903 691 1968 de
748 1902 941 1969 sociis
998 1907 1065 1969 et
1126 1903 1376 1969 civibus
1432 1903 1741 1969 meritum
1801 1924 1944 1968 esse
2007 1903 2388 1972 arbitretur.

260 1994 297 2057 7
340 1993 441 2074 [3]
498 1989 820 2067 Quoniam
866 1992 1071 2078 igitur
1116 1992 1374 2076 videtis,
1420 1992 1531 2076 qui
1576 1995 2028 2076 oppugnatum
2076 1992 2164 2060 M.
2213 1993 2383 2059 Fon·
2417 2010 2476 2051 20

338 2080 571 2164 teium,
626 2082 989 2166 cognostiS,
1038 2081 1150 2164 qui
1197 2080 1536 2146 defensum
1582 2081 1815 2163 velint,
1872 2082 2144 2145 statuite
2189 2102 2386 2164 nunc,

340 2168 495 2253 quid
554 2172 773 2233 vestra
840 2169 1163 2253 aequitas,
1232 2169 1388 2253 quid
1451 2168 1678 2252 populi
1742 2168 2023 2233 Romani
2089 2169 2384 2255 dignitas

337 2256 649 2341 postulet,
694 2261 918 2321 utrum
955 2258 1203 2322 colonis
1240 2256 1502 2340 vestriS,
1544 2258 2074 2343 negotiatoribus
2121 2259 2385 2341 vestriS,

340 2346 752 2410 amicissimis
813 2349 1009 2430 atque
1073 2345 1546 2430 antiquissimis
1611 2345 1805 2410 sociis
1865 2349 1934 2410 et
1994 2345 2252 2411 credere
2314 2352 2386 2412 et

338 2434 675 2498 consulere
712 2434 961 2499 malitis
1008 2456 1093 2498 an
1137 2434 1238 2518 iis,
1285 2432 1520 2519 quibus
1566 2454 1776 2519 neque
1821 2437 2092 2517 propter
2125 2434 2386 2499 iracun-
2417 2454 2473 2495 25

340 2520 514 2585 diam
569 2521 764 2585 fidem
810 2544 1018 2606 neque
1074 2525 1342 2604 propter
1394 2522 1852 2587 infidelitatem
1906 2522 2220 2587 honorem
2267 2522 2388 2587 ha-

234 2624 300 2673 16
339 2610 494 2674 bere
538 2609 807 2674 debetis,
901 2612 989 2692 [6]
1066 2609 1278 2686 Quid?
1324 2609 1380 2675 si
1425 2610 1738 2675 maiorem
1787 2610 1987 2675 etiam
2034 2609 2383 2677 hominum

338 2697 952 2763 honestissimorum
1008 2699 1264 2783 copiam
1321 2698 1638 2781 adferam,
1695 2720 1860 2783 quae
1905 2698 2099 2763 huius
2143 2699 2382 2766 virtuti

340 2789 535 2870 atque
571 2786 978 2852 innocentiae
1014 2787 1395 2852 testimonio
1433 2786 1646 2872 possit
1685 2808 1842 2870 esse,
1886 2791 2192 2853 tamenne
2226 2788 2381 2873 plus

341 2873 683 2940 Gallorum
722 2875 1060 2940 consensio
1097 2875 1347 2939 valebit
1393 2898 1590 2958 quam
1631 2897 1926 2940 summae
1964 2875 2382 2943 auctoritatis
2413 2894 2472 2935 ³0

338 2962 721 3027 hominum?
816 2962 981 3029 Cum
1046 2961 1300 3028 Galliae
1365 2962 1676 3028 Fonteius
1741 2967 2100 3049 praeesset,
2167 2965 2382 3049 scitiS,

337 3051 581 3117 iudices
591 3103 608 3136 ,
655 3052 976 3117 maximos
1030 3053 1260 3136 populi
1305 3051 1586 3116 Romani
1636 3052 1954 3117 exercitus
2007 3053 2078 3117 in
2124 3052 2380 3119 duabus

337 3138 678 3223 Hispaniis
744 3140 1274 3225 clarissimosque
1336 3139 1765 3224 imperatores
1829 3139 2051 3206 fuisse.
2163 3139 2380 3217 Quam

337 3228 532 3293 multi
588 3228 837 3311 equites
895 3228 1203 3306 Romani,
1264 3250 1462 3311 quam
1517 3229 1712 3293 multi
1767 3228 2018 3294 tribuni
2071 3230 2378 3311 militum,

339 3316 565 3398 quales
628 3320 694 3379 et
752 3319 913 3399 quot
978 3319 1044 3379 et
1104 3316 1405 3399 quotiens
1469 3316 1676 3403 legati
1736 3317 1818 3382 ad
1879 3338 1990 3382 eos
2053 3318 2379 3383 eximat!
2409 3335 2465 3377 35

338 3402 680 3467 Exercitus
727 3407 1067 3487 praeterea
1108 3402 1222 3468 Cn.
1261 3404 1534 3490 Pompei
1581 3404 1902 3470 maximus
1951 3408 2146 3507 atque
2183 3428 2378 3473 orna·

338 3490 633 3555 tissimus
698 3490 1013 3559 hiemavit
1087 3490 1156 3555 in
1224 3491 1440 3557 Gallia
1503 3492 1588 3559 M.
1651 3491 1923 3560 Fonteio
1989 3494 2379 3581 imperante.
