2534 3875
885 170 1036 228 CAP.
1076 180 1216 228 4-—6
1255 179 1286 240 g
1324 179 1517 231 8—14.
2066 176 2203 242 253

173 338 314 382 uno
376 315 637 382 homine
707 337 962 382 summa
1025 317 1204 383 salus
1257 318 1684 403 periclitanda
1740 320 1836 384 rei
1889 320 2205 404 publicae.

171 405 506 481 Quamdiu
559 404 722 469 mihi
766 406 1016 470 consuli
1063 405 1406 492 designato
1417 457 1434 491 ,
1491 405 1803 490 Catilina,
1858 409 2204 474 insidiatus

173 516 281 577 es,
340 515 471 558 non
523 493 782 577 publico
840 516 944 559 me
988 495 1340 595 praesidiO,
1402 491 1513 560 sed
1560 496 1821 581 privata
1866 497 2207 583 diligentia

173 581 457 647 defendi.
529 579 692 646 Cum
735 582 1048 668 proximis
1093 583 1375 648 comitiis
1420 585 1869 650 consularibus
1916 607 2019 650 me
2056 607 2206 651 con-

107 687 140 729 ε
173 671 394 736 sulem
452 670 524 734 in
571 691 798 771 campo
853 674 922 736 et
981 671 1439 757 competitores
1494 676 1643 738 tuos
1690 673 2053 738 interficere
2098 695 2207 738 vo-

169 758 384 842 luisti,
421 758 775 842 compressi
811 763 1082 824 conatus
1119 765 1271 824 tuos
1306 760 1591 826 nefarios
1630 761 1987 826 amicorum
2023 783 2207 846 prae-

171 847 354 913 sidio
381 851 450 912 et
476 846 680 930 copiis
706 847 887 912 nullo
916 848 1202 912 tumultu
1229 848 1487 932 publice
1515 849 1867 933 concitat03
1916 850 2209 934 denique,

172 934 761 1020 quotienscumque
805 957 909 1002 me
917 936 1188 1038 petisti,
1233 959 1351 1020 per
1388 959 1488 1002 me
1525 937 1651 1002 tibi
1686 900 1939 1012 obsti’ti,
1988 960 2208 1022 quam-

173 1045 380 1109 quam
417 1023 715 1088 videbam
751 1023 1100 1107 perniciem
1137 1046 1353 1090 meam
1390 1047 1535 1090 eum
1563 1047 1805 1112 magna
1832 1026 2207 1092 calamitate

77 1131 142 1172 ιο
169 1112 280 1178 rei
335 1111 633 1194 publicae
679 1133 821 1176 esse
865 1113 1295 1178 coniunctam.
1385 1112 1577 1179 Nunc
1621 1115 1753 1180 iam
1800 1119 2023 1200 aperte
2069 1136 2207 1180 rem

169 1199 515 1287 publicam
550 1200 918 1266 universam
946 1201 1134 1286 petis,
1171 1201 1421 1302 templa
1450 1201 1716 1268 deorum
1742 1202 2209 1286 inmortalium,

169 1292 362 1355 tecta
415 1287 623 1372 urbis,
677 1288 879 1354 vitam
926 1289 1214 1355 omnium
1261 1289 1524 1374 civium,
1569 1290 1831 1356 Italiam
1880 1292 2207 1375 [denique]

167 1381 399 1444 totam
435 1376 518 1442 ad
558 1376 826 1441 exitium
863 1381 930 1442 et
956 1377 1333 1443 vastitatem
1361 1399 1571 1444 vocas,
1634 1377 1867 1460 Quare,
1904 1380 2209 1465 quoniam

170 1466 280 1549 id,
338 1465 510 1549 quod
556 1468 655 1530 est
700 1465 1010 1549 primum,
1057 1469 1125 1532 et
1171 1466 1341 1550 quod
1388 1466 1580 1531 huius
1626 1467 1885 1553 imperii
1932 1468 2211 1552 discipli-

79 1573 140 1615 15
169 1575 437 1637 naeque
481 1553 800 1618 maiorum
844 1554 1182 1638 proprium
1221 1558 1349 1638 est,
1395 1554 1608 1620 facere
1653 1555 1938 1620 nondum
1986 1557 2211 1641 audeo,

168 1643 422 1710 faciam
465 1641 550 1725 id,
597 1642 768 1726 quod
811 1646 914 1707 est
960 1642 1043 1707 ad
1087 1642 1503 1708 severitatem
1550 1643 1761 1708 lenius
1808 1648 1875 1709 et
1923 1645 2003 1709 ad
2040 1666 2210 1710 com-

171 1751 449 1798 munem
505 1731 783 1796 salutem
835 1730 1079 1796 utilius.
1169 1730 1342 1796 Nam
1399 1733 1456 1795 si
1510 1735 1577 1796 te
1621 1732 1900 1798 interfici
1943 1733 2211 1817 iussere,

171 1818 499 1884 residebit
551 1818 622 1882 in
672 1840 743 1883 re
797 1818 1062 1902 publica
1116 1820 1367 1904 reliqua
1421 1819 1907 1885 coniuratorum
1952 1842 2212 1906 manus;

171 1909 292 1974 sin
327 1912 420 1991 tu,
455 1906 628 1992 quod
662 1910 730 1973 te
766 1907 899 1973 iam
938 1907 1177 1973 dudum
1219 1908 1472 1993 hortor,
1510 1908 1760 1993 exieris,
1798 1909 2212 1976 exhaurietur

73 2017 140 2059 80
170 2020 264 2063 ex
311 1997 470 2061 urbe
514 2000 775 2063 tuorum
821 1997 1132 2062 comitum
1169 2018 1410 2083 magna
1453 2001 1521 2062 et
1558 1998 1920 2081 perniciosa
1958 1999 2213 2064 sentina

169 2086 281 2151 rei
329 2084 646 2170 publicae.
736 2085 905 2162 Quid
952 2089 1074 2169 est,
1117 2084 1440 2151 Catilina?
1486 2108 1644 2150 num
1690 2086 1950 2151 dubitas
1996 2087 2062 2150 id
2109 2109 2213 2151 me

170 2176 552 2259 imperante
583 2173 814 2257 facere,
851 2174 1025 2258 quod
1051 2174 1183 2239 iam
1211 2178 1329 2239 tua
1356 2178 1589 2259 sponte
1616 2174 1905 2239 faciebas
1922 2175 1956 2239 ?
2012 2174 2211 2240 Exire

171 2286 266 2328 ex
311 2262 472 2327 urbe
517 2261 699 2327 iubet
745 2262 969 2327 consul
1014 2262 1290 2327 hostem.
1361 2261 1738 2349 Interrogas
1784 2286 1907 2346 me,
1950 2285 2107 2328 num
2144 2264 2214 2329 in

172 2350 488 2435 exilium3
535 2372 668 2415 non
704 2350 923 2434 iubeo,
969 2351 1100 2432 sed,
1139 2350 1196 2415 si
1234 2372 1337 2416 me
1375 2351 1677 2434 consulis,
1714 2352 1971 2417 suadeo.
2046 2350 2213 2427 Quid

73 2458 138 2501 2⁵
171 2445 292 2505 est
339 2439 528 2521 enim,
555 2436 876 2522 Catilina,
922 2439 1096 2523 quod
1141 2443 1209 2503 te
1255 2441 1389 2503 iam
1434 2439 1504 2503 in
1537 2438 1663 2503 hae
1699 2440 1857 2503 urbe
1893 2441 2213 2506 delectare

169 2526 445 2613 possit?
499 2527 569 2591 in
623 2549 755 2610 qua
807 2548 998 2592 nemo
1053 2530 1156 2592 est
1209 2530 1396 2592 extra
1447 2528 1646 2592 istam
1700 2528 2213 2593 coniurationem

168 2614 591 2701 perditorum
636 2615 1004 2700 hominum,
1061 2616 1174 2700 qui
1218 2621 1286 2680 te
1330 2636 1463 2681 non
1509 2620 1783 2698 metuat,
1836 2638 2056 2701 nem0,
2104 2619 2215 2703 qui

165 2726 324 2770 non
384 2702 609 2768 oderit.
711 2702 887 2779 Quae
944 2707 1104 2769 nota
1155 2704 1548 2769 domesticae
1600 2667 2056 2789 turpitudinis
2080 2727 2214 2771 non

167 2794 412 2858 inusta
454 2791 629 2857 vitae
663 2796 816 2857 tuae
853 2791 996 2859 est?
1043 2792 1214 2876 quod
1251 2793 1654 2877 privatarum
1689 2815 1905 2858 rerum
1943 2794 2213 2859 dedecus

69 2901 136 2943 so
167 2902 327 2947 non
372 2879 660 2944 haeret
641 2902 710 2943 in
753 2880 972 2945 fama?
1021 2902 1185 2965 quae
1230 2881 1455 2946 lubido
1502 2881 1585 2946 ab
1633 2882 1874 2965 oculis,¹
1900 2882 2072 2966 quod
2117 2882 2214 2947 fa-

167 2970 376 3037 cinus
423 2990 464 3033 a
507 2967 805 3033 manibus
851 2990 1160 3053 umquam
1203 2969 1355 3053 tuis,
1402 2970 1573 3053 quod
1618 2970 1938 3055 flagitium
1985 2993 2024 3035 a
2070 2975 2211 3036 toto

170 3077 466 3143 corpore
493 3056 700 3121 afuit?
731 3057 834 3121 cui
861 3060 936 3122 tu
956 3057 1459 3142 adulescentulo,
1490 3079 1681 3142 quem
1697 3058 2213 3143 corruptelarum

166 3144 536 3213 inlecebris
582 3145 935 3230 inretisses,
981 3168 1112 3211 non
1159 3150 1274 3211 aut
1322 3146 1403 3211 ad
1450 3146 1785 3212 audaciam
1820 3147 2061 3211 ferrum
2100 3151 2214 3211 aut

171 3235 272 3301 ad
340 3233 694 3299 lubidinem
748 3234 955 3299 facem
1010 3234 1426 3318 praetulisti?
1526 3234 1695 3311 Quid
1750 3235 1947 3299 vero?
2007 3256 2214 3319 nuper

73 3342 136 3385 ³5
171 3344 342 3389 cum
418 3326 628 3386 morte
693 3322 1045 3407 superioris
1107 3324 1329 3388 uxoris
1392 3322 1579 3388 novis
1642 3322 1888 3407 nuptiis
1952 3323 2214 3388 domum

169 3408 679 3494 vacuefecisses,
721 3432 934 3476 nonne
981 3411 1179 3476 etiam
1226 3412 1356 3476 alio
1403 3411 1763 3475 incredibili
1808 3411 2045 3476 scelere
2089 3411 2215 3477 hoc

171 3500 408 3567 scelus
481 3498 871 3565 cumulasti?
947 3499 1119 3585 quod
1193 3521 1315 3585 ego
1377 3500 1831 3585 praetermitto
1896 3503 1964 3564 et
2023 3498 2213 3566 facile

2249 1131 2313 1182 18

2253 2103 2317 2154 13

2251 2354 2292 2419 6
2355 2444 2365 2451 .

2254 3251 2317 3299 14
