<?xml version="1.0" encoding="UTF-8"?>
<!DOCTYPE html PUBLIC "-//W3C//DTD XHTML 1.0 Transitional//EN"
    "http://www.w3.org/TR/xhtml1/DTD/xhtml1-transitional.dtd">
<html xmlns="http://www.w3.org/1999/xhtml" xml:lang="en" lang="en">
 <head>
  <title>
</title>
<meta http-equiv="Content-Type" content="text/html;charset=utf-8" />
  <meta name='ocr-system' content='tesseract 3.04.00' />
  <meta name='ocr-capabilities' content='ocr_page ocr_carea ocr_par ocr_line ocrx_word'/>
</head>
<body>
  <div class='ocr_page' id='page_1' title='image "./scriptaquaemans03mlgoog_0305.png"; bbox 0 0 2534 3875; ppageno 0'>
   <div class='ocr_carea' id='block_1_1' title="bbox 781 151 2207 218">
    <p class='ocr_par' dir='ltr' id='par_1_1' title="bbox 781 151 2207 218">
     <span class='ocr_line' id='line_1_1' title="bbox 781 151 2207 218; baseline 0.006 -11"><span class='ocrx_word' id='word_1_1' title='bbox 781 151 936 207; x_wconf 83' lang='lat' dir='ltr'>CAP.</span> <span class='ocrx_word' id='word_1_2' title='bbox 976 158 1187 207; x_wconf 81' lang='lat'><strong>61—63</strong></span> <span class='ocrx_word' id='word_1_3' title='bbox 1227 158 1256 218; x_wconf 65' lang='grc' dir='ltr'><strong>ς</strong></span> <span class='ocrx_word' id='word_1_4' title='bbox 1299 158 1597 207; x_wconf 78' lang='lat'>171-176.</span> <span class='ocrx_word' id='word_1_5' title='bbox 2080 151 2207 216; x_wconf 82' lang='lat'>167</span> 
     </span>
    </p>
   </div>
   <div class='ocr_carea' id='block_1_2' title="bbox 109 295 2327 3556">
    <p class='ocr_par' dir='ltr' id='par_1_2' title="bbox 176 295 2316 647">
     <span class='ocr_line' id='line_1_2' title="bbox 305 295 2316 381; baseline -0 -19"><span class='ocrx_word' id='word_1_6' title='bbox 305 295 472 362; x_wconf 85' lang='lat' dir='ltr'>Cum</span> <span class='ocrx_word' id='word_1_7' title='bbox 512 318 720 381; x_wconf 87' lang='lat' dir='ltr'>vagus</span> <span class='ocrx_word' id='word_1_8' title='bbox 760 300 825 361; x_wconf 89' lang='lat' dir='ltr'>et</span> <span class='ocrx_word' id='word_1_9' title='bbox 863 297 1045 361; x_wconf 89' lang='lat' dir='ltr'>exsul</span> <span class='ocrx_word' id='word_1_10' title='bbox 1085 300 1333 361; x_wconf 89' lang='lat' dir='ltr'>erraret</span> <span class='ocrx_word' id='word_1_11' title='bbox 1361 300 1556 380; x_wconf 90' lang='lat' dir='ltr'>atque</span> <span class='ocrx_word' id='word_1_12' title='bbox 1586 296 1867 380; x_wconf 90' lang='lat' dir='ltr'>undique</span> <span class='ocrx_word' id='word_1_13' title='bbox 1896 297 2191 361; x_wconf 86' lang='lat' dir='ltr'>exclusus</span> <span class='ocrx_word' id='word_1_14' title='bbox 2214 312 2316 363; x_wconf 75' lang='lat'>175</span> 
     </span>
     <span class='ocr_line' id='line_1_3' title="bbox 178 382 2213 470; baseline 0 -21"><span class='ocrx_word' id='word_1_15' title='bbox 178 384 570 470; x_wconf 78' lang='lat' dir='ltr'>Oppianicus</span> <span class='ocrx_word' id='word_1_16' title='bbox 626 386 697 448; x_wconf 89' lang='lat' dir='ltr'>in</span> <span class='ocrx_word' id='word_1_17' title='bbox 750 383 1100 449; x_wconf 85' lang='lat' dir='ltr'><strong>Falernum</strong></span> <span class='ocrx_word' id='word_1_18' title='bbox 1157 406 1226 449; x_wconf 91' lang='lat' dir='ltr'>se</span> <span class='ocrx_word' id='word_1_19' title='bbox 1284 385 1366 449; x_wconf 90' lang='lat' dir='ltr'>ad</span> <span class='ocrx_word' id='word_1_20' title='bbox 1421 384 1496 448; x_wconf 90' lang='lat' dir='ltr'>L.</span> <span class='ocrx_word' id='word_1_21' title='bbox 1551 382 1926 459; x_wconf 81' lang='lat' dir='ltr'>Quinctium</span> <span class='ocrx_word' id='word_1_22' title='bbox 1986 390 2213 449; x_wconf 86' lang='lat' dir='ltr'>contu·</span> 
     </span>
     <span class='ocr_line' id='line_1_4' title="bbox 176 472 2211 557; baseline 0 -20"><span class='ocrx_word' id='word_1_23' title='bbox 176 474 386 556; x_wconf 90' lang='lat' dir='ltr'>lisset,</span> <span class='ocrx_word' id='word_1_24' title='bbox 447 474 544 537; x_wconf 91' lang='lat' dir='ltr'>ibi</span> <span class='ocrx_word' id='word_1_25' title='bbox 599 474 883 557; x_wconf 83' lang='lat' dir='ltr'>primum</span> <span class='ocrx_word' id='word_1_26' title='bbox 940 473 1010 537; x_wconf 92' lang='lat' dir='ltr'>in</span> <span class='ocrx_word' id='word_1_27' title='bbox 1063 474 1365 541; x_wconf 89' lang='lat' dir='ltr'>morbum</span> <span class='ocrx_word' id='word_1_28' title='bbox 1420 473 1647 537; x_wconf 75' lang='lat' dir='ltr'>incidit</span> <span class='ocrx_word' id='word_1_29' title='bbox 1693 495 1768 537; x_wconf 89' lang='lat' dir='ltr'>ac</span> <span class='ocrx_word' id='word_1_30' title='bbox 1816 473 1974 537; x_wconf 89' lang='lat' dir='ltr'>satis</span> <span class='ocrx_word' id='word_1_31' title='bbox 2021 472 2211 537; x_wconf 82' lang='lat' dir='ltr'>vehe-</span> 
     </span>
     <span class='ocr_line' id='line_1_5' title="bbox 181 558 2211 647; baseline 0 -22"><span class='ocrx_word' id='word_1_32' title='bbox 181 565 428 626; x_wconf 89' lang='lat' dir='ltr'>menter</span> <span class='ocrx_word' id='word_1_33' title='bbox 476 562 712 645; x_wconf 88' lang='lat' dir='ltr'>diuque</span> <span class='ocrx_word' id='word_1_34' title='bbox 759 562 1146 647; x_wconf 75' lang='lat' dir='ltr'>aegrotavit.</span> <span class='ocrx_word' id='word_1_35' title='bbox 1232 558 1398 625; x_wconf 85' lang='lat' dir='ltr'>Cum</span> <span class='ocrx_word' id='word_1_36' title='bbox 1447 565 1621 625; x_wconf 88' lang='lat' dir='ltr'>esset</span> <span class='ocrx_word' id='word_1_37' title='bbox 1666 583 1797 625; x_wconf 91' lang='lat' dir='ltr'>una</span> <span class='ocrx_word' id='word_1_38' title='bbox 1844 558 2063 625; x_wconf 83' lang='lat' dir='ltr'>Sassia</span> <span class='ocrx_word' id='word_1_39' title='bbox 2110 582 2211 625; x_wconf 85' lang='lat' dir='ltr'>ea-</span> 
     </span>
    </p>

    <p class='ocr_par' dir='ltr' id='par_1_3' title="bbox 109 648 2327 3556">
     <span class='ocr_line' id='line_1_6' title="bbox 129 648 2211 733; baseline -0.001 -20"><span class='ocrx_word' id='word_1_40' title='bbox 129 666 298 731; x_wconf 66' lang='lat' dir='ltr'>sque</span> <span class='ocrx_word' id='word_1_41' title='bbox 345 648 490 714; x_wconf 84' lang='lat' dir='ltr'>Sex.</span> <span class='ocrx_word' id='word_1_42' title='bbox 537 648 735 714; x_wconf 88' lang='lat' dir='ltr'>Albio</span> <span class='ocrx_word' id='word_1_43' title='bbox 794 650 1073 733; x_wconf 87' lang='lat' dir='ltr'>quodam</span> <span class='ocrx_word' id='word_1_44' title='bbox 1135 649 1393 731; x_wconf 92' lang='lat' dir='ltr'>colon0,</span> <span class='ocrx_word' id='word_1_45' title='bbox 1447 648 1711 713; x_wconf 91' lang='lat' dir='ltr'>homine</span> <span class='ocrx_word' id='word_1_46' title='bbox 1769 649 2044 731; x_wconf 82' lang='lat' dir='ltr'>valenti,</span> <span class='ocrx_word' id='word_1_47' title='bbox 2100 648 2211 731; x_wconf 89' lang='lat' dir='ltr'>qui</span> 
     </span>
     <span class='ocr_line' id='line_1_7' title="bbox 181 736 2211 822; baseline 0 -22"><span class='ocrx_word' id='word_1_48' title='bbox 181 737 370 801; x_wconf 90' lang='lat' dir='ltr'>simul</span> <span class='ocrx_word' id='word_1_49' title='bbox 419 759 561 802; x_wconf 89' lang='lat' dir='ltr'>esse</span> <span class='ocrx_word' id='word_1_50' title='bbox 609 738 886 821; x_wconf 80' lang='lat' dir='ltr'>solebat,</span> <span class='ocrx_word' id='word_1_51' title='bbox 931 736 1319 801; x_wconf 89' lang='lat' dir='ltr'>familiarius</span> <span class='ocrx_word' id='word_1_52' title='bbox 1359 740 1668 822; x_wconf 91' lang='lat' dir='ltr'>uteretur,</span> <span class='ocrx_word' id='word_1_53' title='bbox 1716 760 1909 822; x_wconf 91' lang='lat' dir='ltr'>quam</span> <span class='ocrx_word' id='word_1_54' title='bbox 1949 738 2050 800; x_wconf 86' lang='lat' dir='ltr'>vir</span> <span class='ocrx_word' id='word_1_55' title='bbox 2088 736 2211 801; x_wconf 92' lang='lat' dir='ltr'>dis-</span> 
     </span>
     <span class='ocr_line' id='line_1_8' title="bbox 181 824 2212 910; baseline -0 -21"><span class='ocrx_word' id='word_1_56' title='bbox 181 826 620 891; x_wconf 86' lang='lat' dir='ltr'>solutissimus</span> <span class='ocrx_word' id='word_1_57' title='bbox 666 824 979 891; x_wconf 87' lang='lat' dir='ltr'>incolumi</span> <span class='ocrx_word' id='word_1_58' title='bbox 1023 825 1291 890; x_wconf 87' lang='lat' dir='ltr'>fortuna</span> <span class='ocrx_word' id='word_1_59' title='bbox 1335 825 1475 909; x_wconf 88' lang='lat' dir='ltr'>pati</span> <span class='ocrx_word' id='word_1_60' title='bbox 1521 830 1764 910; x_wconf 89' lang='lat' dir='ltr'>posset,</span> <span class='ocrx_word' id='word_1_61' title='bbox 1810 829 1875 889; x_wconf 89' lang='lat' dir='ltr'>et</span> <span class='ocrx_word' id='word_1_62' title='bbox 1911 825 2012 889; x_wconf 90' lang='lat' dir='ltr'>ius</span> <span class='ocrx_word' id='word_1_63' title='bbox 2051 824 2212 889; x_wconf 88' lang='lat' dir='ltr'>illud</span> 
     </span>
     <span class='ocr_line' id='line_1_9' title="bbox 181 913 2215 997; baseline -0.001 -19"><span class='ocrx_word' id='word_1_64' title='bbox 181 914 579 979; x_wconf 86' lang='lat' dir='ltr'>matrimonii</span> <span class='ocrx_word' id='word_1_65' title='bbox 641 917 890 979; x_wconf 88' lang='lat' dir='ltr'>castum</span> <span class='ocrx_word' id='word_1_66' title='bbox 954 918 1148 997; x_wconf 89' lang='lat' dir='ltr'>atque</span> <span class='ocrx_word' id='word_1_67' title='bbox 1205 914 1577 997; x_wconf 82' lang='lat' dir='ltr'>legitimum</span> <span class='ocrx_word' id='word_1_68' title='bbox 1624 913 2041 978; x_wconf 86' lang='lat' dir='ltr'>damnatione</span> <span class='ocrx_word' id='word_1_69' title='bbox 2086 913 2215 978; x_wconf 84' lang='lat' dir='ltr'>viri</span> 
     </span>
     <span class='ocr_line' id='line_1_10' title="bbox 182 999 2215 1087; baseline 0 -22"><span class='ocrx_word' id='word_1_70' title='bbox 182 1003 512 1068; x_wconf 89' lang='lat' dir='ltr'>sublatum</span> <span class='ocrx_word' id='word_1_71' title='bbox 553 1002 1002 1087; x_wconf 84' lang='lat' dir='ltr'>arbitraretur,</span> <span class='ocrx_word' id='word_1_72' title='bbox 1047 1001 1466 1066; x_wconf 82' lang='lat' dir='ltr'>Nicostratus</span> <span class='ocrx_word' id='word_1_73' title='bbox 1506 1002 1787 1085; x_wconf 89' lang='lat' dir='ltr'>quidam,</span> <span class='ocrx_word' id='word_1_74' title='bbox 1832 1002 2044 1066; x_wconf 88' lang='lat' dir='ltr'>fidelis</span> <span class='ocrx_word' id='word_1_75' title='bbox 2081 999 2215 1084; x_wconf 93' lang='lat' dir='ltr'>Op-</span> 
     </span>
     <span class='ocr_line' id='line_1_11' title="bbox 109 1090 2215 1175; baseline -0 -21"><span class='ocrx_word' id='word_1_76' title='bbox 109 1108 156 1145; x_wconf 88' lang='lat'>10</span> <span class='ocrx_word' id='word_1_77' title='bbox 182 1091 421 1174; x_wconf 87' lang='lat' dir='ltr'>pianici</span> <span class='ocrx_word' id='word_1_78' title='bbox 469 1092 761 1155; x_wconf 88' lang='lat' dir='ltr'>servolus</span> <span class='ocrx_word' id='word_1_79' title='bbox 808 1092 1217 1175; x_wconf 84' lang='lat' dir='ltr'>percuriosus</span> <span class='ocrx_word' id='word_1_80' title='bbox 1257 1094 1326 1153; x_wconf 92' lang='lat' dir='ltr'>et</span> <span class='ocrx_word' id='word_1_81' title='bbox 1363 1091 1628 1155; x_wconf 88' lang='lat' dir='ltr'>minime</span> <span class='ocrx_word' id='word_1_82' title='bbox 1664 1091 1959 1173; x_wconf 87' lang='lat' dir='ltr'>mendax,</span> <span class='ocrx_word' id='word_1_83' title='bbox 2004 1090 2215 1154; x_wconf 86' lang='lat' dir='ltr'>multa</span> 
     </span>
     <span class='ocr_line' id='line_1_12' title="bbox 183 1177 2216 1263; baseline 0 -21"><span class='ocrx_word' id='word_1_84' title='bbox 183 1180 422 1243; x_wconf 89' lang='lat' dir='ltr'>dicitur</span> <span class='ocrx_word' id='word_1_85' title='bbox 461 1178 724 1244; x_wconf 90' lang='lat' dir='ltr'>domino</span> <span class='ocrx_word' id='word_1_86' title='bbox 763 1180 1134 1243; x_wconf 84' lang='lat' dir='ltr'>renuntiare</span> <span class='ocrx_word' id='word_1_87' title='bbox 1174 1178 1408 1243; x_wconf 88' lang='lat' dir='ltr'>solitus</span> <span class='ocrx_word' id='word_1_88' title='bbox 1448 1200 1607 1244; x_wconf 89' lang='lat' dir='ltr'>esse.</span> <span class='ocrx_word' id='word_1_89' title='bbox 1679 1179 1940 1244; x_wconf 86' lang='lat' dir='ltr'>Interea</span> <span class='ocrx_word' id='word_1_90' title='bbox 1977 1177 2216 1263; x_wconf 87' lang='lat' dir='ltr'>Oppia·</span> 
     </span>
     <span class='ocr_line' id='line_1_13' title="bbox 180 1267 2216 1351; baseline -0 -19"><span class='ocrx_word' id='word_1_91' title='bbox 180 1268 363 1332; x_wconf 89' lang='lat' dir='ltr'>nicus</span> <span class='ocrx_word' id='word_1_92' title='bbox 453 1288 599 1331; x_wconf 92' lang='lat' dir='ltr'>cum</span> <span class='ocrx_word' id='word_1_93' title='bbox 681 1268 813 1332; x_wconf 89' lang='lat' dir='ltr'>iam</span> <span class='ocrx_word' id='word_1_94' title='bbox 887 1267 1371 1332; x_wconf 81' lang='lat' dir='ltr'>convalesceret</span> <span class='ocrx_word' id='word_1_95' title='bbox 1440 1288 1649 1350; x_wconf 89' lang='lat' dir='ltr'>neque</span> <span class='ocrx_word' id='word_1_96' title='bbox 1722 1267 2216 1351; x_wconf 88' lang='lat' dir='ltr'>improbitatem</span> 
     </span>
     <span class='ocr_line' id='line_1_14' title="bbox 182 1354 2217 1439; baseline 0 -20"><span class='ocrx_word' id='word_1_97' title='bbox 182 1355 398 1421; x_wconf 86' lang='lat' dir='ltr'>coloni</span> <span class='ocrx_word' id='word_1_98' title='bbox 436 1356 507 1419; x_wconf 92' lang='lat' dir='ltr'>in</span> <span class='ocrx_word' id='word_1_99' title='bbox 540 1354 818 1420; x_wconf 87' lang='lat' dir='ltr'>Falerno</span> <span class='ocrx_word' id='word_1_100' title='bbox 857 1355 1102 1420; x_wconf 87' lang='lat' dir='ltr'>diutius</span> <span class='ocrx_word' id='word_1_101' title='bbox 1137 1354 1310 1419; x_wconf 87' lang='lat' dir='ltr'>ferre</span> <span class='ocrx_word' id='word_1_102' title='bbox 1346 1358 1571 1439; x_wconf 88' lang='lat' dir='ltr'>posset</span> <span class='ocrx_word' id='word_1_103' title='bbox 1608 1359 1675 1419; x_wconf 89' lang='lat' dir='ltr'>et</span> <span class='ocrx_word' id='word_1_104' title='bbox 1711 1355 1839 1419; x_wconf 90' lang='lat' dir='ltr'>huc</span> <span class='ocrx_word' id='word_1_105' title='bbox 1876 1355 1957 1420; x_wconf 89' lang='lat' dir='ltr'>ad</span> <span class='ocrx_word' id='word_1_106' title='bbox 1987 1356 2217 1419; x_wconf 87' lang='lat' dir='ltr'>urbem</span> 
     </span>
     <span class='ocr_line' id='line_1_15' title="bbox 183 1441 2218 1527; baseline -0 -19"><span class='ocrx_word' id='word_1_107' title='bbox 183 1443 513 1525; x_wconf 88' lang='lat' dir='ltr'>profectus</span> <span class='ocrx_word' id='word_1_108' title='bbox 578 1446 750 1507; x_wconf 88' lang='lat' dir='ltr'>esset</span> <span class='ocrx_word' id='word_1_109' title='bbox 815 1441 1100 1527; x_wconf 88' lang='lat' dir='ltr'>(solebat</span> <span class='ocrx_word' id='word_1_110' title='bbox 1165 1444 1336 1507; x_wconf 85' lang='lat' dir='ltr'>enim</span> <span class='ocrx_word' id='word_1_111' title='bbox 1406 1446 1589 1505; x_wconf 84' lang='lat' dir='ltr'>extra</span> <span class='ocrx_word' id='word_1_112' title='bbox 1653 1446 1912 1526; x_wconf 90' lang='lat' dir='ltr'>portam</span> <span class='ocrx_word' id='word_1_113' title='bbox 1969 1442 2218 1527; x_wconf 89' lang='lat' dir='ltr'>aliquid</span> 
     </span>
     <span class='ocr_line' id='line_1_16' title="bbox 111 1530 2216 1615; baseline 0 -20"><span class='ocrx_word' id='word_1_114' title='bbox 111 1546 158 1587; x_wconf 83' lang='lat'>1⁵</span> <span class='ocrx_word' id='word_1_115' title='bbox 183 1532 423 1596; x_wconf 86' lang='lat' dir='ltr'>habere</span> <span class='ocrx_word' id='word_1_116' title='bbox 479 1532 840 1615; x_wconf 89' lang='lat' dir='ltr'>conducti),</span> <span class='ocrx_word' id='word_1_117' title='bbox 894 1532 1200 1597; x_wconf 89' lang='lat' dir='ltr'>cecidisse</span> <span class='ocrx_word' id='word_1_118' title='bbox 1255 1532 1337 1595; x_wconf 90' lang='lat' dir='ltr'>de</span> <span class='ocrx_word' id='word_1_119' title='bbox 1394 1552 1558 1614; x_wconf 88' lang='lat' dir='ltr'>equo</span> <span class='ocrx_word' id='word_1_120' title='bbox 1616 1530 1853 1596; x_wconf 88' lang='lat' dir='ltr'>dicitur</span> <span class='ocrx_word' id='word_1_121' title='bbox 1908 1534 1974 1594; x_wconf 91' lang='lat' dir='ltr'>et</span> <span class='ocrx_word' id='word_1_122' title='bbox 2019 1531 2216 1595; x_wconf 90' lang='lat' dir='ltr'>homo</span> 
     </span>
     <span class='ocr_line' id='line_1_17' title="bbox 182 1618 2218 1702; baseline -0 -19"><span class='ocrx_word' id='word_1_123' title='bbox 182 1620 440 1684; x_wconf 87' lang='lat' dir='ltr'>infirma</span> <span class='ocrx_word' id='word_1_124' title='bbox 511 1620 880 1685; x_wconf 85' lang='lat' dir='ltr'>valetudine</span> <span class='ocrx_word' id='word_1_125' title='bbox 962 1621 1135 1684; x_wconf 91' lang='lat' dir='ltr'>latus</span> <span class='ocrx_word' id='word_1_126' title='bbox 1218 1618 1567 1684; x_wconf 84' lang='lat' dir='ltr'>offendisse</span> <span class='ocrx_word' id='word_1_127' title='bbox 1639 1619 2054 1683; x_wconf 86' lang='lat' dir='ltr'>vehementer</span> <span class='ocrx_word' id='word_1_128' title='bbox 2136 1622 2218 1702; x_wconf 89' lang='lat' dir='ltr'>et,</span> 
     </span>
     <span class='ocr_line' id='line_1_18' title="bbox 182 1706 2216 1792; baseline -0.001 -19"><span class='ocrx_word' id='word_1_129' title='bbox 182 1712 612 1792; x_wconf 85' lang='lat' dir='ltr'>posteaquam</span> <span class='ocrx_word' id='word_1_130' title='bbox 653 1708 736 1773; x_wconf 89' lang='lat' dir='ltr'>ad</span> <span class='ocrx_word' id='word_1_131' title='bbox 771 1708 999 1772; x_wconf 90' lang='lat' dir='ltr'>urbem</span> <span class='ocrx_word' id='word_1_132' title='bbox 1038 1730 1184 1773; x_wconf 89' lang='lat' dir='ltr'>cum</span> <span class='ocrx_word' id='word_1_133' title='bbox 1222 1707 1393 1772; x_wconf 87' lang='lat' dir='ltr'>febri</span> <span class='ocrx_word' id='word_1_134' title='bbox 1420 1708 1687 1791; x_wconf 86' lang='lat' dir='ltr'>venerit,</span> <span class='ocrx_word' id='word_1_135' title='bbox 1726 1708 1948 1790; x_wconf 88' lang='lat' dir='ltr'>paucis</span> <span class='ocrx_word' id='word_1_136' title='bbox 1990 1706 2216 1771; x_wconf 86' lang='lat' dir='ltr'>diebus</span> 
     </span>
     <span class='ocr_line' id='line_1_19' title="bbox 183 1794 2218 1880; baseline -0.002 -19"><span class='ocrx_word' id='word_1_137' title='bbox 183 1818 325 1862; x_wconf 86' lang='lat' dir='ltr'>esse</span> <span class='ocrx_word' id='word_1_138' title='bbox 393 1799 710 1863; x_wconf 80' lang='lat' dir='ltr'>mortuus,</span> <span class='ocrx_word' id='word_1_139' title='bbox 798 1794 1040 1861; x_wconf 88' lang='lat' dir='ltr'>Mortis</span> <span class='ocrx_word' id='word_1_140' title='bbox 1095 1797 1294 1880; x_wconf 89' lang='lat' dir='ltr'>ratio,</span> <span class='ocrx_word' id='word_1_141' title='bbox 1350 1796 1618 1879; x_wconf 78' lang='lat' dir='ltr'>iudiceS,</span> <span class='ocrx_word' id='word_1_142' title='bbox 1674 1795 1811 1859; x_wconf 89' lang='lat' dir='ltr'>eius</span> <span class='ocrx_word' id='word_1_143' title='bbox 1868 1794 2042 1858; x_wconf 87' lang='lat' dir='ltr'>modi</span> <span class='ocrx_word' id='word_1_144' title='bbox 2100 1798 2218 1876; x_wconf 89' lang='lat' dir='ltr'>est,</span> 
     </span>
     <span class='ocr_line' id='line_1_20' title="bbox 183 1881 2218 1968; baseline -0.002 -18"><span class='ocrx_word' id='word_1_145' title='bbox 183 1890 258 1950; x_wconf 91' lang='lat' dir='ltr'>ut</span> <span class='ocrx_word' id='word_1_146' title='bbox 304 1889 420 1952; x_wconf 90' lang='lat' dir='ltr'>aut</span> <span class='ocrx_word' id='word_1_147' title='bbox 465 1884 634 1950; x_wconf 87' lang='lat' dir='ltr'>nihil</span> <span class='ocrx_word' id='word_1_148' title='bbox 678 1885 920 1951; x_wconf 87' lang='lat' dir='ltr'>habeat</span> <span class='ocrx_word' id='word_1_149' title='bbox 968 1884 1353 1968; x_wconf 84' lang='lat' dir='ltr'>suspicionis</span> <span class='ocrx_word' id='word_1_150' title='bbox 1402 1888 1533 1968; x_wconf 89' lang='lat' dir='ltr'>aut,</span> <span class='ocrx_word' id='word_1_151' title='bbox 1580 1884 1638 1949; x_wconf 90' lang='lat' dir='ltr'>si</span> <span class='ocrx_word' id='word_1_152' title='bbox 1686 1882 1841 1967; x_wconf 90' lang='lat' dir='ltr'>quid</span> <span class='ocrx_word' id='word_1_153' title='bbox 1886 1883 2107 1965; x_wconf 87' lang='lat' dir='ltr'>habet,</span> <span class='ocrx_word' id='word_1_154' title='bbox 2150 1881 2218 1947; x_wconf 90' lang='lat' dir='ltr'>id</span> 
     </span>
     <span class='ocr_line' id='line_1_21' title="bbox 112 1951 2327 2079; baseline -0.002 -41"><span class='ocrx_word' id='word_1_155' title='bbox 112 1991 160 2030; x_wconf 85' lang='lat'>20</span> <span class='ocrx_word' id='word_1_156' title='bbox 185 1976 359 2040; x_wconf 84' lang='lat' dir='ltr'>intra</span> <span class='ocrx_word' id='word_1_157' title='bbox 423 1975 706 2059; x_wconf 89' lang='lat' dir='ltr'>parietes</span> <span class='ocrx_word' id='word_1_158' title='bbox 769 1973 838 2038; x_wconf 92' lang='lat' dir='ltr'>in</span> <span class='ocrx_word' id='word_1_159' title='bbox 903 1974 1260 2039; x_wconf 88' lang='lat' dir='ltr'>domestico</span> <span class='ocrx_word' id='word_1_160' title='bbox 1327 1973 1569 2038; x_wconf 90' lang='lat' dir='ltr'>scelere</span> <span class='ocrx_word' id='word_1_161' title='bbox 1624 1976 1939 2038; x_wconf 83' lang='lat' dir='ltr'>versetur.</span> <span class='ocrx_word' id='word_1_162' title='bbox 2037 1971 2199 2036; x_wconf 91' lang='lat' dir='ltr'>Post</span> <span class='ocrx_word' id='word_1_163' title='bbox 2223 1951 2327 2079; x_wconf 48' lang='lat'>1672}</span> 
     </span>
     <span class='ocr_line' id='line_1_22' title="bbox 185 2059 2203 2144; baseline -0.002 -17"><span class='ocrx_word' id='word_1_164' title='bbox 185 2066 465 2128; x_wconf 86' lang='lat' dir='ltr'>mortem</span> <span class='ocrx_word' id='word_1_165' title='bbox 513 2063 648 2127; x_wconf 88' lang='lat' dir='ltr'>eius</span> <span class='ocrx_word' id='word_1_166' title='bbox 687 2061 912 2126; x_wconf 86' lang='lat' dir='ltr'>Sassia</span> <span class='ocrx_word' id='word_1_167' title='bbox 949 2062 1169 2126; x_wconf 89' lang='lat' dir='ltr'>moliri</span> <span class='ocrx_word' id='word_1_168' title='bbox 1205 2062 1452 2144; x_wconf 88' lang='lat' dir='ltr'>statim,</span> <span class='ocrx_word' id='word_1_169' title='bbox 1488 2059 1738 2125; x_wconf 86' lang='lat' dir='ltr'>nefaria</span> <span class='ocrx_word' id='word_1_170' title='bbox 1775 2061 2025 2144; x_wconf 89' lang='lat' dir='ltr'>mulier,</span> <span class='ocrx_word' id='word_1_171' title='bbox 2063 2081 2203 2125; x_wconf 74' lang='lat' dir='ltr'>coe·</span> 
     </span>
     <span class='ocr_line' id='line_1_23' title="bbox 183 2148 2220 2236; baseline -0.002 -20"><span class='ocrx_word' id='word_1_172' title='bbox 183 2153 286 2236; x_wconf 90' lang='lat' dir='ltr'>pit</span> <span class='ocrx_word' id='word_1_173' title='bbox 339 2149 612 2216; x_wconf 88' lang='lat' dir='ltr'>insidias</span> <span class='ocrx_word' id='word_1_174' title='bbox 668 2152 834 2234; x_wconf 88' lang='lat' dir='ltr'>filio;</span> <span class='ocrx_word' id='word_1_175' title='bbox 888 2151 1337 2234; x_wconf 90' lang='lat' dir='ltr'>quaestionem</span> <span class='ocrx_word' id='word_1_176' title='bbox 1393 2151 1633 2214; x_wconf 88' lang='lat' dir='ltr'>habere</span> <span class='ocrx_word' id='word_1_177' title='bbox 1690 2149 1767 2212; x_wconf 94' lang='lat' dir='ltr'>de</span> <span class='ocrx_word' id='word_1_178' title='bbox 1822 2148 1947 2212; x_wconf 86' lang='lat' dir='ltr'>viri</span> <span class='ocrx_word' id='word_1_179' title='bbox 2009 2153 2220 2212; x_wconf 89' lang='lat' dir='ltr'>morte</span> 
     </span>
     <span class='ocr_line' id='line_1_24' title="bbox 185 2235 2221 2322; baseline -0.002 -18"><span class='ocrx_word' id='word_1_180' title='bbox 185 2239 547 2305; x_wconf 85' lang='lat' dir='ltr'>constituit.</span> <span class='ocrx_word' id='word_1_181' title='bbox 619 2239 802 2304; x_wconf 86' lang='lat' dir='ltr'>Emit</span> <span class='ocrx_word' id='word_1_182' title='bbox 851 2238 927 2302; x_wconf 91' lang='lat' dir='ltr'>de</span> <span class='ocrx_word' id='word_1_183' title='bbox 975 2237 1055 2302; x_wconf 88' lang='lat' dir='ltr'>A.</span> <span class='ocrx_word' id='word_1_184' title='bbox 1083 2238 1372 2322; x_wconf 83' lang='lat' dir='ltr'>Rupilio,</span> <span class='ocrx_word' id='word_1_185' title='bbox 1418 2260 1544 2322; x_wconf 89' lang='lat' dir='ltr'>quo</span> <span class='ocrx_word' id='word_1_186' title='bbox 1593 2241 1735 2302; x_wconf 88' lang='lat' dir='ltr'>erat</span> <span class='ocrx_word' id='word_1_187' title='bbox 1778 2258 1934 2300; x_wconf 89' lang='lat' dir='ltr'>usus</span> <span class='ocrx_word' id='word_1_188' title='bbox 1982 2235 2221 2321; x_wconf 88' lang='lat' dir='ltr'>Oppia·</span> 
     </span>
     <span class='ocr_line' id='line_1_25' title="bbox 185 2323 2222 2409; baseline -0.002 -17"><span class='ocrx_word' id='word_1_189' title='bbox 185 2329 372 2392; x_wconf 89' lang='lat' dir='ltr'>nicus</span> <span class='ocrx_word' id='word_1_190' title='bbox 411 2326 687 2408; x_wconf 90' lang='lat' dir='ltr'>medico,</span> <span class='ocrx_word' id='word_1_191' title='bbox 744 2324 1117 2391; x_wconf 85' lang='lat' dir='ltr'>Stratonem</span> <span class='ocrx_word' id='word_1_192' title='bbox 1166 2326 1513 2409; x_wconf 87' lang='lat' dir='ltr'>quendam,</span> <span class='ocrx_word' id='word_1_193' title='bbox 1560 2325 1743 2409; x_wconf 90' lang='lat' dir='ltr'>quasi</span> <span class='ocrx_word' id='word_1_194' title='bbox 1791 2327 1865 2389; x_wconf 93' lang='lat' dir='ltr'>ut</span> <span class='ocrx_word' id='word_1_195' title='bbox 1910 2324 2080 2390; x_wconf 90' lang='lat' dir='ltr'>idem</span> <span class='ocrx_word' id='word_1_196' title='bbox 2126 2323 2222 2388; x_wconf 89' lang='lat' dir='ltr'>fa-</span> 
     </span>
     <span class='ocr_line' id='line_1_26' title="bbox 113 2413 2222 2499; baseline -0.001 -19"><span class='ocrx_word' id='word_1_197' title='bbox 113 2431 160 2470; x_wconf 77' lang='lat'>25</span> <span class='ocrx_word' id='word_1_198' title='bbox 187 2419 380 2499; x_wconf 70' lang='lat' dir='ltr'>caret,</span> <span class='ocrx_word' id='word_1_199' title='bbox 419 2415 591 2499; x_wconf 89' lang='lat' dir='ltr'>quod</span> <span class='ocrx_word' id='word_1_200' title='bbox 618 2415 902 2480; x_wconf 88' lang='lat' dir='ltr'>Habitus</span> <span class='ocrx_word' id='word_1_201' title='bbox 940 2416 1009 2478; x_wconf 89' lang='lat' dir='ltr'>in</span> <span class='ocrx_word' id='word_1_202' title='bbox 1037 2415 1307 2479; x_wconf 90' lang='lat' dir='ltr'>emendo</span> <span class='ocrx_word' id='word_1_203' title='bbox 1336 2413 1629 2499; x_wconf 87' lang='lat' dir='ltr'>Diogene</span> <span class='ocrx_word' id='word_1_204' title='bbox 1657 2414 1916 2478; x_wconf 88' lang='lat' dir='ltr'>fecerat.</span> <span class='ocrx_word' id='word_1_205' title='bbox 1971 2413 2069 2477; x_wconf 88' lang='lat' dir='ltr'>De</span> <span class='ocrx_word' id='word_1_206' title='bbox 2097 2413 2222 2478; x_wconf 90' lang='lat' dir='ltr'>hoc</span> 
     </span>
     <span class='ocr_line' id='line_1_27' title="bbox 189 2502 2220 2586; baseline -0.002 -17"><span class='ocrx_word' id='word_1_207' title='bbox 189 2509 499 2570; x_wconf 61' lang='lat' dir='ltr'>Stratone</span> <span class='ocrx_word' id='word_1_208' title='bbox 555 2507 622 2568; x_wconf 93' lang='lat' dir='ltr'>et</span> <span class='ocrx_word' id='word_1_209' title='bbox 678 2504 758 2569; x_wconf 91' lang='lat' dir='ltr'>de</span> <span class='ocrx_word' id='word_1_210' title='bbox 802 2503 1000 2568; x_wconf 84' lang='lat' dir='ltr'>Ascla</span> <span class='ocrx_word' id='word_1_211' title='bbox 1046 2503 1329 2586; x_wconf 87' lang='lat' dir='ltr'>quodam</span> <span class='ocrx_word' id='word_1_212' title='bbox 1375 2525 1563 2568; x_wconf 85' lang='lat' dir='ltr'>servo</span> <span class='ocrx_word' id='word_1_213' title='bbox 1612 2524 1729 2566; x_wconf 91' lang='lat' dir='ltr'>suo</span> <span class='ocrx_word' id='word_1_214' title='bbox 1777 2502 2220 2586; x_wconf 87' lang='lat' dir='ltr'>quaesituram</span> 
     </span>
     <span class='ocr_line' id='line_1_28' title="bbox 189 2590 2221 2674; baseline -0.002 -16"><span class='ocrx_word' id='word_1_215' title='bbox 189 2614 334 2658; x_wconf 79' lang='lat' dir='ltr'>esse</span> <span class='ocrx_word' id='word_1_216' title='bbox 371 2592 557 2656; x_wconf 81' lang='lat' dir='ltr'>dixit.</span> <span class='ocrx_word' id='word_1_217' title='bbox 621 2592 968 2656; x_wconf 86' lang='lat' dir='ltr'>Praeterea</span> <span class='ocrx_word' id='word_1_218' title='bbox 1005 2613 1261 2655; x_wconf 82' lang='lat' dir='ltr'>servum</span> <span class='ocrx_word' id='word_1_219' title='bbox 1299 2591 1485 2655; x_wconf 89' lang='lat' dir='ltr'>illum</span> <span class='ocrx_word' id='word_1_220' title='bbox 1524 2590 1991 2673; x_wconf 90' lang='lat' dir='ltr'>Nicostratum,</span> <span class='ocrx_word' id='word_1_221' title='bbox 2030 2611 2221 2674; x_wconf 87' lang='lat' dir='ltr'>quem</span> 
     </span>
     <span class='ocr_line' id='line_1_29' title="bbox 187 2679 2223 2763; baseline -0.002 -18"><span class='ocrx_word' id='word_1_222' title='bbox 187 2681 463 2745; x_wconf 88' lang='lat' dir='ltr'>nimium</span> <span class='ocrx_word' id='word_1_223' title='bbox 528 2680 870 2763; x_wconf 87' lang='lat' dir='ltr'>loquacem</span> <span class='ocrx_word' id='word_1_224' title='bbox 927 2679 1128 2743; x_wconf 84' lang='lat' dir='ltr'>fuisse</span> <span class='ocrx_word' id='word_1_225' title='bbox 1185 2702 1260 2744; x_wconf 90' lang='lat' dir='ltr'>ac</span> <span class='ocrx_word' id='word_1_226' title='bbox 1315 2680 1588 2744; x_wconf 86' lang='lat' dir='ltr'>nimium</span> <span class='ocrx_word' id='word_1_227' title='bbox 1644 2679 1907 2744; x_wconf 90' lang='lat' dir='ltr'>domino</span> <span class='ocrx_word' id='word_1_228' title='bbox 1962 2679 2223 2743; x_wconf 88' lang='lat' dir='ltr'>fidelem</span> 
     </span>
     <span class='ocr_line' id='line_1_30' title="bbox 191 2767 2225 2852; baseline -0.001 -18"><span class='ocrx_word' id='word_1_229' title='bbox 191 2768 667 2847; x_wconf 88' lang='lat' dir='ltr'>arbitrabatur,</span> <span class='ocrx_word' id='word_1_230' title='bbox 721 2769 804 2833; x_wconf 89' lang='lat' dir='ltr'>ab</span> <span class='ocrx_word' id='word_1_231' title='bbox 858 2768 984 2833; x_wconf 92' lang='lat' dir='ltr'>hoc</span> <span class='ocrx_word' id='word_1_232' title='bbox 1037 2767 1449 2833; x_wconf 91' lang='lat' dir='ltr'>adulescente</span> <span class='ocrx_word' id='word_1_233' title='bbox 1497 2767 1855 2851; x_wconf 88' lang='lat' dir='ltr'>Oppianico</span> <span class='ocrx_word' id='word_1_234' title='bbox 1912 2767 1983 2831; x_wconf 89' lang='lat' dir='ltr'>in</span> <span class='ocrx_word' id='word_1_235' title='bbox 2030 2790 2225 2852; x_wconf 82' lang='lat' dir='ltr'>quae-</span> 
     </span>
     <span class='ocr_line' id='line_1_31' title="bbox 115 2855 2226 2940; baseline -0.001 -18"><span class='ocrx_word' id='word_1_236' title='bbox 115 2871 164 2912; x_wconf 78' lang='grc'>30</span> <span class='ocrx_word' id='word_1_237' title='bbox 191 2857 472 2922; x_wconf 90' lang='lat' dir='ltr'>stionem</span> <span class='ocrx_word' id='word_1_238' title='bbox 519 2857 897 2940; x_wconf 86' lang='lat' dir='ltr'>postulavit.</span> <span class='ocrx_word' id='word_1_239' title='bbox 981 2855 1105 2920; x_wconf 87' lang='lat' dir='ltr'>Hic</span> <span class='ocrx_word' id='word_1_240' title='bbox 1151 2877 1298 2920; x_wconf 91' lang='lat' dir='ltr'>cum</span> <span class='ocrx_word' id='word_1_241' title='bbox 1345 2861 1519 2921; x_wconf 86' lang='lat' dir='ltr'>esset</span> <span class='ocrx_word' id='word_1_242' title='bbox 1562 2857 1677 2920; x_wconf 91' lang='lat' dir='ltr'>illo</span> <span class='ocrx_word' id='word_1_243' title='bbox 1724 2859 2017 2940; x_wconf 89' lang='lat' dir='ltr'>tempore</span> <span class='ocrx_word' id='word_1_244' title='bbox 2062 2877 2226 2940; x_wconf 89' lang='lat' dir='ltr'>puer</span> 
     </span>
     <span class='ocr_line' id='line_1_32' title="bbox 192 2944 2222 3029; baseline -0.001 -19"><span class='ocrx_word' id='word_1_245' title='bbox 192 2951 259 3010; x_wconf 88' lang='lat' dir='ltr'>et</span> <span class='ocrx_word' id='word_1_246' title='bbox 293 2945 416 3010; x_wconf 84' lang='lat' dir='ltr'>illa</span> <span class='ocrx_word' id='word_1_247' title='bbox 453 2945 748 3029; x_wconf 86' lang='lat' dir='ltr'>quaestio</span> <span class='ocrx_word' id='word_1_248' title='bbox 788 2945 866 3010; x_wconf 90' lang='lat' dir='ltr'>de</span> <span class='ocrx_word' id='word_1_249' title='bbox 903 2945 1112 3029; x_wconf 88' lang='lat' dir='ltr'>patris</span> <span class='ocrx_word' id='word_1_250' title='bbox 1151 2945 1253 3008; x_wconf 87' lang='lat' dir='ltr'>sui</span> <span class='ocrx_word' id='word_1_251' title='bbox 1291 2948 1501 3008; x_wconf 89' lang='lat' dir='ltr'>morte</span> <span class='ocrx_word' id='word_1_252' title='bbox 1539 2944 1849 3009; x_wconf 90' lang='lat' dir='ltr'>constitui</span> <span class='ocrx_word' id='word_1_253' title='bbox 1886 2944 2222 3024; x_wconf 88' lang='lat' dir='ltr'>diceretur,</span> 
     </span>
     <span class='ocr_line' id='line_1_33' title="bbox 192 3030 2223 3115; baseline -0.002 -17"><span class='ocrx_word' id='word_1_254' title='bbox 192 3034 316 3099; x_wconf 89' lang='lat' dir='ltr'>etsi</span> <span class='ocrx_word' id='word_1_255' title='bbox 378 3033 568 3097; x_wconf 89' lang='lat' dir='ltr'>illum</span> <span class='ocrx_word' id='word_1_256' title='bbox 633 3055 890 3098; x_wconf 86' lang='lat' dir='ltr'>servum</span> <span class='ocrx_word' id='word_1_257' title='bbox 955 3036 1023 3096; x_wconf 92' lang='lat' dir='ltr'>et</span> <span class='ocrx_word' id='word_1_258' title='bbox 1088 3033 1215 3096; x_wconf 91' lang='lat' dir='ltr'>sibi</span> <span class='ocrx_word' id='word_1_259' title='bbox 1279 3033 1650 3098; x_wconf 81' lang='lat' dir='ltr'>benivolum</span> <span class='ocrx_word' id='word_1_260' title='bbox 1716 3054 1856 3096; x_wconf 87' lang='lat' dir='ltr'>esse</span> <span class='ocrx_word' id='word_1_261' title='bbox 1918 3035 1982 3097; x_wconf 91' lang='lat' dir='ltr'>et</span> <span class='ocrx_word' id='word_1_262' title='bbox 2046 3030 2223 3115; x_wconf 87' lang='lat' dir='ltr'>patri</span> 
     </span>
     <span class='ocr_line' id='line_1_34' title="bbox 190 3120 2222 3206; baseline -0.002 -21"><span class='ocrx_word' id='word_1_263' title='bbox 190 3121 392 3186; x_wconf 84' lang='lat' dir='ltr'>fuisse</span> <span class='ocrx_word' id='word_1_264' title='bbox 461 3121 935 3206; x_wconf 88' lang='lat' dir='ltr'>arbitrabatur,</span> <span class='ocrx_word' id='word_1_265' title='bbox 997 3120 1164 3185; x_wconf 87' lang='lat' dir='ltr'>nihil</span> <span class='ocrx_word' id='word_1_266' title='bbox 1217 3125 1441 3185; x_wconf 86' lang='lat' dir='ltr'>tamen</span> <span class='ocrx_word' id='word_1_267' title='bbox 1496 3125 1597 3186; x_wconf 89' lang='lat' dir='ltr'>est</span> <span class='ocrx_word' id='word_1_268' title='bbox 1652 3142 1846 3185; x_wconf 88' lang='lat' dir='ltr'>ausus</span> <span class='ocrx_word' id='word_1_269' title='bbox 1907 3139 2222 3183; x_wconf 90' lang='lat' dir='ltr'>recusare.</span> 
     </span>
     <span class='ocr_line' id='line_1_35' title="bbox 195 3206 2221 3294; baseline -0.002 -20"><span class='ocrx_word' id='word_1_270' title='bbox 195 3210 617 3276; x_wconf 84' lang='lat' dir='ltr'>Advocantur</span> <span class='ocrx_word' id='word_1_271' title='bbox 690 3209 882 3274; x_wconf 91' lang='lat' dir='ltr'>amici</span> <span class='ocrx_word' id='word_1_272' title='bbox 955 3214 1021 3273; x_wconf 94' lang='lat' dir='ltr'>et</span> <span class='ocrx_word' id='word_1_273' title='bbox 1092 3209 1389 3294; x_wconf 90' lang='lat' dir='ltr'>hospites</span> <span class='ocrx_word' id='word_1_274' title='bbox 1464 3207 1805 3294; x_wconf 89' lang='lat' dir='ltr'>Oppianici</span> <span class='ocrx_word' id='word_1_275' title='bbox 1878 3209 1945 3270; x_wconf 91' lang='lat' dir='ltr'>et</span> <span class='ocrx_word' id='word_1_276' title='bbox 2014 3206 2221 3291; x_wconf 87' lang='lat' dir='ltr'>ipsius</span> 
     </span>
     <span class='ocr_line' id='line_1_36' title="bbox 119 3295 2221 3381; baseline -0.002 -19"><span class='ocrx_word' id='word_1_277' title='bbox 119 3311 168 3354; x_wconf 76' lang='lat'>³⁵</span> <span class='ocrx_word' id='word_1_278' title='bbox 195 3297 488 3364; x_wconf 87' lang='lat' dir='ltr'>mulieris</span> <span class='ocrx_word' id='word_1_279' title='bbox 535 3297 746 3381; x_wconf 89' lang='lat' dir='ltr'>multi,</span> <span class='ocrx_word' id='word_1_280' title='bbox 791 3298 1086 3362; x_wconf 87' lang='lat' dir='ltr'>homines</span> <span class='ocrx_word' id='word_1_281' title='bbox 1133 3297 1392 3362; x_wconf 88' lang='lat' dir='ltr'>honesti</span> <span class='ocrx_word' id='word_1_282' title='bbox 1440 3300 1633 3381; x_wconf 91' lang='lat' dir='ltr'>atque</span> <span class='ocrx_word' id='word_1_283' title='bbox 1682 3295 1981 3360; x_wconf 87' lang='lat' dir='ltr'>omnibus</span> <span class='ocrx_word' id='word_1_284' title='bbox 2027 3295 2221 3358; x_wconf 90' lang='lat' dir='ltr'>rebus</span> 
     </span>
     <span class='ocr_line' id='line_1_37' title="bbox 195 3383 2225 3466; baseline -0.002 -16"><span class='ocrx_word' id='word_1_285' title='bbox 195 3386 430 3452; x_wconf 88' lang='lat' dir='ltr'>ornati.</span> <span class='ocrx_word' id='word_1_286' title='bbox 503 3384 872 3450; x_wconf 88' lang='lat' dir='ltr'>Tormentis</span> <span class='ocrx_word' id='word_1_287' title='bbox 920 3385 1221 3450; x_wconf 89' lang='lat' dir='ltr'>omnibus</span> <span class='ocrx_word' id='word_1_288' title='bbox 1268 3383 1833 3450; x_wconf 84' lang='lat' dir='ltr'>vehementissime</span> <span class='ocrx_word' id='word_1_289' title='bbox 1872 3383 2225 3466; x_wconf 88' lang='lat' dir='ltr'>quaeritur.</span> 
     </span>
     <span class='ocr_line' id='line_1_38' title="bbox 195 3471 2224 3556; baseline -0.004 -16"><span class='ocrx_word' id='word_1_290' title='bbox 195 3474 358 3540; x_wconf 89' lang='lat' dir='ltr'>Cum</span> <span class='ocrx_word' id='word_1_291' title='bbox 405 3478 624 3539; x_wconf 86' lang='lat' dir='ltr'>essent</span> <span class='ocrx_word' id='word_1_292' title='bbox 671 3474 874 3539; x_wconf 87' lang='lat' dir='ltr'>animi</span> <span class='ocrx_word' id='word_1_293' title='bbox 921 3495 1254 3538; x_wconf 87' lang='lat' dir='ltr'>servorum</span> <span class='ocrx_word' id='word_1_294' title='bbox 1304 3476 1370 3537; x_wconf 91' lang='lat' dir='ltr'>et</span> <span class='ocrx_word' id='word_1_295' title='bbox 1419 3495 1531 3556; x_wconf 90' lang='lat' dir='ltr'>spe</span> <span class='ocrx_word' id='word_1_296' title='bbox 1579 3477 1646 3536; x_wconf 88' lang='lat' dir='ltr'>et</span> <span class='ocrx_word' id='word_1_297' title='bbox 1682 3473 1861 3534; x_wconf 89' lang='lat' dir='ltr'>metu</span> <span class='ocrx_word' id='word_1_298' title='bbox 1897 3471 2224 3554; x_wconf 85' lang='lat' dir='ltr'>temptati,</span> 
     </span>
    </p>
   </div>
  </div>
 </body>
</html>
