2534 3875
861 147 1015 203 CAP.
1059 155 1115 215 1,
1153 155 1185 203 2
1225 154 1255 213 ς
1300 154 1451 203 1-4.
1700 151 1706 156 ·
2051 149 2180 215 189

8 306 10 363 ῑ
149 294 346 357 vestri
401 292 550 358 luce
606 297 966 358 caruerunt.
1046 293 1156 358 ‘De
1212 315 1317 357 me
1374 297 1594 358 autem
1637 293 1782 377 ipso
1829 315 2056 358 vereor
2099 317 2183 360 ne
2221 311 2257 361 ε

8 390 10 399 1
152 381 522 465 arrogantis
580 380 668 445 sit
723 381 894 465 apud
940 402 1057 446 vos
1105 381 1341 464 dicere,
1395 382 1642 467 ingrati
1685 386 1921 448 tacere.
2008 380 2185 447 Nam

152 473 241 553 et,
304 467 543 553 quibus
612 468 845 534 studiis
910 469 1078 534 hanc
1142 470 1531 554 dignitatem
1594 474 1977 535 consecutus
2042 471 2183 555 sim,

151 561 390 621 memet
454 556 672 641 ipsum
738 579 1245 623 commemorare
1300 579 1615 642 perquam
1672 578 1869 643 grave
1926 562 2053 641 est,
2118 562 2185 623 et

101 663 126 703 5
154 645 339 709 silere
389 644 470 709 de
513 645 719 709 tantis
765 645 1002 710 vestris
1051 646 1383 711 beneficiis
1428 646 1609 711 nullo
1658 646 1850 710 modo
1896 667 2183 731 possum.

152 732 362 808 Quare
409 732 830 797 adhibebitur
877 756 918 797 a
961 756 1065 798 me
1110 736 1291 799 certa
1335 734 1505 799 ratio
1552 733 2041 819 moderatioque
2088 734 2183 798 di-

151 822 354 905 cendi,
391 825 485 905 ut,
523 821 678 904 quid
715 844 755 886 a
788 821 975 886 vobis
1015 822 1389 906 acceperim,
1426 843 1945 906 commemorem,
1984 844 2182 908 quare

151 909 386 993 dignus
432 911 654 974 vestro
703 932 957 974 summo
995 909 1240 975 honore
1280 910 1725 996 singularique
1760 910 1998 976 iudicio
2038 912 2180 993 sim,

148 998 289 1082 ipse
345 996 597 1063 modice
653 997 891 1083 dicam,
945 997 1003 1062 si
1056 1020 1317 1063 necesse
1374 999 1523 1082 erit,
1586 1020 1705 1064 vos
1760 999 2023 1065 eosdem
2076 1021 2181 1063 ex-

79 1104 126 1142 10
150 1085 563 1151 istimaturos
607 1089 860 1169 putem,
907 1086 1020 1169 qui
1063 1086 1487 1151 iudicavistis,

279 1172 390 1237 Me
453 1173 770 1259 perlongo
835 1174 1183 1239 intervallo
1250 1196 1453 1259 prope
1519 1175 1871 1239 memoriae
1930 1179 2181 1261 tempo·
2219 1192 2251 1240 3

149 1284 422 1345 rumque
468 1265 844 1326 nostrorum
879 1262 1164 1346 primum
1200 1262 1532 1327 hominem
1568 1285 1811 1328 novum
1850 1263 2181 1328 consulem

148 1350 400 1415 fecistis
456 1354 524 1414 et
578 1370 727 1414 eum
778 1349 1022 1432 locum,
1079 1372 1271 1434 quem
1325 1349 1639 1414 nobilitas
1684 1350 2027 1435 praesidiis
2075 1352 2180 1415 fir-

150 1442 404 1503 matum
463 1442 657 1521 atque
714 1438 890 1503 omni
945 1438 1198 1503 ratione
1256 1438 1664 1503 obvallatum
1698 1440 2013 1523 tenebat,
2078 1461 2182 1504 me

80 1544 124 1583 1⁵
153 1525 312 1591 duce
349 1526 708 1590 rescidistis
744 1526 1104 1610 virtutique
1138 1526 1208 1590 in
1243 1530 1580 1610 posterum
1607 1530 1834 1610 patere
1862 1526 2183 1592 voluistis,

152 1612 381 1697 Neque
420 1636 523 1678 me
559 1617 819 1678 tantum
856 1614 1050 1678 modo
1089 1615 1443 1697 consulem,
1482 1613 1655 1697 quod
1692 1617 1793 1678 est
1820 1613 2036 1699 ipsum
2063 1637 2180 1699 per

152 1724 292 1767 sese
343 1702 847 1786 amplissimum,
906 1702 1020 1766 sed
1077 1702 1172 1766 ita
1226 1702 1503 1784 fecistis,
1557 1724 1684 1786 quo
1740 1702 1933 1767 modo
1988 1702 2182 1787 pauci

151 1790 407 1855 nobiles
453 1790 525 1853 in
567 1790 691 1855 hac
729 1790 994 1855 civitate
1033 1790 1331 1855 consules
1366 1790 1528 1855 facti
1565 1793 1737 1873 sunt,
1780 1811 1989 1855 novus
2029 1794 2179 1855 ante

152 1900 254 1944 me
307 1899 520 1943 nemo,
610 1876 782 1944 Nam
839 1878 1133 1963 profecto
1144 1920 1162 1963 ,
1216 1878 1275 1944 si
1327 1877 1656 1944 recordari
1711 1878 2047 1945 volueritis
2102 1878 2181 1943 de
2218 1881 2261 1946 2

77 1986 126 2024 2⁰
149 1968 338 2032 novis
382 1967 776 2051 hominibus,
821 1967 1158 2052 reperietis
1207 1989 1337 2050 eos,
1383 1968 1494 2051 qui
1540 1967 1679 2032 sine
1723 1967 1987 2052 repulsa
2034 1989 2182 2032 con·

153 2056 326 2121 sules
381 2055 542 2120 facti
601 2059 778 2139 sunt,
835 2055 1138 2120 diuturno
1193 2055 1421 2120 labore
1478 2059 1673 2140 atque
1730 2055 1952 2140 aliqua
1999 2076 2182 2120 occa-

153 2143 334 2208 sione
400 2165 542 2209 esse
599 2143 836 2225 factos,
901 2166 1047 2208 cum
1110 2144 1335 2208 multis
1393 2143 1581 2208 annis
1635 2147 1789 2228 post
1845 2143 2183 2228 petissent,

152 2253 350 2316 quam
403 2235 738 2316 praetores
793 2231 1100 2314 fuissent,
1155 2231 1489 2316 aliquanto
1538 2233 1773 2315 serius,
1825 2253 2022 2315 quam
2066 2253 2183 2316 per

153 2324 439 2384 aetatem
503 2341 579 2384 ac
642 2341 759 2403 per
817 2320 996 2406 leges
1059 2320 1313 2402 liceret3
1378 2320 1488 2402 qui
1553 2323 1773 2384 autem
1838 2340 2007 2383 anno
2064 2341 2182 2384 suo

77 2427 124 2467 25
150 2408 478 2493 petierint,
526 2407 665 2472 sine
710 2409 974 2493 repulsa
1018 2429 1152 2472 non
1197 2429 1339 2472 esse
1374 2407 1617 2490 factos;
1660 2429 1765 2472 1116
1804 2429 1945 2471 esse
1982 2429 2183 2471 unum

151 2519 230 2561 ex
296 2496 600 2561 omnibus
661 2499 851 2561 novis
915 2495 1317 2574 hominibus,
1382 2495 1460 2559 de
1516 2495 1751 2579 quibus
1810 2495 2185 2560 meminisse

146 2585 482 2669 possimus
491 2635 509 2668 ,
555 2583 667 2668 qui
712 2585 1124 2649 consulatum
1168 2584 1487 2668 petierim,
1534 2605 1679 2648 oum
1725 2585 2008 2668 primum
2045 2583 2184 2649 lici-

147 2678 295 2738 tum
343 2672 450 2756 sit⁷
496 2672 722 2737 consul
766 2671 978 2737 factus
1027 2672 1170 2755 sim,
1214 2695 1362 2736 >cum
1408 2674 1696 2757 primum
1742 2673 2060 2756 petierim,
2110 2677 2186 2737 ut

148 2764 370 2827 vester
423 2760 632 2824 honos
689 2759 772 2824 ad
827 2760 956 2825 mei
1009 2761 1323 2843 temporis
1380 2760 1550 2824 diem
1594 2760 1841 2845 petitus
1851 2811 1869 2844 ,
1921 2783 2058 2826 non
2102 2761 2185 2825 ad

70 2865 120 2906 ³⁰
150 2849 404 2914 alienae
441 2847 779 2934 petitionis
817 2848 1222 2913 occasionem
1258 2849 1677 2932 interceptuS‚
1712 2870 1831 2913 nec
1860 2849 2183 2913 diuturnis

148 2936 454 3022 precibus
518 2935 922 3022 efflagitatus
932 2987 949 3020 ‚
1025 2936 1136 3000 sed
1203 2935 1523 3021 dignitate
1586 2935 1977 3021 impetratus
2044 2959 2184 3000 esse

147 3026 468 3091 videatur.
565 3023 690 3088 Est
754 3024 920 3088 illud
975 3024 1479 3108 amplissimum,
1550 3025 1723 3108 quod
1778 3024 1975 3109 paulo
2032 3027 2183 3088 ante
2222 3040 2257 3087 4

150 3113 685 3194 commemoravi,
748 3110 1069 3195 Quirites,
1134 3113 1305 3196 quod
1369 3113 1493 3176 hoc
1554 3112 1801 3177 honore
1859 3134 1936 3176 ex
1996 3111 2185 3175 novis

149 3200 530 3266 hominibus
598 3201 885 3285 primum
940 3222 1043 3264 me
1101 3200 1326 3264 multis
1382 3203 1535 3282 post
1592 3199 1780 3264 annis
1836 3197 2186 3282 adfecistiS‚

68 3305 118 3346 35
153 3288 327 3375 quod
392 3289 606 3373 prima
667 3288 1012 3372 petitione,
1076 3289 1246 3373 quod
1312 3309 1480 3352 anno
1546 3309 1719 3370 meo,
1784 3287 1897 3351 sed
1963 3290 2189 3350 tamen

152 3377 675 3463 magnificentius
741 3381 936 3460 atque
1004 3376 1299 3440 ornatius
1356 3383 1497 3440 esse
1550 3375 1666 3439 illo
1725 3373 1892 3438 nihil
1946 3377 2186 3458 potest,

154 3465 330 3553 quod
404 3464 566 3529 meis
642 3465 924 3530 comitiis
987 3485 1120 3528 non
1183 3464 1501 3528 tabellam
1562 3461 1884 3526 vindicem
1947 3461 2187 3526 tacitae
