2534 3875
267 1688 312 1814 σιω

357 156 487 222 190
819 157 919 211 DE
955 156 1142 211 LEGE
1177 156 1508 214 AGRARIA
1544 157 1811 213 ORATIO
1848 160 1918 215 II.

351 302 700 385 libertatis,
739 304 852 369 sed
879 326 1104 369 vocem
1143 304 1394 385 [unam]
1424 324 1580 387 prae
1610 302 1797 367 vobis
1825 302 2103 367 indicem
2130 306 2387 370 vestra-

351 413 500 455 rum
553 411 712 476 erga
757 414 862 458 me
907 394 1323 457 voluntatum
1360 412 1435 455 ac
1481 390 1847 455 studiorum
1891 390 2159 456 tulistis.
2251 392 2386 457 Ita-

353 501 477 562 que
524 501 628 544 me
671 501 805 546 non
851 484 1145 545 extrema
1181 478 1473 543 diribitio
1511 478 1987 564 suffragiorum,
2034 480 2146 543 sed
2180 480 2384 565 primi

350 567 451 631 illi
495 567 700 633 vestri
746 590 1116 652 concursus,
1159 589 1368 651 neque
1408 566 1701 651 singulae
1736 588 1928 632 voces
1965 588 2381 652 praeconum,

352 655 465 719 sed
511 678 642 720 una
687 679 814 722 vox
857 656 1144 721 universi
1188 655 1415 740 populi
1459 654 1741 719 Romani
1786 655 2120 720 consulem
2166 656 2377 721 decla·
2408 673 2439 715 5

350 744 540 808 ravit.
631 743 776 809 Hoc
831 766 953 831 ego
999 750 1138 809 tam
1183 743 1470 828 insigne,
1524 747 1665 807 tam
1710 742 2039 828 singulare
2084 748 2380 809 vestrum

351 832 753 915 beneficium,
800 830 1105 916 Quirites,
1151 854 1299 897 cum
1336 831 1417 896 ad
1454 830 1655 896 animi
1690 831 1821 895 mei
1855 830 2141 896 fructum
2180 836 2381 917 atque

348 920 675 985 laetitiam
720 921 884 986 duco
931 943 1073 985 esse
1118 940 1568 1020 permagnum,
1616 923 1757 983 turn
1804 920 1886 983 ad
1932 941 2156 984 curam
2202 920 2382 985 solli-

350 1008 830 1109 citudinemque
877 1010 1088 1074 multo
1135 1008 1364 1072 maius,
1428 1006 1795 1071 Versantur
1832 1007 2024 1090 enim,
2070 1007 2380 1093 Quirites,

347 1096 419 1159 in
482 1096 698 1159 animo
755 1118 900 1162 meo
956 1097 1200 1161 multae
1272 1101 1339 1160 et
1402 1116 1635 1179 graves
1690 1093 2148 1179 cogitationest,
2212 1118 2380 1182 quae
2410 1113 2469 1153 1⁰

348 1183 512 1247 mihi
562 1184 812 1248 nullam
867 1190 1123 1269 partem
1181 1206 1390 1268 neque
1444 1183 1710 1247 diurnae
1764 1204 1973 1267 neque
2018 1188 2379 1250 nocturnae

350 1271 588 1355 quietis
642 1272 1057 1357 impertiunt,
1119 1272 1407 1357 primum
1460 1271 1687 1335 tuendi
1741 1272 2144 1355 consulatus,
2210 1294 2380 1356 quae

349 1381 496 1423 cum
551 1361 852 1425 omnibus
909 1366 1011 1426 est
1065 1360 1348 1425 difficilis
1396 1365 1461 1424 et
1498 1379 1737 1442 magna
1781 1360 1979 1443 ratio,
2034 1364 2177 1424 tum
2224 1382 2379 1427 vero

348 1447 514 1511 mihi
567 1453 829 1532 praeter
875 1455 1150 1533 ceteros,
1207 1448 1389 1513 cuius
1438 1451 1653 1511 errato
1700 1448 1883 1512 nulla
1925 1448 2144 1526 venia,
2201 1454 2380 1515 recte

345 1535 522 1601 facto
579 1537 814 1620 exigua
866 1538 1008 1602 laus
1066 1540 1132 1602 et
1188 1537 1271 1602 ab
1326 1535 1555 1600 invitis
1614 1557 1921 1619 expressa
1963 1537 2464 1621 proponitur31⁵

347 1646 480 1689 non
535 1625 860 1689 dubitanti
905 1626 1096 1690 fidele
1143 1624 1514 1704 consilium,
1567 1645 1702 1687 non
1747 1624 2078 1689 laboranti
2122 1629 2377 1689 certum

349 1712 712 1778 subsidium
757 1713 1125 1779 nobilitatis
1173 1712 1554 1777 ostenditur.
1628 1710 1874 1786 Quodsi
1920 1712 2099 1776 solus
2142 1714 2214 1776 in
2251 1713 2380 1777 dis-

349 1800 592 1865 crimen
667 1801 926 1885 aliquod
993 1801 1367 1884 adducerer,
1438 1798 1702 1880 ferrem,
1776 1798 2085 1882 Quirites,
2160 1801 2379 1866 animo

349 1888 678 1974 aequiore3
739 1889 851 1954 sed
897 1889 1063 1954 mihi
1105 1889 1411 1954 videntur
1456 1888 1618 1952 certi
1662 1887 1985 1973 homineS,
2032 1888 2089 1954 si
2135 1911 2266 1974 qua
2308 1889 2381 1954 in

347 1999 417 2041 re
473 1999 577 2042 me
629 1999 764 2042 non
809 1979 1002 2043 modo
1049 1977 1349 2060 consilio,
1401 1999 1628 2041 verum
1674 1977 1874 2040 etiam
1918 1999 2074 2043 casu
2120 1977 2380 2062 lapsum
2408 1993 2465 2034 20

349 2086 490 2130 esse
537 2066 1046 2148 arbitrabuntur,
1089 2087 1206 2130 vos
1244 2065 1601 2148 universos,
1647 2067 1760 2148 qui
1797 2086 1899 2129 me
1937 2066 2381 2131 antetuleritis

347 2154 710 2237 nobilitati,
754 2154 1207 2238 vituperaturi.
1297 2152 1461 2217 Mihi
1507 2157 1753 2235 autem,
1799 2150 2110 2236 Quirites,
2158 2156 2382 2220 omnia

345 2242 568 2326 potius
612 2242 1034 2325 perpetienda
1083 2264 1226 2306 esse
1274 2241 1437 2307 duco
1483 2263 1680 2324 quam
1717 2263 1852 2305 non
1887 2241 1983 2305 ita
2020 2242 2379 2327 gerendum

347 2329 774 2407 consulatum,
819 2333 894 2394 ut
939 2330 1008 2394 in
1055 2330 1357 2395 omnibus
1396 2329 1557 2393 meis
1601 2329 1793 2394 factis
1839 2333 2037 2413 atque
2082 2331 2381 2395 consiliis

344 2421 634 2481 vestrum
682 2418 762 2482 de
798 2440 902 2482 me
937 2418 1184 2483 factum
1223 2417 1693 2501 consiliumque
1728 2417 2044 2483 laudetur.
2108 2419 2382 2489 Accedit
2408 2433 2463 2475 2⁵

347 2504 549 2568 etiam
613 2504 725 2569 ille
791 2506 951 2570 mihi
1017 2528 1311 2570 summus
1374 2505 1565 2571 labor
1629 2527 1705 2570 ac
1762 2505 2150 2570 difficillima
2203 2508 2379 2572 ratio

347 2593 720 2657 consulatus
779 2595 1075 2677 gerendi,
1131 2594 1305 2677 quod
1360 2616 1491 2659 non
1538 2594 1763 2657 eadem
1809 2593 1974 2658 mihi
2019 2617 2147 2678 qua
2192 2616 2382 2679 supe-

346 2679 630 2744 rioribus
685 2681 1062 2746 consulibus
1117 2681 1262 2765 lege
1318 2685 1385 2745 et
1440 2680 1813 2746 condicione
1878 2683 2188 2746 utendum
2236 2705 2383 2749 esse

348 2767 618 2849 decrevi,
665 2768 778 2850 qui
815 2769 1061 2833 aditum
1097 2768 1293 2834 huius
1331 2769 1458 2834 loci
1496 2774 2047 2853 conspectumque
2084 2775 2382 2837 vestrum

346 2855 588 2939 partim
641 2876 1035 2940 magnopere
1089 2856 1427 2942 fugerunt,
1481 2857 1723 2941 partim
1776 2879 1910 2922 non
1963 2858 2381 2925 vehementer
2406 2873 2465 2915 ³⁰

347 2944 554 3007 secuti
603 2948 773 3007 sunt.
839 2944 983 3028 Ego
1023 2948 1242 3008 autem
1278 2966 1411 3009 non
1449 2945 1661 3010 solum
1698 2945 1822 3011 hoc
1858 2947 1927 3011 in
1962 2945 2107 3012 loco
2146 2946 2383 3031 dicam,

346 3031 460 3096 ubi
506 3035 608 3096 est
643 3031 711 3095 id
747 3032 923 3096 dictu
957 3031 1363 3115 facillimum,
1408 3033 1626 3097 sedin
1661 3033 1806 3116 ipso
1846 3038 2096 3117 senatu,
2140 3033 2211 3099 in
2249 3057 2382 3121 quo

347 3141 488 3184 esse
550 3119 731 3184 locus
794 3118 946 3185 huic
1005 3120 1148 3185 voci
1211 3142 1344 3185 non
1407 3121 1784 3204 videbatur,
1845 3124 2227 3208 popularem
2273 3146 2383 3189 me

345 3207 639 3272 futurum
697 3229 839 3273 esse
897 3208 1230 3273 consulem
1286 3208 1500 3293 prima
1553 3209 1671 3273 illa
1724 3232 1871 3275 mea
1917 3211 2213 3276 oratione
2248 3209 2384 3278 Ka-

346 3294 556 3360 lendis
602 3295 923 3362 Ianuariis
979 3296 1130 3360 dixi.
1211 3294 1439 3380 Neque
1486 3299 1659 3362 enim
1714 3298 1851 3363 ullo
1911 3299 2104 3363 modo
2159 3299 2380 3366 facere
2406 3316 2462 3359 ³⁵

346 3405 633 3467 possum,
678 3389 768 3468 ut,
815 3406 962 3449 cum
1009 3407 1111 3449 me
1157 3384 1542 3470 intellegam
1585 3407 1719 3450 non
1762 3385 2100 3451 hominum
2143 3391 2383 3473 poten-

345 3471 512 3536 tium
561 3473 804 3558 studio,
849 3494 983 3538 non
1039 3473 1503 3539 excellentibus
1551 3472 1787 3558 gratiis
1831 3495 2217 3560 paucorum,
2264 3476 2385 3544 sed
