2534 3875
223 1265 290 1314 15

323 182 457 246 380
804 179 948 236 PRO
979 178 1258 235 ARCHIA
1295 177 1544 234 POETA
1580 176 1869 236 ORATIO.

323 349 483 392 num
529 325 893 392 cotidianos
940 324 1225 409 impetus
1274 324 1675 389 obiecissem.
1740 320 1865 390 Sed
1910 322 2091 409 pleni
2137 345 2365 389 omnes

326 419 479 480 sunt
553 414 736 497 libri,
810 413 1042 497 plenae
1117 412 1509 497 sapientium
1586 432 1805 495 voces,
1875 413 2071 495 plena
2152 434 2367 479 exem-

328 504 591 588 plorum
628 504 952 585 vetustas3
999 521 1164 584 quae
1202 502 1491 565 iacerent
1526 500 1597 565 in
1630 500 1919 566 tenebris
1956 500 2196 584 omnia,
2232 499 2371 565 nisi

324 591 694 657 litterarum
737 591 960 655 lumen
1005 588 1354 654 accederet.
1418 587 1629 663 Quam
1675 588 1917 654 multas
1960 589 2154 654 nobis
2198 588 2371 653 ima-

327 679 510 764 gines
556 700 692 743 non
739 677 951 743 solum
999 677 1082 742 ad
1126 676 1529 762 intuendum,
1574 698 1801 742 verum
1846 677 2046 742 etiam
2091 677 2177 743 ad
2220 677 2372 742 imi-
2398 696 2431 738 5

328 767 602 833 tandum
647 766 1159 832 fortissimorum
1195 766 1489 831 virorum
1526 786 1869 851 expressas
1906 766 2261 850 scriptores
2297 770 2375 830 et

327 854 559 921 Graeci
615 858 682 919 et
724 852 948 919 Latini
1001 853 1435 938 reliquerunt!
1490 874 1653 937 quas
1710 873 1833 937 ego
1889 854 2053 918 mihi
2106 876 2372 939 semper

326 944 398 1008 in
463 942 983 1008 administranda
1046 963 1117 1007 re
1179 942 1445 1027 publica
1505 963 1877 1027 proponens
1942 943 2232 1007 animum
2300 946 2375 1009 et

336 1035 622 1097 mentem
660 1052 875 1096 meam
911 1031 1058 1116 ipsa
1095 1030 1494 1115 cogitatione
1530 1030 1871 1095 hominum
1910 1030 2368 1096 excellentium

327 1119 837 1185 conformabam.
1488 1118 1493 1127 '
2400 1138 2455 1177 10

462 1206 744 1283 Quaeret
818 1207 1174 1292 quispiam:
1248 1206 1485 1282 eQuid?
1555 1206 1656 1271 illi
1726 1206 1857 1291 ipsi
1918 1206 2159 1271 summi
2218 1206 2373 1292 viri,

330 1317 607 1380 quorum
651 1296 932 1361 virtutes
968 1295 1212 1360 litteris
1249 1293 1569 1380 proditae
1587 1298 1758 1378 sunt,
1800 1296 2013 1361 istanc
2051 1295 2376 1379 doctrina,

331 1405 528 1469 quam
586 1386 663 1448 tu
718 1384 908 1449 effers
963 1383 1298 1465 laudibus,
1354 1382 1592 1448 eruditi
1643 1383 1977 1449 fuerunt?
2076 1382 2373 1449 Difficile

330 1476 434 1536 est
475 1472 602 1537 hoc
638 1472 717 1535 de
757 1468 1060 1537 omnibus
1097 1472 1501 1555 confirmare,
1546 1471 1660 1537 sed
1697 1476 1920 1537 tamen
1956 1476 2059 1537 est
2094 1476 2373 1556 certum,

331 1560 486 1645 quid
559 1559 1004 1643 respondeam.
1111 1558 1260 1646 Ego
1333 1560 1577 1625 multos
1647 1559 1947 1625 homines
2020 1561 2373 1626 excellenti
2400 1576 2453 1619 1⁵

335 1650 552 1713 animo
601 1670 676 1713 ac
711 1648 958 1713 virtute
993 1647 1198 1713 fuisse
1235 1647 1377 1713 sine
1412 1647 1707 1714 doctrina
1744 1652 1813 1713 et
1844 1654 2119 1714 naturae
2153 1648 2371 1735 ipsius

237 1786 244 1791 -
328 1737 562 1802 habitu
625 1758 830 1822 prope
899 1736 1118 1801 divino
1183 1758 1302 1821 per
1364 1758 1433 1801 se
1496 1737 1675 1820 ipsos
1740 1740 1809 1801 et
1870 1737 2245 1803 moderatos
2302 1740 2373 1803 et

226 2372 292 2422 16

330 1845 564 1911 graves
627 1824 922 1889 extitisse
974 1823 1214 1907 fateor3
1273 1823 1473 1889 etiam
1525 1824 1689 1891 illud
1736 1824 2050 1912 adiungo,
2103 1827 2371 1911 saepius

332 1913 413 1978 ad
451 1912 712 1979 laudem
748 1916 946 1997 atque
981 1912 1295 1979 virtutem
1330 1916 1633 1978 naturam
1671 1913 1810 1980 sine
1839 1913 2137 1980 doctrina
2165 1937 2369 2000 quam

331 2002 470 2066 sine
514 2006 753 2068 natura
798 2001 1080 2066 valuisse
1125 2000 1509 2067 doctrinam.
1582 2003 1801 2086 Atque
1845 2002 2019 2068 idem
2068 2024 2189 2088 ego
2236 2003 2368 2069 hoc
2396 2021 2447 2062 20

330 2089 682 2174 contende,
735 2112 882 2155 cum
929 2088 1012 2154 ad
1057 2093 1361 2154 naturam
1406 2089 1713 2155 eximiam
1758 2094 1826 2155 et
1869 2090 2215 2156 inlustrem
2264 2115 2371 2158 ac-

334 2179 606 2244 cesserit
649 2177 820 2243 ratio
868 2177 1187 2262 quaedam
1223 2177 1783 2263 conformatioque
1820 2177 2172 2264 doctrinae,
2219 2185 2367 2246 tum

330 2267 493 2332 illud
547 2268 766 2332 nescio
814 2266 970 2352 quid
1014 2266 1425 2352 praeclarum
1472 2288 1549 2332 ac
1592 2266 1927 2350 singulare
1974 2268 2186 2334 solere
2235 2270 2367 2333 exi-

331 2358 519 2420 stere.
590 2354 695 2420 Ex
739 2354 864 2419 hoc
909 2375 1049 2420 esse
1093 2355 1271 2420 hunc
1312 2376 1601 2438 numere,
1648 2376 1839 2439 quem
1882 2360 2105 2442 patres
2150 2357 2368 2422 nostri

330 2443 658 2527 viderunt,
722 2442 1010 2508 divinum
1078 2443 1438 2527 hominem,
1504 2442 1915 2529 Africanum,
1969 2467 2048 2510 ex
2105 2445 2232 2510 hoc
2294 2443 2365 2511 G.
2390 2460 2439 2502 2⁵

333 2529 657 2615 Laelium,
700 2528 773 2595 L.
819 2530 1110 2615 Furium,
1153 2531 1712 2597 moderatissimos
1757 2532 2053 2598 homines
2102 2537 2169 2598 et
2214 2555 2368 2600 con-

326 2619 838 2698 tinentissimos,
885 2641 962 2684 ex
1005 2620 1132 2685 hoc
1176 2619 1610 2685 fortissimum
1656 2620 1870 2687 virum
1914 2625 1985 2686 et
2025 2621 2158 2686 illis
2205 2627 2365 2688 tem-

330 2707 600 2790 poribus
655 2707 1134 2792 doctissimum,
1187 2708 1286 2773 M.
1333 2707 1649 2774 Catonem
1702 2709 1890 2774 illum
1944 2731 2191 2793 senem3
2250 2710 2364 2795 qui

331 2795 624 2878 profecto
663 2795 722 2859 si
758 2795 925 2860 nihil
956 2797 1039 2861 ad
1066 2796 1547 2882 percipiendam
1574 2797 2027 2881 colendamque
2053 2798 2361 2864 virtutem

330 2881 572 2947 litteris
621 2882 1112 2968 adiuvarentur,
1155 2906 1511 2970 numquam
1556 2907 1627 2951 se
1674 2884 1756 2952 ad
1802 2907 2025 2952 earum
2072 2886 2359 2952 studium
2384 2900 2435 2942 ⁸⁰

331 2971 779 3037 contulissent.
881 2972 1130 3050 Quodsi
1188 2994 1323 3038 non
1390 2973 1497 3038 hic
1560 2978 1785 3039 tantus
1837 2973 2091 3040 fructus
2148 2979 2359 3040 osten-

332 3059 614 3144 deretur,
659 3065 727 3125 et
772 3061 830 3127 si
875 3083 956 3127 ex
998 3061 1104 3126 his
1152 3061 1385 3126 studiis
1432 3061 1777 3127 delectatio
1824 3062 1968 3128 sola
2012 3065 2361 3148 peteretur,

329 3150 580 3231 tamen,
633 3153 712 3213 ut
756 3149 1014 3234 opinor,
1067 3150 1238 3214 hanc
1287 3149 1490 3214 animi
1533 3150 1981 3216 remissionem
2027 3152 2355 3217 humanis-

331 3236 565 3302 simam
631 3259 706 3303 ac
781 3237 1311 3302 liberalissimam
1373 3237 1765 3307 iudicaretis,
1870 3238 2045 3304 Nam
2107 3243 2355 3305 ceterae

328 3329 988 3496 fffflssznssssnzlfffflc
1022 3329 2106 3499 ffiiisseffizssssssssssssmffissffiff
2147 3347 2351 3480 {¹533
2375 3337 2425 3380 ⁸⁵

331 3503 541 3564 tutem
597 3500 949 3585 oblectant,
995 3499 1309 3565 secundas
1357 3522 1461 3565 res
1510 3507 1763 3584 ornant,
1810 3503 2095 3570 adversis
2140 3502 2349 3588 perfu-
