2534 3875
325 140 462 206 408
889 138 1033 194 PRO
1071 140 1134 195 L.
1173 137 1456 194 FLACCO
1496 136 1777 193 ORATIO.

329 284 800 350 audacissimus
846 283 1206 370 pertimuit,
1249 282 1753 367 loquacissimus
1802 281 2153 347 obmutuit.
2236 279 2379 345 Ita·

331 395 454 456 que
508 376 1000 457 recuperatores
1056 374 1281 436 contra
1337 374 1541 435 istum
1594 391 1735 434 rem
1779 369 2048 435 minime
2094 370 2375 435 dubiam

329 462 543 545 prima
571 461 823 525 actione
850 460 1315 526 iudicaverunt.
1362 457 1527 524 Cum
1555 458 1916 524 iudicatum
1942 480 2077 523 non
2095 458 2376 541 faceret,

221 528 307 656 {J
332 550 626 615 addictus
673 547 1036 633 Hermippo
1087 551 1154 612 et
1200 548 1284 612 ab
1330 546 1456 612 hoc
1500 547 1731 612 ductus
1780 550 1896 612 est.
1969 546 2257 611 Habetis
2306 551 2378 611 et

330 638 744 704 honestatem
825 636 1111 701 hominis
1185 640 1252 700 et
1323 636 1781 701 auctoritatem
1854 634 2224 700 testimonii
2303 638 2372 699 et
2398 652 2427 693 ⁵

330 747 594 792 causam
661 747 919 791 omnem
983 724 1358 789 simultatis,
1462 724 1680 809 Atque
1743 725 1802 788 is
1857 724 1941 790 ab
1998 724 2371 807 Hermippo

328 815 593 894 missuS,
651 836 796 878 cum
852 814 911 877 ei
964 834 1172 895 pauca
1229 812 1558 897 mancipia
1600 812 2025 895 vendidisset,
2078 811 2371 875 Romam

330 925 400 969 se
459 902 764 984 contulit,
820 900 1045 965 deinde
1101 901 1172 964 in
1219 900 1452 966 Asiam
1507 900 1730 984 rediit,
1787 922 1933 965 cum
1976 900 2111 965 iam
2154 899 2371 964 frater

204 1048 209 1055 .
330 1012 512 1056 meus
557 989 791 1054 Flacco
841 988 1279 1055 successisset.
1370 988 1475 1054 Ad
1521 1010 1711 1074 quem
1759 988 1920 1055 adiit
1966 1010 2367 1072 causamque

219 1802 291 1850 50

221 2946 286 2994 51

328 1079 424 1143 ita
479 1078 740 1161 detulit,
805 1081 1294 1161 recuperatores
1350 1077 1418 1142 vi
1454 1076 1689 1160 ¹Flacci
1742 1081 2003 1144 coactos
2058 1082 2126 1142 et
2180 1080 2368 1141 metu
2396 1097 2455 1136 ιο

329 1167 568 1231 falsum
621 1166 866 1232 invitos
920 1165 1326 1230 iudicavisse.
1418 1164 1651 1229 Frater
1697 1187 1880 1230 meus
1924 1188 2045 1250 pro
2094 1186 2215 1229 sua
2262 1188 2367 1229 ae-

330 1254 579 1339 quitate
615 1253 1090 1339 prudentiaque
1127 1253 1429 1331 decrevit,
1465 1258 1558 1337 ut,
1595 1252 1653 1318 si
1688 1253 2045 1319 iudicatum
2071 1258 2367 1339 negaret,

328 1342 398 1406 in
444 1342 713 1426 duplum
758 1342 910 1425 iret3
956 1341 1014 1406 si
1059 1346 1239 1408 metu
1286 1345 1547 1407 coactos
1594 1338 1861 1425 diceret,
1906 1341 2181 1407 haberet
2225 1362 2367 1407 eos·

329 1431 477 1495 dem
535 1432 1047 1515 recuperatores,
1147 1429 1500 1495 Recusavit
1564 1434 1657 1511 et,
1724 1431 1909 1513 quasi
1962 1429 2129 1495 nihil
2186 1434 2364 1495 esset

329 1522 566 1601 actum,
601 1518 765 1583 nihil
800 1517 1175 1601 iudicatum,
1213 1518 1296 1583 ab
1332 1516 1693 1602 Hermippo
1729 1517 1973 1583 ibidem
2010 1518 2357 1604 mancipia,
2393 1537 2450 1578 15

330 1629 495 1691 quae
549 1606 690 1691 ipse
739 1606 798 1671 ei
843 1606 1249 1690 vendiderat,
1303 1610 1521 1689 petere
1568 1604 1799 1691 coepit.
1888 1605 1976 1671 Μ.
2024 1604 2363 1671 Gratidius

326 1696 614 1781 legatuS,
671 1695 753 1759 ad
810 1715 1003 1780 quem
1058 1698 1160 1759 est
1215 1694 1491 1778 aditum,
1548 1695 1872 1760 actionem
1926 1716 1997 1760 se
2054 1694 2361 1760 daturum

328 1784 623 1869 negavit3
685 1804 756 1847 re
818 1782 1106 1847 iudicata
1168 1782 1332 1847 stari
1397 1783 1683 1848 ostendit
1734 1783 2008 1866 placere.
2109 1781 2360 1847 Iterum

330 1873 475 1957 iste,
515 1872 618 1937 cui
652 1870 872 1935 nullus
911 1874 1084 1935 esset
1111 1893 1387 1957 usquam
1416 1871 1810 1938 consistendi
1837 1871 2039 1955 locus,
2074 1870 2357 1938 Romam

329 1983 397 2025 se
470 1960 755 2044 rettulit3
836 1959 1250 2045 persequitur
1320 1959 1745 2046 Hermippus,
1820 1961 1932 2044 qui
2001 1982 2360 2046 numquam
2390 1976 2447 2016 20

327 2049 517 2114 istius
564 2047 1003 2132 impudentiae
1049 2047 1262 2114 cessit.
1328 2047 1505 2112 Petit
1541 2048 1917 2114 Heraclides
1965 2071 2005 2114 a
2042 2047 2110 2114 C.
2140 2048 2357 2114 Plotio

329 2141 659 2220 senatore,
711 2135 853 2202 viro
909 2135 1246 2219 primario,
1306 2136 1418 2221 qui
1478 2137 1737 2223 legatus
1791 2137 1860 2201 in
1907 2136 2070 2201 Asia
2122 2136 2359 2222 fuerat,

328 2225 654 2310 mancipia
700 2224 1040 2309 quaedam,
1089 2246 1254 2309 quae
1302 2246 1399 2308 se,
1446 2247 1593 2290 cum
1636 2224 1957 2289 iudicatus
2004 2229 2195 2306 esset,
2240 2248 2361 2310 per

325 2313 463 2378 vim
525 2312 892 2377 vendidisse
957 2313 1230 2378 dicebat.
1322 2311 1396 2389 Q.
1441 2311 1651 2397 Nas0,
1713 2313 1818 2378 vir
1878 2313 2358 2398 ornatissimuS,

330 2401 442 2486 qui
494 2405 759 2484 praetor
810 2401 1054 2484 fuerat,
1107 2401 1301 2467 iudex
1348 2401 1643 2467 sumitur.
1735 2399 1861 2476 Qui
1906 2424 2053 2466 cum
2100 2405 2357 2468 senten·
2385 2415 2439 2457 2⁵
2527 2433 2528 2446 ¹

326 2491 490 2554 tiam
537 2490 889 2554 secundum
923 2488 1213 2554 Plotium
1251 2510 1322 2554 se
1360 2489 1685 2554 dicturum
1721 2489 2107 2572 ostenderet,
2154 2490 2239 2554 ab
2276 2511 2354 2556 eo

327 2577 534 2642 iudice
581 2577 749 2641 abiit
795 2582 887 2662 et,
932 2577 1105 2662 quod
1148 2577 1460 2642 iudicium
1504 2579 1650 2664 lege
1694 2599 1831 2643 non
1874 2580 2043 2660 erat,
2089 2599 2354 2643 causam

325 2667 539 2730 totam
585 2664 869 2749 reliquit.
960 2662 1217 2730 Satisne
1264 2666 1479 2749 vobis,
1524 2665 1785 2747 iudices,
1830 2665 2056 2732 videor
2098 2665 2183 2731 ad
2230 2665 2358 2732 sin-

329 2753 519 2838 gulos
574 2756 774 2818 testes
831 2753 1129 2819 accedere
1183 2775 1421 2838 neque,
1475 2757 1551 2819 ut
1602 2754 1817 2839 primo
1866 2755 2354 2840 constitueram,

326 2845 588 2906 tantum
635 2841 827 2905 modo
875 2863 1022 2906 cum
1068 2841 1371 2906 universo
1421 2863 1655 2928 genere
1704 2842 2095 2928 confligere?
2381 2859 2433 2900 80

461 2928 672 2994 Venio
729 2929 811 2993 ad
854 2927 1211 3012 Lysaniam
1257 2929 1543 2996 eiusdem
1591 2929 1905 3011 civitatis,
1959 2930 2355 3016 peculiarem

326 3021 534 3102 tuum,
579 3017 879 3101 Deciane,
924 3021 1188 3102 testem3
1237 3039 1432 3102 quem
1476 3024 1549 3083 tu
1586 3039 1736 3083 cum
1772 3018 2091 3104 ephebum
2127 3019 2355 3085 Temni

327 3127 707 3190 cognosseS,
784 3105 938 3188 quia
1011 3109 1152 3170 tum
1223 3109 1290 3169 te
1361 3105 1575 3170 nudus
1641 3104 2027 3189 delectatat,
2100 3129 2351 3193 semper

325 3194 571 3260 nudum
617 3215 760 3259 esse
804 3191 1087 3259 voluisti.
1171 3192 1523 3258 Abduxisti
1567 3193 1813 3261 Temno
1860 3195 2346 3280 Apollonidem3

326 3283 667 3364 pecuniam
725 3280 1211 3347 adulescentulo
1269 3282 1503 3366 grandi
1546 3282 1797 3364 fenore,
1850 3282 2089 3349 fiducia
2133 3287 2347 3349 tamen
2372 3297 2421 3340 ³⁵
2527 3327 2528 3332 κ

329 3374 621 3454 accepta,
676 3369 1092 3453 occupavisti.
1183 3369 1371 3434 Hanc
1426 3370 1732 3435 fiduciam
1767 3371 2184 3437 commissam
2228 3372 2347 3437 tibi

327 3456 513 3536 dicis;
571 3462 754 3522 tenes
809 3456 1002 3522 hodie
1057 3478 1134 3523 ac
1184 3457 1497 3542 possides.
1586 3457 1759 3524 Eum
1815 3463 1890 3526 tu
1943 3463 2182 3526 testem
2236 3481 2345 3546 spe
2438 3478 2444 3484 ·
