2534 3875
837 184 992 239 OAP.
1031 190 1243 240 37—39
1285 190 1317 250 ς)
1358 190 1657 241 104-109,
2134 188 2261 251 141

212 329 326 395 Ne
377 330 438 394 is
496 328 756 413 quidem
812 328 1115 393 absolvit.
1205 328 1511 414 Longum
1566 335 1667 394 est
1722 330 1799 395 de
1856 330 2262 417 singulorum

217 420 469 483 virtute
505 418 627 481 illa
663 417 889 499 dicere,
927 438 1091 501 quae
1129 418 1284 501 quia
1321 418 1589 503 cognita
1626 422 1779 483 sunt
1817 419 1900 483 ab
1939 419 2263 504 omnibUS‚

217 506 575 571 verborum
644 510 1030 571 ornamenta
1087 527 1222 569 non
1283 509 1621 589 quaerunt.
1730 505 1957 581 Qualis
2016 508 2119 572 vir
2174 507 2263 573 M.

217 594 562 659 Iuventius
606 593 782 658 Pedo
840 593 968 658 fuit
1015 616 1094 657 ex
1138 598 1358 658 vetere
1403 595 1524 658 illa
1567 594 1855 660 iudicum
1901 595 2263 680 disciplina,

161 702 193 741 τι
222 683 437 767 qualis
484 681 557 746 L.
587 680 853 747 Caulius
881 680 1166 765 Mergus,
1212 682 1301 746 M.
1328 680 1609 767 Basilus,
1657 681 1725 748 O.
1755 681 2112 749 Caudinus!
2151 684 2261 769 qui

223 792 452 837 omnes
494 771 584 835 'in
648 769 902 835 iudiciis
957 770 1234 855 publicis
1289 771 1423 835 iam
1476 774 1619 836 tum
1679 770 1954 836 florente
2016 794 2087 836 re
2149 795 2265 856 pu-

219 860 402 924 blica
454 857 833 923 floruerunt.
920 858 1022 923 Ex
1076 858 1303 923 eodem
1359 881 1631 924 numero
1677 858 1750 923 L.
1797 858 2091 940 Cassius,
2148 860 2263 925 Cn.

220 947 431 1012 Heius
477 948 623 1030 pari
661 950 728 1011 et
764 947 1147 1032 integritate
1186 950 1252 1011 et
1288 948 1662 1032 prudentia3
1703 970 1978 1033 quorum
2013 948 2262 1013 nullius

223 1036 555 1100 sententia
627 1040 730 1099 est
794 1033 1190 1119 Oppianicus
1271 1035 1627 1101 absolutus.
1738 1036 1960 1122 Atque
2023 1037 2093 1100 in
2155 1037 2261 1101 his

139 1145 196 1183 10
225 1124 532 1190 omnibus
586 1127 750 1188 natu
806 1122 1142 1204 minimuS‚
1204 1123 1469 1209 ingenio
1528 1128 1595 1188 et
1649 1124 1992 1210 diligentia
2047 1128 2115 1189 et
2167 1147 2262 1190 re-

222 1212 472 1298 ligione
515 1234 638 1296 par
683 1212 785 1295 iis,
832 1233 995 1295 quos
1044 1214 1238 1275 antea
1276 1214 1798 1297 commemoravi,
1844 1213 1914 1277 P.
1943 1211 2261 1294 SaturiuS,

219 1302 294 1365 in
355 1300 582 1365 eadem
650 1300 976 1365 sententia
1042 1298 1185 1364 fuit.
1292 1300 1346 1365 O
1404 1301 1846 1366 innocentiam
1904 1300 2249 1387 Oppianici
2267 1320 2367 1370 108

221 1389 653 1475 singularem!
704 1409 831 1472 quo
877 1388 947 1451 in
991 1410 1132 1471 re0,
1181 1387 1293 1472 qui
1340 1388 1647 1472 absolvit,
1696 1389 2105 1474 ambitiosae,
2153 1390 2263 1473 qui

221 1477 500 1560 distulit,
537 1480 784 1560 cautuS,
822 1476 936 1560 qui
972 1439 1445 1560 condemnavit,
1483 1480 1791 1541 constans
1830 1477 2260 1543 existimatur.

139 1584 193 1624 15
358 1564 540 1630 Haec
573 1568 718 1628 tum
756 1569 992 1650 agente
1022 1564 1324 1641 Quinctio
1361 1586 1571 1649 neque
1606 1563 1678 1628 in
1714 1566 2018 1630 contione
2053 1587 2262 1649 neque
2282 1566 2367 1629 39

221 1654 296 1718 in
362 1652 601 1718 iudicio
676 1653 1122 1718 demonstrata
1183 1656 1361 1737 sunt3
1430 1674 1640 1737 neque
1700 1654 1875 1718 enim
1934 1653 2076 1738 ipse
2136 1654 2263 1719 dici

221 1742 619 1827 patiebatur,
653 1763 773 1807 nec
807 1763 924 1826 per
961 1741 1447 1806 multitudinem
1487 1741 1880 1806 concitatam
1910 1741 2262 1807 consistere

223 1830 530 1913 cuiquam
592 1829 664 1893 in
724 1829 994 1895 dicendo
1059 1829 1321 1895 licebat.
1420 1828 1652 1915 Itaque
1714 1829 1857 1914 ipse
1910 1834 2261 1914 postquam

222 1917 485 1984 Iunium
529 1919 866 2002 pervertit,
911 1921 1124 1985 totam
1171 1941 1437 1984 causam
1482 1917 1777 2004 reliquit3
1823 1918 2048 2004 paucis
2087 1918 2263 1984 enim

140 2027 194 2066 20
225 2008 453 2072 diebus
481 2007 486 2013 ’
515 2007 652 2071 illis
715 2011 784 2072 et
838 2007 980 2092 ipse
1039 2006 1336 2089 privatus
1393 2012 1495 2073 est
1548 2007 1762 2072 factus
1810 2011 1877 2071 et
1921 2007 2263 2072 hominum

227 2095 448 2160 studia
494 2094 844 2160 defervisse
889 2095 1334 2181 intellegebat.
1430 2095 1705 2180 Quodsi,
1750 2117 1867 2180 per
1914 2117 2078 2180 quos
2125 2095 2261 2160 dies

224 2183 485 2248 Iunium
560 2183 918 2267 accusavit,
1000 2182 1479 2248 Fidiculanium
1551 2205 1854 2250 accusare
1927 2184 2264 2268 voluisset,

227 2272 660 2356 respondendi
704 2269 1109 2337 Fidiculanio
1167 2276 1461 2354 potestas
1508 2273 1686 2338 facta
1729 2295 1866 2338 non
1911 2277 2101 2338 esset.
2166 2275 2264 2338 Ac

227 2360 438 2444 primo
478 2359 740 2444 quidem
777 2360 1079 2425 omnibus
1114 2359 1252 2425 illis
1289 2360 1632 2445 iudicibuS,
1679 2361 1791 2445 qui
1829 2360 2262 2445 Oppianicum

142 2466 199 2507 2⁵
231 2449 766 2530 condemnarant,
833 2449 1224 2514 minabatur.
1321 2448 1467 2513 Iam
1518 2449 1937 2514 insolentiam
1994 2450 2245 2515 noratis
2269 2466 2369 2516 109

229 2536 542 2614 hominis,
594 2536 847 2602 noratis
905 2538 1160 2602 animos
1215 2527 1355 2602 eius
1416 2559 1493 2602 ac
1540 2537 1810 2621 spiritus
1858 2537 2263 2603 tribunicios,

232 2624 417 2701 Quod
455 2629 598 2689 erat
626 2625 864 2708 odium,
900 2625 967 2688 di
993 2625 1419 2708 immortaleS,
1458 2647 1623 2709 quae
1654 2626 1977 2710 superbia,
2016 2631 2263 2710 quanta

228 2713 608 2799 ignorantia
663 2713 788 2796 sui,
845 2735 1039 2796 quam
1098 2713 1317 2799 gravis
1366 2719 1562 2797 atque
1607 2714 2045 2779 intolerabilis
2091 2737 2264 2781 arro-

231 2802 484 2886 gantia!
546 2803 656 2885 qui
709 2801 876 2865 illud
932 2801 1068 2866 iam
1120 2802 1338 2886 ipsum
1396 2802 1625 2867 acerbe
1681 2803 1937 2886 tulerit,
2001 2824 2079 2867 ex
2135 2825 2263 2889 quo

141 2907 203 2947 30
230 2889 349 2954 illa
410 2893 570 2954 nata
634 2892 786 2954 sunt
846 2889 1092 2971 omnia,
1152 2911 1288 2954 non
1352 2890 1479 2954 sibi
1543 2912 1620 2956 ac
1686 2890 2046 2956 defensioni
2110 2913 2264 2956 suae

231 2977 669 3043 condonatum
715 2999 857 3042 esse
896 2978 1352 3062 Oppianicum3
1397 2977 1670 3062 proinde
1707 2979 1895 3063 quasi
1929 3000 2063 3043 non
2102 2981 2263 3044 satis

233 3065 411 3150 signi
457 3087 598 3130 esse
647 3066 941 3130 debuerit
989 3066 1072 3131 ab
1121 3066 1423 3130 omnibus
1471 3089 1619 3131 eum
1663 3067 1868 3132 fuisse
1915 3067 2264 3151 desertum,

231 3155 346 3238 qui
405 3175 475 3218 se
539 3154 622 3218 ad
683 3159 1035 3238 patronum
1099 3154 1290 3218 illum
1359 3155 1762 3219 contulisset.
1858 3153 2027 3219 Erat
2089 3156 2262 3219 enim

229 3241 482 3307 Romae
527 3263 784 3307 summa
829 3243 1017 3327 copia
1061 3245 1519 3327 patronorum,
1574 3243 1916 3308 hominum
1962 3242 2263 3325 eloquen-

143 3345 201 3388 35
230 3330 637 3395 tissimorum
678 3334 872 3415 atque
903 3331 1476 3415 amplissimorum,
1514 3352 1791 3416 quorum
1820 3333 1995 3394 certe
2025 3331 2263 3414 aliquis

231 3419 633 3483 defendisset
688 3419 973 3503 equitem
1019 3419 1388 3483 Romanum
1444 3421 1514 3483 in
1568 3418 1923 3503 municipio
1982 3440 2097 3482 suo
2152 3440 2264 3482 no-

228 3505 466 3592 bilem,
530 3507 586 3570 si
640 3507 913 3572 honeste
966 3509 1268 3594 putasset
1325 3506 1463 3571 eius
1520 3507 1697 3570 modi
1751 3527 2013 3570 causam
2069 3527 2263 3591 posse
