2534 3875
646 625 745 699 M.
806 625 1093 698 TULLI
1152 625 1658 700 CICERONIS

474 772 785 856 PRO
887 772 993 856 M.
1087 772 1813 856 FONTEIO

853 912 1443 998 ORATIO.

852 1155 1258 1216 ARGUMEN
1262 1156 1454 1217 TUM

264 1255 336 1308 M.
364 1255 643 1310 Fonteius
678 1254 755 1310 M.
784 1253 947 1322 filius,
988 1253 1124 1320 eius,
1166 1255 1263 1322 qui
1300 1271 1428 1309 cum
1465 1255 1618 1309 esset
1648 1254 1710 1321 Q.
1742 1254 1978 1310 Servilio
2009 1271 2172 1325 prae-

138 1325 233 1380 tori
258 1325 413 1380 bello
445 1325 650 1380 sociali
675 1324 917 1394 legatuS,
934 1297 1279 1380 interf'ectus
1301 1327 1388 1380 est
1416 1325 1624 1393 Asculi,
1653 1325 1981 1394 perfunctus
2001 1343 2170 1395 quae

139 1399 301 1462 stura,
352 1395 653 1476 legatione
700 1395 759 1449 in
797 1395 1072 1466 Hispania
1118 1398 1177 1450 et
1222 1395 1584 1464 Macedonia,
1629 1397 1900 1465 praetura
1951 1399 2176 1453 urbana

135 1466 445 1533 triennium,
483 1469 551 1520 ut
578 1465 821 1535 videtur,
862 1484 915 1522 u.
942 1482 987 1520 c.
1018 1472 1302 1522 oso—682
1335 1467 1581 1524 Galliam
1610 1467 2036 1550 Narbonensem
2065 1485 2168 1537 pro

132 1542 380 1605 praetore
419 1537 768 1592 obtinuerat.
844 1537 982 1592 Cum
1029 1539 1222 1592 autem
1271 1539 1409 1592 satis
1449 1553 1619 1592 avare
1665 1537 1727 1592 in
1763 1554 1833 1592 ea
1875 1538 2174 1608 provincia

134 1611 376 1664 versatus
418 1624 547 1663 esse
579 1607 866 1662 videretur
898 1607 1292 1690 iniuriamque
1301 1608 1504 1663 fecisse
1541 1609 2001 1677 provincialibuS,
2041 1627 2170 1664 auc—

132 1680 240 1733 tore
275 1679 645 1749 potissimum
672 1677 1075 1746 Indutiomaro,
1112 1678 1370 1749 principe
1396 1679 1786 1748 Allobrogum,
1813 1680 1886 1733 de
1913 1679 2170 1749 pecuniis

132 1749 451 1820 repetundis
501 1767 539 1805 a
584 1749 764 1804 Gallis
812 1766 860 1804 a.
902 1768 954 1805 u.
1000 1767 1045 1804 c.
1096 1756 1199 1804 685
1248 1752 1544 1805 accusatus
1591 1753 1680 1804 est
1726 1752 1916 1804 actore
1963 1767 2168 1805 causae

132 1821 197 1875 M.
230 1821 555 1888 Plaetorio,
604 1821 979 1890 subscriptore
1026 1821 1099 1875 M.
1140 1819 1333 1876 Fabio.
1428 1821 1698 1876 Defendit
1743 1820 1816 1874 M.
1865 1821 2168 1876 Fonteium

129 1891 194 1945 M.
230 1891 430 1948 Cicero
480 1891 666 1947 altera
710 1891 826 1946 iam
865 1892 1084 1947 actione
1122 1891 1230 1945 hac
1276 1889 1406 1963 ipsa
1452 1893 1732 1960 oratione,
1782 1890 1940 1947 cuius
1976 1894 2169 1947 tamen

130 1978 231 2017 non
266 1966 608 2017 manserunt
652 1963 765 2017 nisi
800 1966 991 2031 partes
1028 1961 1309 2032 quaedam
1345 1980 1524 2033 nuper
1559 1965 1790 2017 invento
1828 1962 1890 2020 Β,
1931 1962 1995 2019 G.
2034 1964 2168 2019 Nie-

128 2033 280 2088 buhri
334 2033 647 2101 adauctae,
696 2034 897 2102 quibus
944 2034 1085 2087 haec
1130 2034 1245 2088 tria
1290 2035 1648 2103 potissimum
1697 2034 1959 2103 crimina,
2013 2034 2168 2103 quod

128 2120 243 2159 reus
282 2122 417 2159 aere
457 2104 648 2159 alieno
680 2104 926 2159 Galliam
954 2105 1315 2175 oppresserit,
1355 2104 1507 2173 quod
1545 2106 1848 2185 quaestum
1878 2104 2122 2159 fecerit
2105 2124 2167 2159 111

130 2175 401 2301 imfpflrata
436 2175 659 2301 ἷίαέιῗι
708 2176 1049 2245 munitione,
1108 2174 1261 2244 quod
1299 2176 1616 2244 portorium
1663 2174 1784 2230 vini
1831 2174 2167 2244 instituerit,

130 2262 181 2299 re
206 2264 235 2301 e
282 2262 383 2301 ere
422 2264 449 2299 e
480 2264 518 2299 u
558 2262 591 2301 e

861 2423 1433 2491 FRAGMENTA.

256 2535 314 2599 1.
362 2534 495 2598 Pro
522 2532 785 2599 Fonteio
813 2534 909 2597 M.
942 2533 1189 2597 Tullius
1214 2534 1584 2613 exsequitur,
1612 2534 1780 2614 quod
1801 2532 1934 2599 eius
1970 2552 2163 2599 causa

131 2643 246 2687 non
270 2625 358 2688 sit
381 2624 614 2705 eadem,
640 2642 798 2703 quae
818 2622 1043 2686 Verris,
1090 2618 1330 2707 (Iulius
1342 2620 1547 2686 Victor
1565 2642 1632 2705 p.
1651 2626 1795 2686 400.
1814 2626 1897 2687 13
1910 2619 2161 2708 Halm.)

256 2712 317 2776 2.
381 2712 562 2775 Licet
616 2712 803 2775 etiam
849 2710 1233 2791 principales
1295 2710 1674 2791 quaestiones
1731 2711 1804 2774 in
1846 2712 2164 2793 principio

124 2820 537 2882 praecerpere,
592 2800 701 2863 sed
740 2818 1087 2880 praecursu
1139 2799 1278 2864 solo.
1323 2804 1505 2878 atque
1550 2802 1744 2881 tactu,
1797 2819 1924 2863 non
1976 2804 2050 2864 ut
2091 2801 2166 2865 de

70 2900 91 2940 ⁵
132 2888 223 2952 his
254 2889 476 2969 quaeri
509 2888 812 2970 videatur,
855 2908 974 2969 quo
1010 2888 1187 2951 modo
1216 2906 1340 2968 pro
1377 2887 1608 2951 Flacco
1655 2892 1714 2951 et
1743 2907 1866 2968 pro
1901 2886 2162 2954 Fonteio

132 2977 495 3041 MZTullius
528 2974 729 3040 nihil
768 2977 894 3057 aqi
930 2976 1065 3041 illo
1100 2976 1414 3058 iudicio,
1455 2976 1610 3040 nisi
1645 2980 1727 3039 ut
1763 2976 2163 3059 maqistra-

134 3070 243 3130 tus
292 3067 375 3130 in
418 3064 851 3147 provinciis
902 3084 1049 3129 non
1106 3064 1434 3128 audeant
1485 3065 1858 3145 imperare
1910 3065 2160 3147 sociiS,

134 3155 311 3234 quod
352 3174 439 3219 ex
483 3171 627 3218 usu
670 3153 781 3218 rei
818 3152 1169 3235 publicae
1203 3152 1322 3216 sit.
1371 3150 1526 3235 (Iul.
1559 3153 1766 3218 Victor
1799 3172 1864 3235 p.
1894 3155 2046 3217 423.
2073 3152 2161 3235 8.)

258 3242 317 3306 3.
360 3242 658 3307 Pervenit
690 3260 790 3307 res
824 3261 1016 3323 usque
1058 3242 1146 3305 acl
1169 3240 1476 3323 aeniqnia,
1512 3241 1694 3323 quale
1735 3245 1824 3305 est
1851 3238 2163 3305 Ciceronis
2190 3215 2276 3340 ἑο

76 3343 117 3382 1⁰
136 3330 199 3394 in
221 3329 631 3407 Plaetorium,
667 3330 895 3395 Fontei
928 3334 1357 3412 accusatorem,
1393 3330 1606 3394 cuius
1640 3332 1950 3392 matrem
1983 3328 2161 3411 dixit,

137 3419 292 3483 dum
348 3420 694 3495 vixisset,
770 3418 1047 3497 ludum,
1119 3422 1518 3499 postquam
1592 3420 1884 3480 mortua
1947 3420 2163 3497 esset,

138 3508 528 3591 mayistros
588 3506 953 3572 habuisse.
1072 3505 1450 3571 Dicebantur
1502 3508 1736 3586 autem,
1794 3503 1946 3567 dum
1989 3503 2164 3585 vixit,

234 3620 341 3663 010.
368 3622 421 3662 11
462 3622 502 3663 2.
1809 3611 1842 3657 2
