2534 3875
385 187 518 250 364
984 186 1130 242 PRO
1157 187 1219 242 P.
1260 186 1494 242 SULLA
1531 186 1824 242 ORATIO.

385 331 498 395 sed
553 353 630 395 ex
677 332 966 397 moribus
1017 331 1153 396 eius
1163 382 1181 415 ,
1238 330 1353 415 qui
1398 331 1720 415 arguitur,
1768 334 1868 395 est
1915 329 2453 415 ponderandum.

384 418 613 503 Neque
678 420 853 483 enim
916 424 1138 504 potest
1203 420 1549 503 quisquam
1618 423 1919 483 nostrum
1984 418 2203 483 subito
2264 418 2451 504 fingi

383 528 591 591 neque
639 508 1020 592 cuiusquam
1065 511 1333 593 repente
1378 506 1519 573 vita
1564 509 1807 572 mutari
1846 510 1960 572 aut
1994 510 2237 572 natura
2278 528 2447 572 con-

279 611 347 660 70
385 598 566 661 verti.
669 594 1161 682 circumspicite
1223 594 1557 680 paulisper
1624 595 1951 661 mentibus
2016 594 2290 677 vestriS,
2363 600 2445 658 ut

385 684 517 748 alia
561 684 931 768 mittamus,
978 684 1174 749 hosce
1220 684 1399 768 ipsos
1446 682 1771 766 homines,
1818 683 1930 767 qui
1973 682 2127 749 huic
2174 683 2439 747 adfines
2471 700 2499 740 ⁵

383 773 610 837 sceleri
674 771 956 836 fuerunt.
1057 771 1345 837 Catilina
1408 778 1638 837 contra
1690 793 1830 836 rem
1883 771 2217 856 publicam
2280 793 2440 836 con-

381 859 642 924 iuravit.
736 859 934 924 Cuius
989 881 1177 924 aures
1224 881 1536 943 umquam
1582 859 1744 925 haec
1788 858 2178 944 respuerunt
2218 859 2275 942 †
2325 881 2438 925 co·

381 951 611 1013 natum
668 970 808 1012 esse
869 948 1176 1013 audacter
1231 947 1565 1012 hominem
1612 971 1651 1012 a
1697 948 1977 1031 pueritia
2026 969 2157 1013 non
2207 949 2436 1012 solum

381 1036 889 1120 intemperantia
957 1040 1024 1101 et
1077 1036 1345 1116 scelere,
1410 1036 1525 1101 sed
1580 1034 1781 1100 etiam
1834 1035 2303 1101 consuetudine
2365 1040 2435 1100 et

384 1124 597 1188 studio
634 1124 707 1187 in
744 1124 921 1187 omni
957 1124 1233 1209 flagitio,
1282 1128 1531 1209 stupr0,
1576 1124 1769 1189 caede
1806 1124 2183 1190 versatum?
2260 1122 2431 1199 Quis
2462 1144 2515 1181 ι’·

384 1232 526 1275 eum
567 1215 797 1276 contra
831 1212 1117 1297 patriam
1154 1216 1563 1297 pugnantem
1598 1214 1844 1296 perisse
1880 1212 2175 1293 miratur,
2224 1234 2431 1296 quem

383 1320 638 1384 semper
675 1321 897 1365 omnes
937 1300 1018 1365 ad
1057 1301 1245 1366 civile
1277 1300 1691 1366 latrocinium
1717 1305 1948 1365 natum
1975 1302 2430 1383 putaverunt?

382 1385 539 1462 Quis
587 1388 849 1452 Lentuli
911 1389 1256 1454 societates
1304 1411 1451 1453 cum
1497 1388 1819 1454 indicibus
1826 1438 1845 1472 ,
1902 1388 2046 1473 quis
2090 1388 2429 1453 insaniam

379 1474 753 1559 libidinum,
819 1476 962 1561 quis
1027 1498 1398 1561 perversam
1456 1481 1651 1560 atque
1704 1476 1976 1561 impiam
2029 1476 2427 1561 religionem

380 1564 782 1647 recordatur,
830 1564 942 1648 qui
985 1564 1176 1630 illum
1223 1568 1339 1629 aut
1382 1564 1629 1629 nefarie
1674 1566 1999 1650 cogitasse
2046 1569 2160 1629 aut
2212 1566 2426 1630 stulte
2456 1582 2507 1621 1⁵

381 1672 678 1735 sperasse
724 1652 1048 1717 miretur?
1141 1651 1301 1728 Quis
1340 1654 1418 1717 de
1466 1651 1536 1717 O.
1575 1651 1867 1739 Cethego
1916 1656 2113 1735 atque
2158 1654 2302 1718 eius
2350 1655 2427 1718 in

378 1738 771 1825 Hispaniam
834 1740 1237 1825 profectione
1306 1762 1382 1807 ac
1436 1742 1513 1805 de
1570 1742 1832 1805 vulnere
1889 1739 1962 1816 Q.
2007 1740 2258 1805 Metelli
2316 1741 2425 1805 Pii

381 1830 657 1914 cogitat,
715 1828 819 1892 cui
871 1851 1006 1893 non
1061 1829 1144 1893 ad
1196 1829 1377 1893 illius
1439 1850 1719 1913 poenam
1772 1850 1990 1894 carcer
2036 1828 2421 1895 aedificatus

273 1912 402 2003 (71)
425 1939 565 1982 esse
637 1916 978 1982 videatur?
1091 1915 1343 1984 Omitto
1410 1922 1659 1983 ceteros
1670 1968 1689 2002 ,
1761 1939 1843 1982 ne
1909 1917 1998 1982 sit
2060 1918 2418 2004 infinitum3

273 2021 338 2070 71
378 2008 641 2070 tantum
688 2028 728 2070 a
772 2005 960 2070 vobis
1007 2012 1180 2090 pet0,
1227 2010 1303 2070 ut
1348 2008 1535 2071 taciti
1579 2007 1658 2070 de
1696 2006 2016 2090 omnibus,
2064 2028 2227 2091 quos
2264 2029 2417 2073 con·
2446 2025 2493 2062 2⁰

378 2093 626 2158 iurasse
709 2095 1044 2178 cognitum
1121 2097 1247 2177 est,
1331 2095 1661 2180 cogitetis3
1744 2095 2139 2179 intellegetis
2213 2118 2416 2161 unum

380 2202 698 2266 quemque
757 2203 980 2246 eorum
1034 2181 1216 2265 prius
1276 2183 1360 2246 ab
1417 2204 1536 2247 sua
1588 2183 1727 2246 vita
1781 2205 1977 2268 quam
2031 2186 2253 2247 vestra
2308 2205 2411 2248 su-

381 2269 667 2354 spicione
741 2291 881 2335 esse
955 2269 1355 2334 damnatum.
1461 2271 1685 2353 Ipsum
1751 2269 1935 2336 illum
2002 2272 2410 2356 Autronium,

381 2357 687 2441 quoniam
726 2357 862 2421 eius
899 2379 1137 2422 nomen
1171 2357 1521 2422 finitimum
1562 2359 1841 2422 maxime
1880 2361 1979 2422 est
2012 2358 2209 2423 huius
2245 2363 2407 2444 peri-

379 2447 525 2510 culo
590 2452 655 2509 et
718 2445 1002 2529 crimini,
1065 2467 1199 2511 non
1261 2467 1381 2510 sua
1444 2445 1583 2511 vita
1648 2468 1722 2510 ac
1784 2450 2023 2511 natura
2086 2448 2405 2512 convicit?
2432 2466 2481 2505 ²5

380 2530 650 2617 Semper
697 2534 932 2616 audax,
979 2535 1299 2618 petulans,
1344 2534 1760 2618 libidinosus3
1806 2556 1997 2618 quem
2044 2537 2113 2599 in
2157 2538 2405 2620 stupro-

380 2642 527 2685 rum
575 2620 1056 2687 defensionibus
1094 2643 1226 2686 non
1264 2623 1477 2686 solum
1515 2622 1733 2686 verbis
1770 2624 1867 2687 uti
1902 2622 2402 2706 improbissimis

380 2708 651 2773 solitum
699 2731 841 2774 esse
889 2711 1146 2789 scimus,
1193 2731 1417 2775 verum
1464 2712 1665 2775 etiam
1710 2710 1949 2794 pugnis
1996 2716 2063 2775 et
2107 2711 2402 2796 calcibus,

382 2818 571 2880 quem
639 2797 982 2862 exturbare
1046 2797 1346 2863 homines
1402 2821 1479 2862 ex
1532 2797 2082 2883 possessionibus,
2150 2799 2399 2866 caedem

378 2883 592 2949 facere
629 2885 1010 2967 vicinorum,
1048 2885 1335 2970 spoliare
1370 2885 1528 2950 fana
1563 2887 1906 2970 sociorum,
1941 2888 2007 2951 vi
2046 2889 2395 2970 [conatum]
2424 2907 2474 2945 ³0

382 2977 449 3036 et
496 2973 694 3038 armis
743 2973 1108 3038 disturbare
1145 2974 1404 3058 iudicia,
1449 2977 1519 3038 in
1554 2974 1743 3038 bonis
1780 2975 1976 3039 rebus
2015 2975 2225 3040 omnis
2260 2998 2397 3042 con-

377 3065 694 3142 temnere,
741 3062 812 3126 in
857 3062 1047 3126 malis
1093 3073 1389 3148 pugnare
1435 3066 1663 3127 contra
1707 3063 1936 3146 bonos,
1979 3085 2114 3128 non
2158 3064 2250 3127 rei
2288 3087 2395 3151 pu·

378 3149 586 3215 blicae
644 3150 897 3232 cedere,
952 3171 1086 3213 non
1139 3151 1442 3215 fortunae
1496 3151 1624 3235 ipsi
1670 3151 2104 3216 succumbere.
2194 3150 2391 3218 Huius

379 3238 436 3301 si
497 3259 692 3302 causa
741 3259 876 3302 non
932 3237 1487 3302 manifestissimis
1540 3239 1732 3303 rebus
1778 3243 2132 3323 teneretur,
2186 3244 2391 3306 tamen

379 3347 525 3390 eum
565 3321 786 3390 'mores
832 3325 1039 3410 ipsius
1086 3347 1162 3390 ac
1208 3326 1348 3389 vita
1392 3326 1819 3392 convinceret.
2414 3347 2461 3388 ει

271 3391 358 3514 {25
515 3414 840 3498 Agedum,
895 3413 1186 3478 conferte
1239 3433 1413 3478 nunc
1467 3435 1613 3478 cum
1659 3414 1840 3480 illius
1884 3415 2025 3481 vita
2069 3413 2139 3479 Ρ.
2188 3415 2387 3482 Sullae
2498 3441 2500 3483 ι

378 3499 563 3564 vobis
611 3501 995 3594 populoque·
1029 3500 1327 3564 Romano
1374 3501 1802 3587 notissimam,
1844 3503 2104 3587 iudices,
2150 3508 2216 3568 et
2259 3527 2384 3570 eam
2496 3589 2498 3596 Ι

2490 3721 2497 3862 1
