2534 3875
267 176 394 242 198
731 174 828 229 DE
865 174 1052 229 LEGE
1090 172 1416 229 AGRARIA
1455 172 1726 230 ORATIO
1762 172 1831 228 ΙΙ.

265 319 667 403 acceperitis,
739 319 909 403 fore,
980 318 1079 383 uti
1149 322 1383 404 postea
1446 318 1729 403 cognitis
1796 316 2075 399 insidiis,
2147 339 2297 381 cum

265 408 658 473 decemviros
721 370 982 488 creetiS,
1033 411 1179 472 tum
1231 407 1410 471 vitiis
1468 406 1768 471 omnibus
1828 409 1895 469 et
1943 368 2297 471 sceleribus

137 566 142 571 ,
266 496 433 582 legis
471 494 586 561 Cn.
614 496 887 581 Pompei
930 495 1326 580 praesidium
1374 495 1832 579 opponendum
1870 493 2133 576 putetis.
2206 492 2299 557 Et

160 957 228 1007 26

263 585 389 649 hoc
433 607 708 668 parvum
755 588 1211 669 argumentum
1256 583 1445 648 vobis
1494 582 1646 664 erit,
1691 606 1731 647 a
1776 582 1971 647 certis
2016 582 2301 647 homini-

265 674 386 738 bus
485 672 992 738 dominationem
1082 674 1605 756 potestatemque
1702 670 1994 736 omnium
2075 691 2297 733 rerum
2326 688 2355 729 5

267 762 516 845 quaeri,
581 783 726 826 cum
792 760 1066 825 videatis
1115 782 1306 843 .eum‚
1385 781 1576 844 quem
1641 758 1973 824 custodem
2038 762 2299 823 vestrae

263 849 592 915 libertatis
637 850 779 913 fore
824 848 1117 931 videant,
1163 851 1494 933 expertem
1539 847 1682 913 fieri
1727 847 2115 933 dignitatis?

401 936 792 1022 Cognoscite
818 958 1009 1019 nunc,
1037 958 1200 1020 quae
1229 940 1523 1020 potestas
1555 935 1935 1001 decemviris
1966 939 2031 999 et
2052 939 2301 1019 quanta

269 1025 473 1090 detur.
563 1024 857 1090 Primum
913 1026 1058 1110 lege
1115 1025 1365 1089 curiata
1412 1023 1806 1089 decemviros
1854 1026 2063 1088 ornat.
2154 1023 2298 1089 Iam

266 1114 393 1178 hoc
436 1113 804 1179 inauditum
851 1115 918 1177 et
952 1114 1146 1197 plane
1182 1135 1445 1196 novum,
1489 1112 1589 1177 uti
1625 1112 1873 1177 curiata
1909 1113 2055 1196 lege
2091 1112 2301 1198 magi·
2331 1130 2387 1169 10

270 1204 514 1266 stratus
563 1202 770 1285 detur,
817 1201 928 1285 qui
971 1202 1171 1266 nullis
1211 1201 1494 1266 comitiis
1533 1205 1685 1265 ante
1723 1201 1811 1265 sit
1847 1201 2055 1265 datus,
2128 1200 2298 1264 Eam

266 1290 484 1374 legem
531 1290 614 1354 ab
661 1311 736 1355 eo
784 1293 1085 1374 praetore
1129 1289 1359 1374 populi
1402 1289 1709 1373 Romani,
1757 1289 1866 1373 qui
1914 1288 2001 1353 sit
2046 1288 2299 1372 primus

267 1377 500 1461 factm,
535 1378 694 1442 ferri
729 1378 927 1442 iubet.
992 1376 1085 1441 At
1124 1400 1250 1461 quo
1290 1376 1528 1442 modo?
1592 1376 1687 1441 Ut
1713 1377 1761 1441 ii
1790 1377 2299 1442 decemviratum

268 1466 582 1551 habeant,
630 1487 792 1550 quos
838 1466 1026 1550 plebs
1075 1466 1532 1566 designaverit.
1625 1464 1884 1529 Oblitus
1932 1467 2032 1529 est
2075 1465 2301 1530 nullos

271 1577 312 1619 a
353 1554 544 1638 plebe
593 1554 941 1640 designari.
1031 1554 1122 1621 Et
1166 1553 1224 1617 is
1272 1553 1497 1619 orbem
1542 1556 1865 1618 terrarum
1901 1554 2300 1638 constringit
2332 1572 2386 1611 15

266 1643 457 1707 novis
512 1643 798 1729 legibus,
852 1643 991 1727 qui,
1047 1640 1220 1727 quod
1273 1641 1344 1706 in
1398 1642 1676 1707 secundo
1723 1641 1935 1726 capite
1982 1641 2300 1726 scriptum

270 1734 398 1815 est,
449 1753 583 1796 non
636 1731 932 1795 meminit
988 1732 1058 1793 in
1111 1730 1351 1795 tertio‘?
1453 1730 1670 1813 Atque
1723 1729 1831 1794 hic
1884 1730 2301 1815 perspicuum

270 1822 398 1901 est,
455 1819 609 1903 quid
663 1820 824 1884 iuris
881 1841 920 1882 a
975 1818 1331 1883 maioribus
1382 1818 1785 1903 acceperitis,
1841 1818 1995 1903 quid
2042 1818 2125 1883 ab
2172 1818 2301 1883 hoc

169 1913 246 1978 11
269 1907 533 1973 tribuno
582 1907 794 1992 plebis
841 1907 1028 1972 vobis
1073 1906 1496 1991 relinquatur.
1578 1906 1860 1972 Maiores
1908 1906 1985 1972 de
2022 1906 2301 1991 singulis

164 2369 231 2418 27

269 1996 769 2081 magistratibus
799 1995 901 2060 bis
931 2016 1048 2060 vos
1078 1997 1469 2060 sententiam
1495 1995 1665 2060 ferre
1694 1995 2061 2061 voluerunt.
2123 1995 2302 2061 Nam
2333 2015 2389 2054 20

268 2106 418 2149 cum
465 2084 830 2149 centuriata
875 2084 982 2148 lex
1027 2083 1403 2149 censoribus
1450 2083 1809 2167 ferebatur,
1855 2106 2002 2149 cum
2049 2085 2304 2150 curiata

271 2172 501 2237 ceteris
548 2172 840 2256 patriciis
887 2171 1409 2257 magistratibus,
1458 2174 1601 2236 tum
1645 2172 1886 2236 iterum
1931 2173 2008 2236 de
2056 2172 2303 2238 eisdem

270 2261 694 2340 indicabatur,
723 2265 798 2324 ut
827 2263 1000 2324 esset
1027 2259 1539 2344 reprehendendi
1566 2263 1879 2344 potestaS‚
1908 2260 1965 2325 si
1984 2261 2303 2345 populum

269 2349 565 2413 beneficii
621 2349 722 2412 sui
775 2348 1156 2432 paeniteret.
1255 2347 1475 2432 Nunc,
1540 2348 1851 2432 Quirites,
1915 2350 2128 2433 prima
2181 2350 2305 2415 illa

271 2436 537 2501 comitia
583 2438 820 2500 tenetis
829 2487 848 2520 ‚
902 2437 1268 2501 centuriata
1314 2439 1379 2500 et
1423 2436 1701 2520 tributa,
1747 2437 1999 2501 curiata
2034 2441 2298 2502 tantum
2328 2455 2382 2496 25

271 2524 706 2607 auspiciorum
762 2546 960 2589 causa
1003 2527 1471 2590 remanserunt.
1561 2524 1687 2590 Hic
1732 2529 1953 2590 autem
1996 2525 2304 2590 tribunus

270 2612 480 2694 plebis
524 2612 676 2695 quia
711 2612 976 2677 videbat
1020 2616 1417 2695 potestatem
1444 2612 1766 2677 neminem
1795 2614 2046 2679 iniussu
2072 2615 2307 2698 populi

273 2703 388 2764 aut
441 2699 654 2783 plebis
701 2721 893 2784 posse
939 2700 1210 2782 habere,
1264 2701 1530 2766 curiatis
1578 2723 1723 2765 eam
1768 2701 2077 2785 comitiis,
2135 2724 2305 2786 quae

272 2808 389 2851 vos
426 2809 562 2852 non
595 2786 808 2872 initis,
853 2788 1283 2872 confirmavit,
1319 2788 1589 2873 tributa,
1636 2812 1800 2873 quae
1836 2793 2058 2855 vestra
2096 2796 2304 2874 erant,

273 2875 557 2939 sustulit.
656 2875 786 2959 Ita,
850 2897 997 2941 cum
1061 2876 1339 2940 maiores
1402 2877 1574 2942 binis
1638 2878 1920 2942 comitiis
1973 2879 2307 2944 voluerint
2334 2897 2390 2936 3⁰

272 2985 390 3028 vos
464 2962 541 3027 de
615 2963 889 3049 singulis
963 2964 1458 3049 magistratibus
1530 2965 1842 3050 iudicare,
1924 2966 2032 3031 hic
2104 2966 2306 3032 homo

273 3051 608 3136 popularis
661 3074 744 3116 ne
810 3073 1005 3117 unam
1071 3053 1329 3135 quidem
1395 3054 1638 3138 populo
1695 3054 2107 3119 comitiorum
2162 3060 2307 3138 pot-

168 3161 237 3212 28
277 3144 555 3204 estatem
618 3140 898 3224 reliquit.
991 3137 1118 3205 Sed
1180 3141 1392 3206 videte
1456 3142 1743 3207 hominis
1798 3142 2182 3227 religionem
2239 3147 2308 3208 et

276 3228 704 3328 diligentiam.
766 3225 954 3293 Vidit
993 3233 1056 3293 et
1083 3230 1416 3313 perspexit
1442 3229 1581 3295 sine
1610 3230 1861 3296 curiata
1886 3231 2030 3316 lege
2060 3231 2309 3296 decem-

273 3317 450 3382 viros
486 3321 882 3402 potestatem
910 3317 1151 3382 habere
1177 3339 1311 3382 non
1339 3339 1551 3403 posse,
1588 3320 1895 3403 quoniam
1923 3341 2041 3403 per
2067 3341 2307 3384 novem
2336 3337 2389 3378 35

274 3403 486 3470 tribus
525 3410 742 3470 essent
777 3405 1142 3489 constituti3
1179 3405 1363 3470 iubet
1396 3405 1567 3471 ferre
1606 3407 1684 3472 de
1720 3407 1823 3472 his
1857 3408 2070 3491 legem
2100 3408 2308 3472 curia-

276 3495 446 3576 tam3
492 3495 782 3577 praetori
828 3495 1126 3581 imperat.
1167 3492 1400 3569 ,Quam
1434 3493 1504 3557 id
1538 3494 1756 3581 ipsum
1794 3494 2092 3579 absurde,
2137 3495 2311 3560 nihil
