2534 3875
318 203 454 269 392
894 200 1036 257 PRO
1076 200 1139 258 L.
1176 198 1457 255 FLACCO
1498 199 1765 255 ORATro

323 348 522 433 (quae
567 353 790 413 tamen
838 347 1009 412 solet
1055 367 1195 411 esse
1240 342 1461 429 falsa),
1509 344 1622 410 sed
1665 344 2041 410 iracundiae
2075 366 2204 410 vox
2242 350 2364 410 aut

249 454 286 504 '1
327 436 617 502 doloris?
682 436 775 501 Et
817 435 876 499 is
924 439 1025 500 est
1069 456 1219 499 reus
1269 434 1601 518 avaritiae,
1648 433 1761 518 qui
1805 433 1875 497 in
1918 433 2251 498 uberrima
2286 456 2363 498 re

322 530 517 610 turpe
581 523 1058 626 compendium,
1125 522 1196 586 in
1258 521 1877 587 maledicentissima
1932 522 2224 604 civitate,
2287 522 2365 585 in

325 612 872 697 suspiciosissimo
929 610 1197 697 negotio
1242 610 1663 675 maledictum
1710 632 1925 693 omne,
1981 631 2113 674 non
2158 610 2359 675 modo

323 703 567 767 crimen
607 700 879 785 effugit?
941 698 1291 764 Praetereo
1328 698 1465 783 illa,
1513 718 1678 783 quae
1715 697 2188 781 praetereunda
2222 719 2363 763 non
2397 714 2433 755 ⁵

324 793 507 874 sunt,
551 789 806 853 nullum
853 787 1046 852 huius
1090 786 1162 850 in
1205 786 1480 871 privatis
1528 788 1722 851 rebus
1767 785 2017 851 factum
2066 808 2363 869 avarum,

321 879 576 943 nullam
631 879 698 942 in
753 898 824 940 re
878 874 1252 961 pecuniaria
1307 874 1819 959 contentionem,
1875 875 2126 939 nullam
2170 875 2241 939 in
2288 897 2361 938 re

322 965 639 1032 familiari
675 963 932 1030 sordem
969 984 1162 1047 posse
1199 962 1510 1065 proferri..
1554 960 1805 1038 Quibus
1839 962 2045 1045 igitur
2070 963 2359 1027 testibus

251 1072 298 1119 ὓ
326 1076 450 1140 ego
498 1053 693 1119 hosce
739 1073 1008 1136 possum
1052 1051 1341 1115 refutare
1385 1051 1513 1116 nisi
1562 1051 1793 1117 vobis?
1875 1050 2197 1116 Tmolites
2242 1052 2357 1115 ille

323 1143 618 1225 vicanus,
681 1142 880 1206 homo
947 1161 1082 1206 non
1137 1138 1331 1205 modo
1385 1140 1603 1224 nobiS,
1668 1140 1781 1203 sed
1834 1161 1918 1204 ne
1972 1139 2146 1205 inter
2200 1161 2355 1204 suos
2398 1155 2465 1195 1⁰

325 1230 586 1314 quidem
649 1232 870 1312 notuS,
933 1250 1052 1293 vos
1118 1228 1405 1310 docebit,
1470 1228 1683 1312 qualis
1749 1228 1839 1292 sit
1900 1226 1973 1293 L.
2035 1227 2355 1293 Flaccus?

324 1340 520 1401 quem
592 1340 708 1383 vos
775 1316 1333 1381 modestissimum
1399 1315 1907 1400 adulescentem,
1980 1316 2357 1402 provinciae

324 1406 650 1470 maximae
697 1405 1186 1471 sanctissimum
1231 1404 1472 1488 virum,
1518 1404 1721 1469 vestri
1768 1404 2091 1469 exercitus
2137 1404 2359 1470 fortis·

323 1495 562 1559 simum
610 1494 917 1577 militem,
971 1492 1545 1577 diligentissimum
1591 1492 1847 1576 ducem,
1900 1492 2357 1577 temperantis-

323 1583 562 1647 simum
607 1583 903 1668 legatum
941 1585 1481 1666 quaestoremque
1509 1584 1972 1667 cognoverunt,
2011 1601 2202 1664 quem
2232 1603 2353 1646 vos
2390 1596 2455 1638 1⁵

320 1674 698 1756 praesentes
772 1669 1377 1735 constantissimum
1450 1673 1851 1752 senatorem,
1921 1668 2358 1737 iustissimum

322 1762 721 1844 praetorem,
777 1760 1027 1843 [atque]
1089 1757 1610 1823 amantissimum
1658 1758 1753 1822 rei
1799 1757 2099 1844 publicae
2145 1757 2358 1823 civem

322 1847 744 1912 iudicavistis
808 1846 908 1911 De
946 1846 1181 1930 quibus
1221 1868 1341 1910 vos
1380 1846 1525 1911 aliis
1564 1850 1766 1911 testes
1796 1867 1935 1910 esse
1966 1845 2237 1929 debetis,
2274 1844 2358 1910 de

322 1935 405 2001 iis
442 1937 572 2020 ipsi
609 1937 776 2001 alios
811 1939 1014 2000 testes
1053 1933 1374 2000 audietis?
1431 1933 1524 1999 At
1561 1957 1723 2020 quos
1753 1934 2000 2000 testes?
2056 1932 2359 2000 Primum

323 2025 552 2109 dicam,
587 2024 656 2089 id
693 2024 866 2109 quod
894 2027 996 2088 est
1023 2045 1383 2107 commune,
1420 2022 1734 2107 Graecos3
1772 2045 1907 2089 non
1935 2045 2062 2108 quo
2091 2025 2357 2088 nationi
2387 2040 2451 2078 2⁰

320 2113 471 2179 huic
517 2135 641 2199 ego
687 2133 855 2177 unus
902 2111 1183 2176 maxime
1228 2111 1423 2176 fidem
1471 2112 1791 2196 derogem.
1864 2109 2056 2189 Nam,
2102 2111 2161 2175 si
2207 2111 2359 2196 quis

199 2247 214 2262 .
319 2223 631 2287 umquam
698 2200 775 2265 de
829 2199 1076 2266 nostris
1129 2199 1504 2265 hominibus
1561 2223 1601 2265 a
1656 2221 1891 2286 genere
1946 2199 2077 2264 isto
2134 2199 2357 2264 studio

321 2311 398 2354 ac
444 2289 779 2355 voluntate
823 2309 957 2353 non
1003 2287 1365 2354 abhorrens
1410 2287 1569 2371 fuit,
1624 2309 1725 2353 me
1764 2292 1831 2352 et
1875 2309 2017 2352 esse
2064 2287 2361 2354 arbitror

321 2381 391 2443 et
435 2377 648 2462 magis
698 2376 899 2442 etiam
944 2380 1104 2460 tum,
1150 2398 1297 2441 cum
1344 2377 1493 2462 plus
1540 2381 1683 2441 erat
1730 2376 1867 2460 otii,
1910 2375 2133 2441 fuisse.
2226 2373 2357 2442 Sed

322 2469 477 2531 sunt
530 2465 600 2531 in
654 2465 772 2529 illo
828 2486 1098 2529 numero
1146 2464 1339 2528 multi
1385 2464 1566 2546 boni,
1621 2464 1813 2548 docti,
1858 2465 2194 2549 pudentes,
2242 2466 2357 2549 qui
2388 2480 2443 2521 25

321 2552 405 2617 ad
460 2552 584 2618 hoc
637 2552 945 2618 iudicium
1002 2552 1258 2618 deducti
1304 2574 1437 2618 non
1474 2556 1642 2636 sunt,
1687 2553 1880 2618 multi
1923 2551 2359 2638 impudenteS,

320 2641 640 2725 illiterati,
687 2641 881 2725 leveS,
928 2661 1091 2724 quos
1139 2641 1339 2705 variis
1378 2641 1455 2706 de
1493 2641 1706 2706 causis
1742 2641 1930 2706 video
1968 2641 2356 2707 concitatos.

319 2727 567 2793 Verum
625 2731 848 2793 tamen
905 2728 1031 2795 hoc
1091 2729 1234 2794 dico
1297 2728 1375 2794 de
1434 2733 1579 2795 toto
1635 2750 1871 2815 genere
1927 2727 2357 2794 Graecorum.

321 2815 567 2882 Tribuo
612 2816 749 2882 illis
797 2816 1069 2900 litteras,
1117 2817 1196 2880 do
1245 2819 1599 2883 multarum
1646 2818 1883 2882 artium
1919 2817 2357 2902 disciplinam,

320 2926 455 2971 non
499 2905 714 2970 adimo
763 2906 1080 2970 sermonis
1127 2906 1435 2990 leporem,
1480 2905 1889 2990 ingeniorum
1928 2927 2217 2988 acumen,
2264 2906 2354 2970 di·
2385 2923 2439 2962 ³⁰

319 2993 508 3059 cendi
544 2993 821 3079 copiam,
867 2992 1140 3078 denique
1178 2995 1399 3078 etiam,
1436 2993 1493 3058 si
1531 3015 1695 3078 quae
1734 2993 1864 3058 sibi
1900 2993 2033 3058 alia
2069 2998 2355 3076 sumunt,

317 3103 453 3149 non
489 3101 813 3168 repugn03
849 3081 1376 3147 testimoniorum
1412 3082 1799 3168 religionem
1837 3085 1904 3146 et
1940 3082 2132 3146 fidem
2168 3104 2355 3147 num-

323 3191 521 3254 quam
565 3170 697 3234 ista
740 3169 923 3234 natio
971 3169 1189 3253 coluit,
1235 3171 1568 3255 totiusque
1613 3170 1880 3235 huiusce
1922 3169 2021 3233 rei
2058 3191 2224 3254 quae
2262 3172 2355 3234 sit

211 3273 284 3323 10
321 3259 451 3342 vis,
518 3280 683 3342 quae
741 3257 1123 3341 auctoritas,
1179 3259 1353 3342 quod
1404 3258 1685 3343 pondus,
1737 3259 2063 3343 ignorant.
2161 3256 2354 3322 Unde

319 3346 484 3410 illud
530 3349 658 3410 est:
709 3343 856 3411 ‘Da
901 3345 1090 3410 mihi
1135 3347 1678 3411 testimonium
1725 3344 2146 3411 mutuum'?
2192 3367 2347 3411 num
2380 3363 2432 3404 ³5

237 1826 288 1951 emb

322 3432 688 3515 Gallorum,
745 3455 902 3498 num
959 3433 1402 3517 Hispanorum
1460 3435 1781 3534 putatur?
1881 3433 2120 3500 Totum
2173 3435 2352 3499 istud

321 3518 719 3586 Graecorum
774 3524 902 3596 est,
970 3524 1046 3585 ut
1105 3521 1330 3607 etiam,
1386 3523 1499 3606 qui
1554 3521 1798 3588 Graece
1850 3524 2174 3607 nesciunt,
2226 3522 2353 3589 hoc
