2534 3875
345 179 472 241 172
870 176 1012 230 PRO
1051 178 1114 230 A.
1157 174 1510 230 CLUENTIO
1549 172 1838 229 ORATIO.

343 326 710 387 monstrum
743 320 816 385 in
862 320 1014 384 ullis
1059 320 1239 402 lociS,
1288 318 1459 403 quod
1504 322 1646 382 tam
1690 313 2263 384 infestum'scelus
2302 324 2372 383 et

341 410 623 474 immane
689 413 803 474 aut
856 410 1026 472 unde
1078 410 1307 471 natum
1362 428 1503 470 esse
1557 405 1897 470 dicamus?
1996 406 2139 472 Iam
2194 408 2369 472 enim

343 498 579 562 videtis
633 497 954 581 profectO,
1011 495 1284 577 iudices,
1336 516 1468 558 non
1528 493 1667 558 sine
1710 495 2093 559 necessariis
2142 518 2247 560 me
2295 518 2371 561 ac

343 586 644 651 maximis
716 584 930 650 causis
1001 583 1324 669 principio
1392 582 1708 647 orationis
1774 604 1953 647 meae
2020 583 2097 647 de
2160 588 2372 648 matre

343 673 598 739 dixisse.
681 672 868 737 Nihil
916 677 1017 735 est
1062 671 1236 734 enim
1283 671 1459 753 mali,
1503 669 1668 734 nihil
1712 671 1995 755 sceleriS,
2040 672 2213 756 quod
2249 672 2369 735 illa
2396 688 2425 729 5

341 784 475 827 non
523 763 604 826 ab
644 761 833 824 initio
872 759 1010 824 filio
1047 758 1348 842 voluerit,
1394 759 1737 841 optaverit,
1774 760 2179 843 cogitaverit,
2225 760 2370 824 effe·

344 850 521 915 cerit.
611 848 806 913 Mitto
861 848 1044 913 illam
1102 846 1384 930 primam
1438 846 1729 911 libidinis
1785 846 2117 929 iniuriam,
2174 848 2369 912 mitto

341 938 626 1003 nefarias
689 936 914 1022 generi
967 935 1259 1019 nuptiaS,
1321 935 1516 999 mitto
1572 934 1928 1016 cupiditate
1982 935 2233 999 matris'
2270 958 2372 999 ex-

342 1025 603 1109 pulsam
641 1046 718 1088 ex
756 1022 1174 1089 matrimonio
1211 1022 1437 1105 filiam,
1474 1043 1638 1106 quae
1666 1022 1952 1087 nondum
1983 1023 2066 1087 ad
2100 1023 2373 1089 huiusce

341 1113 519 1177 vitae
582 1112 968 1196 periculum,
1033 1110 1144 1174 sed
1209 1111 1292 1175 ad
1355 1131 1694 1175 commune
1754 1110 2041 1175 familiae
2096 1110 2374 1176 dedecus
2402 1130 2459 1171 ιο

343 1200 789 1285 pertinebant3
834 1199 1000 1263 nihil
1048 1199 1126 1263 de
1173 1199 1400 1263 alteris
1440 1196 1780 1283 Oppianici
1822 1198 2071 1282 nuptiis
2119 1221 2375 1283 queror,

346 1310 620 1372 quarum
675 1288 795 1352 illa
849 1309 995 1352 cum
1051 1286 1311 1351 obsides
1364 1286 1533 1350 filios
1590 1287 1674 1349 ab
1730 1308 1806 1351 eo
1859 1292 2149 1352 mortuos
2195 1309 2375 1353 acce-

343 1376 580 1461 pisset,
633 1380 778 1440 tum
833 1376 1104 1459 denique
1149 1375 1220 1438 in
1262 1374 1551 1439 familiae
1598 1373 1847 1439 luctum
1893 1378 2088 1458 atque
2130 1376 2199 1439 in
2245 1377 2378 1459 pri-

345 1463 690 1548 vignorum
745 1464 940 1527 funus
995 1463 1244 1546 nupsit3
1303 1466 1669 1546 praetereO,
1725 1464 1895 1548 quod
1952 1464 2029 1527 A.
2076 1462 2377 1548 Aurium,

345 1553 526 1617 cuius
580 1553 700 1615 illa
758 1550 1082 1636 quondam
1141 1572 1389 1632 socrus,
1443 1552 1640 1633 paulo
1699 1555 1849 1615 ante
1904 1572 2067 1615 uxor
2118 1551 2459 1634 fuisset,15

345 1662 492 1705 cum
556 1639 899 1725 Oppianici
973 1661 1112 1703 esse
1186 1660 1383 1721 opera
1454 1639 1891 1722 proscriptum
1965 1640 2379 1725 occisumque

347 1732 712 1813 cognosset,
759 1749 902 1791 eam
949 1727 1074 1791 sibi
1121 1726 1385 1790 domum
1432 1726 1777 1809 sedemque
1823 1726 2085 1811 delegit,
2128 1728 2200 1790 in
2248 1750 2381 1811 qua

347 1816 586 1881 cotidie
639 1816 992 1899 superioris
1047 1814 1174 1878 viri
1229 1814 1456 1879 mortis
1515 1814 1753 1879 indicia
1800 1819 1867 1879 et
1913 1815 2127 1899 spolia
2170 1816 2379 1881 fortu-

243 1917 344 1969 189
365 1926 599 1970 narum
645 1903 908 1969 videret.
972 1902 1143 1967 Illud
1191 1902 1477 1986 primum
1530 1923 1767 1987 queror
1816 1903 1891 1969 de
1950 1902 2068 1968 illo
2116 1904 2380 1988 scelere,

347 1994 520 2076 quod
563 2014 734 2057 nunc
782 1991 1054 2075 denique
1099 1991 1498 2075 patefactum
1538 1996 1665 2076 est,
1712 1989 2080 2056 Fabriciani
2125 1997 2381 2076 veneni,
2409 2011 2464 2052 20

348 2081 521 2165 quod
565 2081 698 2145 iam
744 2083 885 2144 tum
931 2101 1154 2144 recens
1203 2081 1629 2163 suspiciosum
1679 2081 1929 2161 ceteris,
1974 2079 2125 2145 huic
2171 2081 2378 2146 incre—

349 2169 563 2252 dibile,
599 2189 769 2232 nunc
806 2189 958 2232 vero
997 2170 1293 2250 apertum
1331 2169 1463 2231 iam
1502 2167 1801 2232 omnibus
1843 2191 1918 2234 ac
1956 2167 2375 2234 manifestum

347 2257 622 2322 videtur.
686 2254 840 2320 Non
877 2258 978 2320 est
1013 2255 1308 2340 profecto
1346 2256 1425 2319 de
1461 2255 1578 2320 illo
1616 2277 1863 2320 veneno
1899 2256 2109 2321 celata
2138 2260 2381 2340 mater;

348 2344 516 2408 nihil
555 2347 657 2408 est
695 2345 776 2408 ab
809 2342 1166 2428 Oppianico
1198 2344 1335 2407 sine
1365 2343 1640 2412 consilio
1670 2345 1959 2409 mulieris
1988 2345 2381 2430 cogitatum,

351 2432 581 2515 quodsi
635 2435 831 2515 esset,
888 2434 1060 2496 certe
1116 2435 1346 2514 postea
1402 2430 1799 2514 deprehensa
1843 2455 1915 2497 re
1958 2453 2093 2496 non
2136 2432 2260 2497 illa
2304 2438 2381 2497 ut
2410 2449 2466 2493 ιε

350 2542 391 2584 a
454 2521 595 2584 viro
663 2519 958 2601 improbo
1025 2518 1455 2600 discessisset,
1521 2519 1634 2583 sed
1693 2525 1767 2584 ut
1828 2543 1869 2584 a
1926 2520 2381 2586 crudelissimo

349 2607 542 2671 hoste
577 2606 860 2690 fugisset
895 2607 1283 2688 domumque
1318 2606 1560 2670 illam
1540 2629 1607 2670 in
1644 2611 2031 2692 perpetuum
2060 2608 2383 2674 scelerum

247 2707 349 2758 190
370 2695 661 2758 omnium
689 2693 1080 2758 adfluentem
1107 2695 1498 2777 reliquisset.
1548 2693 1700 2759 Non
1728 2697 1919 2761 modo
1949 2697 2013 2761 id
2042 2717 2175 2762 non
2202 2697 2383 2782 fecit,

353 2782 466 2845 sed
532 2781 614 2844 ab
679 2781 799 2845 illo
853 2785 1144 2865 tempore
1199 2782 1450 2846 nullum
1506 2782 1723 2848 locum
1776 2784 2246 2867 praetermisit,
2310 2787 2384 2850 in

354 2891 481 2953 quo
527 2891 662 2932 non
711 2872 990 2933 strueret
1029 2869 1218 2949 [filio]
1258 2869 1529 2934 insidias
1568 2871 1823 2955 aliquas
1862 2893 1937 2936 ac
1975 2873 2111 2936 dies
2150 2893 2378 2936 omnes
2413 2893 2469 2932 so

354 2961 549 3040 atque
611 2959 836 3021 noctes
883 2959 1027 3022 tota
1072 2961 1290 3021 mente
1334 2961 1546 3021 mater
1590 2958 1671 3022 de
1712 2959 1999 3042 pernicie
2042 2959 2163 3024 filii
2207 2961 2383 3045 cogi-

352 3048 544 3111 taret.
618 3042 797 3119 Quae
841 3045 1124 3128 primum
1162 3047 1236 3108 ut
1274 3046 1462 3110 illum
1499 3046 1914 3111 confirmaret
1950 3046 2381 3131 Oppianicum

353 3136 798 3198 accusatorem
845 3132 981 3197 filio
1031 3155 1176 3216 suo,
1233 3133 1447 3215 doniS,
1494 3135 1900 3214 muneribus,
1946 3135 2381 3202 collocatione

247 3221 330 3285 67
370 3222 563 3306 filiae,
608 3243 724 3304 spe
769 3221 1152 3284 hereditatis
1189 3220 1560 3285 obstrinxit.
1620 3221 1745 3302 Ita,
1790 3223 1961 3306 quod
1998 3224 2169 3306 apud
2206 3228 2381 3289 cete-

353 3330 464 3373 ros
523 3311 704 3373 novis
749 3308 921 3372 inter
966 3309 1365 3392 propinquos
1414 3309 1733 3392 susceptis
1778 3310 2137 3376 inimicitiis
2184 3333 2383 3398 saepe
2414 3329 2470 3374 aa

354 3396 496 3460 fieri
543 3397 825 3461 divortia
871 3400 1066 3480 atque
1114 3396 1525 3460 adfinitatum
1572 3397 1841 3462 discidia
1875 3399 2171 3479 vidimuS,
2218 3401 2383 3465 haec

355 3484 586 3548 mulier
653 3485 814 3549 satis
879 3485 1138 3548 firmum
1205 3488 1645 3549 accusatorem
1711 3485 1847 3551 filio
1902 3507 2019 3550 suo
2072 3485 2216 3552 fore
2270 3511 2382 3554 ne-
