2534 3875
285 172 416 237 160
818 174 962 228 PRO
1001 172 1066 227 A.
1107 172 1465 227 CLUENTIO
1508 173 1797 231 ORATIO.

281 318 602 400 privatos,
672 317 1057 382 iudiciorum
1126 340 1445 383 novorum
1504 320 1813 402 periculis
1873 342 2011 384 non
2081 343 2324 387 carere.

285 404 662 471 Senatorem
718 405 843 470 hoc
899 406 1083 489 queri
1134 428 1272 470 non
1327 428 1548 490 posse,
1607 410 1954 492 propterea
2015 410 2190 493 quod
2248 432 2328 475 ea

283 493 656 559 condicione
683 496 1023 581 propo-sita
1049 498 1272 579 petere
1300 495 1641 579 coepisset,
1671 496 1969 580 quodque
1996 499 2327 580 permulta

283 585 501 646 essent
573 586 982 664 ornamenta,
1056 583 1290 666 quibus
1366 605 1509 647 eam
1583 584 1889 667 mitigare
1952 588 2327 651 molestiam

281 673 536 755 posset,
581 670 783 754 10003,
830 671 1202 753 auctoritas,
1251 671 1428 736 domi
1475 672 1796 755 splendor,
1844 673 2015 757 apud
2061 679 2323 740 exteras
2354 692 2387 734 5

281 758 582 823 nationes
620 780 862 823 nomen
902 763 967 823 et
1004 759 1237 843 gratia,
1276 763 1437 860 toga
1472 763 1829 843 praetexta,
1870 762 2029 825 sella
2056 764 2324 847 curuliS,

281 847 586 931 insignia,
631 845 864 930 fasces,
911 848 1250 931 exercitus,
1296 848 1591 931 imperia,
1636 850 2038 933 provinciae3
2084 852 2324 935 quibus

281 935 350 998 111
379 935 573 999 rebus
604 956 750 999 cum
780 956 1035 999 summa
1061 939 1232 1000 recte
1261 935 1453 1000 factis
1483 936 1760 1001 maiores
1778 938 1993 1002 nostri
2010 940 2325 1023 praemia,

279 1026 423 1087 tum
481 1023 672 1105 plura
718 1024 998 1106 peccatis
1045 1024 1339 1107 pericula
1383 1025 1725 1109 proposita
1771 1048 1911 1090 esse
1957 1027 2323 1092 voluerunt.

279 1110 391 1174 Illi
436 1132 570 1175 non
615 1110 739 1175 hoc
785 1112 1193 1194 recusabant,
1237 1133 1320 1175 ne
1369 1133 1445 1177 ea
1480 1112 1626 1197 lege
1666 1119 2141 1198 accusarentur,
2190 1137 2323 1199 qua

279 1220 452 1263 nunc
505 1197 794 1263 Habitus
865 1163 1234 1281 accusatui,
1301 1222 1465 1283 quae
1521 1206 1665 1265 tum
1720 1207 1861 1267 erat
1916 1200 2323 1286 Sempronia,

279 1307 452 1350 nunc
509 1290 612 1349 est
660 1285 964 1351 Cornelia
1024 1285 1529 1373 (intellegebant
1587 1288 1758 1353 enim
1814 1311 1893 1355 ea
1937 1292 2081 1374 lege
2130 1314 2323 1375 eque-

281 1378 481 1438 strem
538 1374 831 1439 ordinem
888 1397 1022 1440 non
1076 1376 1345 1461 teneri),
1400 1377 1540 1460 sed,
1597 1399 1678 1441 ne
1732 1399 1903 1443 nova
1964 1380 2111 1463 lege
2158 1380 2323 1443 adli-

177 1479 277 1527 155
303 1466 630 1546 garentur,
669 1463 1076 1529 laborabant.
1137 1464 1425 1544 Habitus
1454 1486 1536 1528 ne
1565 1465 1690 1531 1100
1719 1465 1979 1549 quidem
2008 1489 2321 1551 umquam

279 1551 620 1634 recusavit,
670 1573 798 1635 quo
847 1552 1062 1617 minus
1108 1538 1214 1617 vel
1262 1574 1340 1617 ea
1385 1554 1533 1637 lege
1578 1554 1901 1620 rationem
1948 1554 2122 1620 vitae
2160 1578 2320 1621 suae

279 1638 598 1718 redderet,
656 1662 785 1723 qua
839 1662 974 1705 non
1027 1644 1378 1705 teneretur.
1462 1640 1640 1716 Quae
1688 1644 1742 1706 si
1788 1643 1977 1707 vobis
2025 1644 2319 1709 condicio

278 1723 542 1811 placet,
580 1749 803 1793 omnes
859 1729 927 1793 id
985 1750 1286 1814 agamus,
1342 1733 1418 1793 ut
1471 1730 1633 1795 haec
1679 1752 1874 1813 quam
1918 1732 2202 1815 primum
2248 1734 2323 1797 in

282 1838 504 1880 omnes
554 1816 814 1880 ordines
865 1820 1158 1899 quaestio
1206 1816 1591 1902 perferatur.

173 1899 254 1964 57
413 1902 672 1969 Interea
737 1904 1022 1989 quidem,
1095 1927 1214 1990 per
1280 1905 1432 1971 deos
1498 1907 1929 1972 immortales!
2006 1908 2319 1992 quoniam

279 1992 498 2057 omnia
536 1995 876 2058 commoda
911 1997 1157 2078 nostra,
1192 1994 1354 2079 iura,
1395 1995 1784 2079 libertatem,
1822 1997 2105 2061 salutem
2143 1996 2320 2062 deni-

279 2103 402 2164 que
439 2081 694 2166 legibus
734 2083 1123 2166 obtinemUS,
1163 2105 1202 2146 a
1239 2082 1497 2167 legibus
1526 2106 1655 2148 non
1686 2084 2081 2169 recedamuS,
2119 2086 2319 2150 simul

277 2177 343 2233 et
397 2169 561 2233 illud
620 2191 813 2252 quam
874 2171 963 2234 sit
1019 2170 1319 2254 iniquum
1375 2173 1761 2257 cogitemus,
1817 2173 2132 2257 populum
2187 2173 2319 2238 Ro-

275 2279 544 2322 manum
591 2257 768 2322 aliud
814 2280 986 2323 nunc
1033 2280 1245 2344 agere,
1291 2260 1482 2324 vobis
1530 2281 1667 2324 rem
1711 2261 2046 2344 publicam
2084 2264 2151 2325 et
2184 2262 2319 2326 for

275 2348 470 2409 tunas
534 2368 685 2410 suas
753 2347 1182 2431 commisisse,
1242 2347 1459 2431 ipsum
1528 2348 1665 2412 sine
1728 2370 1885 2414 cura
1953 2371 2121 2433 esse,
2180 2372 2318 2414 non

2354 1134 2415 1174 10

2352 1574 2409 1615 15

2350 2017 2407 2056 20

277 2436 583 2518 metuere,
628 2457 709 2498 ne
756 2435 902 2519 lege
950 2457 1042 2519 ea,
1081 2458 1277 2519 quam
1321 2457 1679 2520 numquam
1724 2436 1865 2520 ipse
1910 2437 2197 2521 iusserit,
2244 2443 2314 2502 et
2344 2457 2403 2497 25

219 2550 225 2555 ·
276 2522 675 2605 quaestione,
714 2544 841 2605 qua
879 2545 948 2586 se
989 2524 1277 2588 solutum
1315 2523 1722 2608 liberumque
1764 2546 1903 2590 esse
1942 2526 2317 2611 arbitretur,

173 2623 273 2674 156
295 2629 413 2692 per
449 2631 693 2693 paucos
733 2610 975 2675 iudices
1016 2611 1439 2694 astringatur.
1505 2610 1668 2697 Agit
1704 2614 1876 2677 enim
1920 2614 2011 2678 310
2050 2636 2318 2678 causam

276 2694 349 2759 Τ.
396 2694 662 2780 Αο0103,
710 2696 1086 2763 adulescens
1135 2700 1345 2764 bonus
1395 2703 1461 2764 et
1509 2701 1817 2786 disertuS,
1866 2724 2090 2766 omnes
2138 2703 2314 2767 cives

274 2782 534 2868 legibus
589 2785 798 2848 teneri
855 2786 1192 2870 omnibus;
1249 2808 1367 2852 vos
1425 2789 1761 2853 attenditis
1818 2794 1884 2854 et
1942 2790 2181 2855 auditis
2232 2791 2317 2854 si-

273 2871 504 2955 lentio,
579 2872 747 2936 sicut
818 2871 1030 2939 facere
1105 2837 1375 2940 de’betis.
1490 2876 1571 2941 A.
1633 2875 1973 2942 Cluentius
2047 2899 2313 2944 causam
2343 2899 2403 2939 30

276 2959 434 3024 dicit
472 2981 686 3061 eques
734 2959 1067 3028 Romanus
1127 2985 1203 3028 ea
1257 2964 1431 3049 lege,
1487 2987 1617 3048 qua
1670 2966 1816 3048 lege
1865 2970 2197 3032 senatores
2247 2972 2315 3032 et

273 3047 339 3132 ii,
379 3048 491 3132 qui
529 3049 989 3133 magistratum
1024 3051 1414 3136 habuerunt,
1453 3053 1579 3118 soli
1617 3057 1949 3139 tenentur,
1996 3055 2159 3119 mihi
2194 3077 2315 3139 per

275 3158 425 3200 eum
492 3159 790 3202 recusare
856 3143 922 3203 et
976 3140 1047 3204 in
1105 3161 1250 3205 arce
1309 3141 1475 3225 legis
1531 3143 1857 3224 praesidia
1909 3143 2311 3208 constituere

275 3224 666 3290 defensionis
737 3248 919 3292 meae
987 3250 1120 3292 non
1193 3228 1367 3293 licet.
1482 3227 1552 3292 Si
1620 3231 1979 3296 obtinuerit
2047 3253 2312 3296 causam

275 3310 642 3398 CluentiuS,
729 3316 924 3380 sicuti
996 3319 1215 3381 vestra
1289 3317 1618 3402 aequitate
1691 3319 1830 3383 nixi
1905 3319 2309 3404 confidimus,
2340 3339 2399 3380 35

274 3420 499 3464 ornnes
547 3403 1043 3490 existimabunt,
1099 3405 1167 3468 id
1214 3406 1387 3488 quod
1432 3405 1583 3489 erit,
1630 3407 1992 3471 obtinuisse
2038 3412 2313 3492 propter

270 3485 728 3577 innocentiam,
775 3493 1090 3582 quoniam
1128 3493 1224 3557 ita
1273 3494 1571 3560 defensus
1620 3494 1735 3579 sit;
1779 3495 1851 3560 in
1883 3495 2029 3582 lege
2068 3498 2311 3581 autem,
