2534 3875
813 182 965 237 οΑΡ.
1006 186 1216 236 21—24
1251 186 1283 247 ς
1320 185 1547 236 45-50.
2052 181 2183 246 535

175 327 448 394 crudelis
494 326 641 411 mei,
685 330 823 390 tam
869 327 1217 392 sceleratus
1263 318 1373 390 rei'
1403 325 1701 410 publicae
1735 329 2005 391 vexator
2042 347 2181 391 esse

172 414 536 504 potuisset?
632 411 813 478 Idem
875 417 1297 498 posteaquam
1360 414 1678 497 respirare
1732 435 1848 478 vos
1914 436 1953 478 a
2005 419 2181 480 metu
2200 392 2285 520 24}

174 504 402 582 caedis„
449 523 774 588 emergere
822 503 1278 568 auctoritatem
1316 505 1601 567 vestram
1639 522 1673 565 e
1710 501 2011 567 fluctibus
2049 503 2180 567 illis

177 591 530 674 servitutis„
594 590 975 655 reviviscere
1037 589 1416 655 memoriam
1484 611 1558 656 ac
1614 589 2001 655 desiderium
2053 592 2182 656 mei

121 698 147 740 5
174 681 367 763 vidit,
428 679 612 744 vobis
677 700 745 743 se
809 678 1021 763 coepit
1076 679 1291 743 subito
1344 677 1764 743 fallacissime
1818 679 2181 764 venditare3

177 773 315 832 tum
380 768 558 853 leges
614 766 814 832 Iulias
871 770 1098 832 contra
1153 766 1441 850 auspicia
1494 766 1662 832 latas
1717 771 1783 832 et
1836 766 1944 832 hic
1998 772 2061 832 et
2111 767 2182 830 in

177 855 584 921 contionibus
642 855 876 939 dicere,
945 856 1014 918 in
1069 855 1301 939 quibus
1357 854 1609 941 legibus
1666 854 1877 919 inerat
1933 855 2183 920 curiata

175 944 292 1008 illa
327 945 448 1028 lex,
495 964 656 1027 quae
691 947 906 1008 totum
944 943 1080 1008 eius
1117 943 1522 1010 tribunatum
1559 943 1951 1025 continebat,
1988 964 2181 1027 quam

177 1053 402 1097 caecus
458 1032 741 1097 amentia
791 1053 922 1097 non
977 1031 1263 1115 videbat3
1317 1031 1714 1116 producebat
1758 1031 2182 1096 fortissimum
2264 1089 2275 1097 .

99 1140 149 1180 ιο
178 1121 408 1204 virum,
453 1119 539 1187 M.
567 1119 902 1204 Bibulum3
949 1120 1297 1204 quaerebat
1342 1141 1419 1183 ex
1457 1141 1550 1203 eo,
1596 1117 1665 1185 G.
1695 1117 1967 1184 Caesare
2005 1120 2181 1204 leges

175 1209 422 1272 ferente
475 1209 553 1272 de
607 1209 784 1273 caelo
841 1229 1174 1293 semperne
1219 1211 1558 1272 servasset.
1648 1206 1913 1292 Semper
1958 1229 2025 1272 se
2068 1207 2183 1272 ille

179 1317 467 1362 servasse
514 1296 784 1361 dicebat.
854 1295 1154 1382 Augures
1198 1296 1668 1381 interrogabat,
1714 1317 1874 1379 quae
1915 1296 2011 1360 ita
2046 1295 2183 1360 lata

181 1388 422 1468 essent,
473 1387 728 1449 rectene
783 1385 922 1449 lata
976 1387 1205 1448 essent.
1296 1383 1406 1447 Illi
1450 1383 1609 1448 vitio
1655 1384 1791 1448 lata
1836 1405 1975 1448 esse
2022 1383 2183 1448 dice-

178 1474 356 1538 bant.
445 1471 765 1537 Fer-ebant
817 1473 886 1536 in
932 1472 1134 1538 oculis
1179 1471 1508 1536 hominem
1555 1471 1815 1554 quidam
1861 1471 2016 1536 boni
2060 1471 2185 1535 viri

100 1582 152 1622 15
181 1565 247 1625 et
305 1561 382 1624 de
439 1581 541 1625 me
597 1560 836 1644 optime
881 1560 1123 1643 meriti,
1175 1559 1289 1624 sed
1332 1559 1539 1642 illius,
1594 1563 1669 1624 ut
1714 1579 1836 1644 ego
1885 1558 2184 1641 arbitror,

179 1648 416 1714 furoris
462 1648 691 1734 ignari.
762 1647 1051 1733 Longius
1095 1648 1438 1731 processit3
1484 1648 1553 1711 in
1597 1647 1809 1730 ipsum
1856 1644 1971 1711 On.
1996 1645 2183 1712 Pom·

180 1737 416 1821 peium,
454 1739 798 1820 auctorem,
835 1740 909 1800 ut
943 1735 1315 1820 praedicare
1352 1739 1450 1800 est
1478 1735 1730 1818 solitus,
1766 1734 2183 1800 consiliorum

183 1847 474 1908 suorum,
524 1824 744 1888 invehi
798 1824 1036 1908 coepit3
1095 1823 1305 1888 inibat
1360 1823 1640 1908 gratiam
1694 1845 1733 1888 a
1784 1844 1916 1888 non
1969 1822 2184 1886 nullis.

181 1913 346 1978 Tum
400 1934 552 1978 vero
607 1913 814 1978 elatus
859 1917 949 1978 est
991 1933 1104 1997 spe
1149 1933 1341 1995 posse
1388 1933 1483 1995 se,
1540 1911 1842 1997 quoniam
1886 1915 2183 1998 togatum
2222 1924 2289 1975 49

92 2017 154 2058 20
182 2001 518 2067 domestici
570 2001 729 2065 belli
782 2001 1204 2067 extinctorem
1254 2000 1505 2065 nefario
1560 2001 1800 2065 scelere
1845 2000 2187 2083 foedasset,

182 2091 372 2154 illum
427 2090 650 2170 etiam,
702 2089 888 2155 illum
943 2091 1356 2154 externorum
1408 2088 1730 2153 bellorum
1774 2088 2187 2172 hostiumque

182 2177 492 2243 victorem
558 2176 885 2262 adfligere3
947 2181 1086 2242 tum
1152 2180 1253 2242 est
1307 2177 1425 2242 illa
1477 2177 1545 2241 in
1596 2176 1840 2260 templo
1898 2174 2186 2241 Castoris

184 2265 498 2329 scelerata
533 2269 599 2329 et
633 2287 834 2349 paene
871 2265 1141 2331 deletrix
1176 2265 1368 2330 huius
1405 2264 1662 2348 imperii
1690 2266 1822 2329 sica
1848 2265 2188 2349 deprensa3

187 2356 326 2417 tum
372 2352 500 2436 ille,
547 2352 650 2418 cui
691 2354 870 2418 nulla
914 2353 1203 2418 hostium
1249 2353 1489 2418 diutius
1526 2352 1681 2417 urbs
1718 2373 2026 2436 umquam
2060 2350 2187 2415 fuit

101 2458 156 2501 25
187 2440 424 2522 clausa,
462 2440 571 2525 qui
599 2442 808 2506 omnis
839 2441 1192 2527 angustiaS,
1221 2442 1433 2506 omnis
1461 2440 1834 2505 altitudines
1864 2440 2187 2505 moenium

187 2530 473 2593 obiectas
521 2548 773 2612 semper
814 2530 879 2593 vi
923 2551 998 2595 ac
1043 2530 1283 2595 virtute
1328 2529 1659 2615 perfregit,
1704 2550 2003 2611 opsessus
2048 2528 2189 2611 ipse

187 2620 287 2681 est
334 2616 508 2681 domi
553 2639 782 2701 meque
825 2638 957 2682 non
1000 2618 1184 2683 nulla
1225 2618 1676 2701 imperitorum
1713 2616 2189 2700 vituperatione

185 2705 554 2769 timiditatis
600 2726 781 2771 meae
826 2706 1097 2771 consilio
1143 2709 1210 2771 et
1241 2706 1415 2771 facto
1455 2727 1571 2771 suo
1608 2704 1925 2770 liberavit.
1998 2702 2189 2784 Nam,

187 2794 238 2858 si
289 2790 405 2859 On.
439 2793 765 2879 PompeiO,
807 2794 948 2859 viro
993 2794 1106 2858 uni
1151 2794 1440 2858 omnium
1483 2793 1861 2876 fortissimo,
1908 2792 2190 2875 quicum-

16 2948 21 2953 ·
100 2900 159 2941 so
187 2903 308 2966 que
345 2880 487 2945 nati
525 2886 692 2964 sunt,
737 2882 1046 2947 miserum
1082 2882 1293 2967 magis
1328 2882 1454 2946 fuit
1493 2902 1685 2966 quam
1722 2885 1929 2963 turpe,
1974 2900 2191 2963 quam-

187 2970 296 3034 diu
348 2970 459 3033 ille
513 2969 809 3035 tribunus
863 2971 949 3054 pl.
985 2970 1129 3053 fuit,
1182 2971 1389 3036 lucem
1443 2992 1575 3035 non
1619 2968 1921 3052 aspicere,
1975 2987 2191 3032 carere

185 3057 464 3142 publico,
499 3058 708 3122 minas
746 3058 883 3122 eius
909 3058 1214 3142 perferre,
1248 3080 1395 3123 cum
1420 3059 1491 3121 in
1518 3056 1925 3123 contionibus
1954 3054 2195 3119 diceret

186 3146 352 3211 velle
399 3168 470 3211 se
517 3146 588 3210 in
633 3144 886 3211 Carinis
935 3146 1271 3212 aedificare
1318 3148 1590 3210 alteram
1635 3143 1983 3228 porticum,
2030 3162 2193 3227 quae

187 3233 442 3299 Palatio
497 3233 940 3319 responderet,
996 3239 1166 3299 certe
1221 3233 1385 3297 mihi
1438 3232 1611 3296 exire
1671 3231 1861 3296 domo
1919 3252 2064 3295 mea
2111 3230 2192 3294 ad

96 3339 157 3383 35
186 3323 512 3407 privatum
577 3322 864 3387 dolorem
925 3322 1052 3387 fuit
1115 3323 1509 3403 luctuosum,
1574 3319 1655 3384 ad
1717 3319 2036 3383 rationem
2098 3318 2192 3382 rei

187 3410 482 3495 publicae
538 3410 911 3496 gloriosum.
1011 3409 1264 3475 Videtis
1319 3408 1521 3494 igitur
1573 3407 1901 3472 hominem
1955 3427 2070 3491 per
2125 3428 2193 3471 se
2214 3382 2301 3446 24

186 3499 400 3586 ipsum
453 3499 583 3563 iam
635 3498 889 3582 pridem
944 3498 1273 3563 adflictum
1328 3518 1402 3563 ac
1441 3496 1762 3562 iacentem
1816 3495 2193 3583 perniciosis
2231 3461 2299 3511 ⁵⁰

2512 3311 2515 3372 l
