2534 3875
332 190 468 255 296
814 187 895 245 IN
931 189 990 244 L.
1030 189 1430 246 CATILINAM
1469 189 1732 246 ORATIO
1773 193 1866 246 lv,

334 335 610 421 supplex
647 354 876 402 manus
913 338 1126 402 tendit
1160 335 1379 422 patria
1415 335 1791 419 communiS,
1825 335 2011 401 vobis
2050 357 2137 419 se,
2174 337 2370 403 vobis

335 423 543 489 vitam
606 426 894 490 omnium
958 425 1221 508 civium,
1286 423 1470 489 vobis
1536 444 1748 488 arcem
1813 427 1880 488 et
1943 421 2369 511 Capitolium,

334 513 525 578 vobis
574 533 720 578 aras
766 513 1127 596 Penatium,
1172 512 1361 577 vobis
1407 511 1594 576 illum
1638 511 1862 596 ignem
1907 511 2150 577 Vestae
2198 535 2368 578 sem·

332 601 681 685 piternum,
716 601 903 666 vobis
942 602 1231 666 omnium
1266 599 1533 664 deorum
1570 601 1821 684 templa
1849 603 2042 685 atque
2071 600 2367 684 delubra,

333 688 521 755 vobis
568 711 787 754 muros
834 693 1029 772 atque
1072 689 1256 753 urbis
1305 692 1480 753 tecta
1525 688 1951 753 commendat.
2012 687 2368 755 Praeterea
2395 706 2427 748 5

334 776 415 842 de
451 781 669 842 vestra
706 777 861 860 vita,
898 778 976 842 de
1005 777 1354 862 coniugum
1383 779 1748 841 vestrarum
1777 781 1973 861 atque
2000 777 2365 842 liberorum

336 865 571 949 anima,
608 864 687 930 de
721 864 1003 930 fortunis
1040 867 1349 947 omnium,
1386 864 1463 929 de
1503 864 1779 948 sedibuS,
1817 865 1894 930 de
1930 864 2093 930 focis
2120 866 2365 930 vestris

232 966 298 1014 19
336 952 647 1018 hodierno
713 952 815 1018 die
868 953 1055 1019 vobis
1117 952 1530 1018 iudicandum
1585 955 1705 1018 est.
1801 953 2074 1018 Habetis
2130 952 2364 1018 ducem

336 1063 689 1106 memorem
725 1043 945 1125 vestri,
980 1042 1257 1106 oblitum
1288 1041 1408 1124 sui,
1445 1062 1608 1125 quae
1636 1062 1770 1106 non
1796 1062 2049 1126 semper
2073 1039 2364 1106 facultas

336 1128 557 1212 datur,
618 1129 875 1194 habetis
940 1128 1150 1194 omnis
1214 1129 1499 1209 ordines,
1562 1129 1774 1193 omnis
1828 1129 2152 1214 homineS,
2218 1131 2364 1194 uni·
2395 1149 2457 1187 ιο

337 1237 593 1282 versum
646 1219 960 1303 populum
1015 1217 1410 1300 Romanum,
1461 1216 1530 1281 id
1585 1216 1758 1300 quod
1810 1218 1880 1280 in
1933 1217 2108 1283 civili
2162 1239 2368 1283 causa

330 1304 649 1371 hodierno
697 1306 798 1370 die
843 1307 1126 1390 primum
1162 1305 1473 1389 videmus,
1518 1327 1719 1370 unum
1765 1309 1960 1389 atque
2005 1306 2176 1370 idem
2219 1327 2366 1370 sen·

332 1393 622 1458 tientem.
722 1393 1052 1480 Cogitate,
1117 1393 1376 1478 quantis
1440 1393 1777 1458 laboribus
1843 1393 2182 1458 fundatum
2240 1393 2365 1458 im-

333 1480 616 1566 perium,
671 1487 917 1566 quanta
960 1483 1202 1548 virtute
1248 1481 1611 1547 stabilitam
1659 1481 2058 1564 libertatem,
2113 1487 2366 1565 quanta

332 1569 601 1634 deorum
672 1570 1079 1656 benignitate
1150 1574 1372 1634 auctas
1448 1573 1994 1654 exaggeratasque
2057 1570 2360 1635 fortunas
2397 1587 2454 1628 1⁵

332 1679 465 1723 una
516 1680 647 1723 nox
702 1680 906 1741 paene
962 1659 1209 1723 delerit.
1299 1657 1374 1721 Id
1427 1678 1521 1722 ne·
1555 1679 1862 1740 umquam
1906 1658 2180 1742 posthac
2225 1681 2364 1723 non

333 1746 527 1811 modo
587 1747 773 1828 [non]
828 1745 1082 1827 confici,
1139 1744 1252 1810 sed
1304 1767 1386 1809 ne
1432 1745 1711 1830 cogitari
1757 1745 2016 1831 quidem
2058 1746 2274 1830 possit
2322 1769 2363 1812 a

333 1835 611 1917 civibus,
666 1834 977 1898 hodierno
1032 1833 1135 1899 die
1187 1833 1654 1917 providendum
1709 1838 1826 1899 est.
1917 1833 2135 1918 Atque
2179 1833 2362 1918 haec,

331 1944 463 1988 non
508 1925 585 1987 ut
626 1944 774 2006 vos,
820 1923 929 2006 qui
975 1921 1137 1987 mihi
1183 1921 1400 1987 studio
1446 1945 1650 2007 paene
1695 1922 2144 2006 praecurritis,
2190 1923 2358 1988 exci-

330 2014 562 2095 tarem,
607 2012 859 2075 locutus
906 2031 1071 2093 sum,
1117 2009 1229 2075 sed
1273 2018 1348 2075 ut
1392 2033 1537 2076 mea
1581 2032 1727 2094 voit,
1774 2032 1938 2096 quae
1985 2010 2178 2075 debet
2214 2033 2358 2076 esse
2389 2029 2450 2069 20

332 2100 403 2164 in
455 2120 526 2163 re
584 2098 843 2182 publica
894 2099 1223 2183 princeps,
1279 2098 1492 2164 officio
1539 2099 1766 2163 functa
1810 2099 2135 2165 consulari
2182 2098 2356 2164 vide-

333 2190 530 2253 retur.

226 2249 316 2375 ἑὲ)
466 2273 674 2357 Nunc,
712 2277 1057 2358 antequam
1096 2275 1177 2339 ad
1216 2274 1609 2339 sententiam
1646 2274 1856 2358 rede0‚
1895 2276 1970 2340 de
2009 2297 2111 2339 me
2146 2297 2358 2360 pauca

336 2363 563 2428 dicam.
652 2362 830 2449 Ego,
886 2365 1133 2446 quanta
1178 2384 1408 2427 manus
1455 2367 1556 2427 est
1601 2363 2110 2447 coniuratorum,
2157 2386 2354 2447 quam

334 2450 565 2515 videtis
612 2471 752 2514 esse
797 2472 1245 2535 permagnam,
1290 2453 1544 2515 tantam
1590 2472 1693 2515 me
1737 2450 2148 2516 inimicorum
2194 2452 2356 2515 mul·
2387 2468 2442 2510 25

332 2537 682 2602 titudinem
719 2538 1077 2621 suscepisse
1106 2538 1320 2621 vide03
1369 2538 1480 2603 sed
1509 2560 1653 2602 eam
1683 2560 1822 2603 esse
1849 2539 2062 2604 iudico
2090 2543 2358 2624 turpem

334 2628 403 2689 et
436 2624 764 2689 infirmam
802 2630 867 2689 et
904 2628 1370 2710 [contemptam
1407 2627 1501 2707 et]
1541 2625 1877 2692 abiectam.
1951 2624 2194 2701 Quodsi
2236 2627 2357 2692 ali-

334 2711 590 2796 quando
643 2713 911 2778 alicuius
956 2712 1173 2778 furore
1222 2717 1287 2777 et
1323 2714 1921 2780 scelere-concitata
1958 2737 2188 2780 manus
2223 2715 2357 2781 ista

335 2800 482 2883 plus
522 2800 799 2865 valuerit
839 2822 1032 2884 quam
1069 2804 1289 2866 vestra
1325 2824 1400 2867 ac
1435 2803 1532 2867 rei
1567 2802 1862 2885 publicae
1901 2801 2208 2888 dignitas,
2247 2826 2354 2868 me

330 2890 555 2951 tamen
600 2909 887 2952 meorum
934 2888 1251 2953 factorum
1296 2894 1490 2974 atque
1525 2890 1940 2955 consiliorum
1976 2912 2356 2975 numquam,
2383 2910 2442 2951 so

332 2979 551 3059 patres
599 2976 979 3060 conscripti,
1025 2978 1399 3059 paenitebit.
1471 2978 1734 3042 Etenim
1771 3000 1973 3060 mors,
2019 3001 2216 3064 quam
2251 2980 2355 3045 illi

334 3063 551 3145 [mihi]
597 3062 877 3129 fortasse
921 3064 1346 3149 minitantur,
1392 3066 1688 3130 omnibus
1737 3070 1836 3132 est
1871 3070 2132 3151 parata3
2176 3066 2355 3133 vitae

331 3156 585 3217 tantam
621 3152 896 3237 laudem,
934 3156 1177 3237 quanta
1203 3175 1320 3218 vos
1348 3175 1452 3218 me
1479 3155 1715 3219 vestris
1745 3155 2015 3219 decretis
2043 3155 2354 3221 honesta-

333 3240 472 3323 stis,
508 3262 700 3306 nemo
738 3244 841 3305 est
867 3241 1227 3306 adsecutus
1283 3240 1526 3306 Ceteris
1556 3242 1727 3306 enim
1755 3243 1918 3307 bene
1947 3246 2151 3328 gesta,
2189 3243 2354 3309 mihi

331 3328 446 3392 uni
510 3332 891 3394 conservata
945 3350 1015 3393 re
1068 3328 1332 3414 publica
1391 3330 1896 3415 gratulationem
1954 3331 2353 3398 decrevistis.
2383 3348 2434 3390 3⁵

223 3430 293 3479 21
333 3412 434 3480 Sit
497 3414 713 3501 Scipio
779 3416 991 3482 clarus
1053 3416 1195 3501 ille,
1268 3418 1449 3482 cuius
1514 3419 1784 3483 consilio
1851 3421 2044 3502 atque
2107 3417 2354 3485 virtute

330 3502 666 3570 Hannibal
713 3506 781 3569 in
817 3504 1108 3571 Africam
1154 3505 1362 3571 redire
1409 3509 1602 3590 atque
1641 3507 1773 3588 [ex]
1810 3506 2007 3572 Italia
2044 3506 2355 3574 decedere
