2534 3875
308 143 443 226 528
644 145 739 198 DE
781 141 1258 198 HARUSPICUM
1295 139 1672 197 RESPONSO
1713 138 2003 194 ORATIO

316 288 696 354 factitarint.
785 287 877 353 Et
934 281 1332 372 quaerimus,
1398 285 1465 350 di
1518 284 1922 350 immortales
1977 307 2139 369 quae
2199 285 2380 350 loca

314 377 699 460 desiderent,
745 376 899 461 quid
944 376 1326 460 significent,
1373 374 1449 438 de
1488 395 1616 458 quo
1654 372 2048 457 loquantur?
2102 373 2162 436 A
2195 371 2374 439 Sex.

315 465 591 531 Serrano
640 464 1055 530 sanctissima
1102 464 1341 528 sacella
1386 462 1693 543 suffossa,
1740 461 2168 544 inaedificata,
2227 483 2366 546 op-

316 575 558 638 pressa,
606 575 859 618 summa
904 553 1179 636 denique
1220 550 1620 636 turpitudine
1659 549 1924 615 foedata
1961 570 2098 614 esse
2133 550 2358 614 nesci·

210 655 277 705 83
318 642 505 706 mus?
597 641 697 706 Tu
751 663 965 707 meam
1020 641 1286 705 domum
1339 639 1713 724 religiosam
1759 637 1972 704 facere
2017 638 2355 722 potuisti?
2387 656 2423 696 5

317 753 445 814 qua
481 729 740 795 mente?
805 728 1014 805 Quam
1052 730 1382 794 amiseras.
1444 725 1586 802 Qua
1623 727 1861 793 manu?
1927 725 2069 802 Qua
2105 726 2355 790 distur-

318 819 528 882 baraS.
611 817 753 919 Qua
797 818 995 882 voce?
1086 816 1227 893 Qua
1273 816 1527 881 incendi
1572 815 1869 881 iusseras.
1963 814 2106 890 Qua
2150 815 2354 899 lege‘?

315 905 525 982 Quam
582 928 665 971 ne
723 906 792 970 in
850 907 967 970 illa
1027 905 1285 988 quidem
1343 905 1732 989 impunitate
1791 908 1905 968 tua
1967 903 2357 987 scripseras·

316 992 457 1069 Quo
487 993 856 1078 pulvinari?
912 992 1094 1069 Quod
1124 998 1477 1078 stupraraS.
1535 991 1673 1068 Quo
1703 991 2094 1058 simulacro?
2152 990 2357 1066 Quod

317 1087 610 1166 ereptum
658 1103 735 1146 ex
770 1081 1126 1146 meretricis
1174 1079 1516 1165 sepulchro
1561 1081 1632 1144 in
1663 1070 2089 1165 imperatoris
2138 1082 2356 1144 moni·
2389 1099 2446 1136 10

317 1175 537 1236 mento
596 1170 985 1235 conlocatas.
1049 1168 1247 1245 Quid
1301 1170 1502 1235 habet
1558 1191 1702 1236 mea
1747 1169 1976 1233 domus
2024 1169 2350 1256 religiosi,

315 1259 444 1322 nisi
481 1257 705 1342 quod'
686 1259 925 1342 lmpuri
962 1261 1029 1323 et
1067 1258 1366 1344 sacrilegi
1405 1258 1722 1344 parietem
1746 1255 2032 1340 tangit?
2086 1251 2347 1340 Itaque,

314 1367 396 1410 ne
443 1348 586 1430 quis
633 1367 924 1411 meorum
969 1347 1342 1431 imprudens
1380 1346 1813 1431 introspicere
1854 1349 2038 1409 tuam
2075 1345 2347 1410 domum

316 1434 527 1518 possit
581 1456 654 1499 ac
714 1438 781 1499 te
836 1457 1021 1500 sacra
1075 1435 1191 1500 illa
1235 1439 1353 1499 tua
1404 1434 1750 1499 facientem
1805 1434 2049 1517 videre,
2103 1433 2345 1498 tollam

316 1523 516 1587 altius
575 1525 849 1606 tectum,
909 1545 1040 1588 non
1095 1527 1167 1587 ut
1222 1544 1344 1609 ego
1401 1527 1465 1587 te
1521 1522 1898 1607 despiciam,
1957 1521 2070 1586 sed
2123 1525 2199 1585 tu
2259 1543 2343 1585 ne
2375 1539 2430 1578 1⁵

315 1611 593 1695 aspicias
638 1612 866 1678 urbem
914 1634 1076 1696 eam,
1124 1634 1318 1696 quam
1365 1612 1578 1677 delere
1622 1612 1909 1679 voluisti.

214 1665 294 1728 16
448 1699 574 1765 Sed
630 1699 763 1765 iam
824 1701 1236 1786 haruspicum
1300 1701 1552 1784 reliqua
1604 1722 1918 1785 responsa
1980 1704 2335 1769 videamus.
2392 1741 2400 1747 ·

207 1754 279 1803 ⁸4
314 1786 709 1854 ‘Onu-onas
757 1805 1036 1854 cou'rRA
1081 1805 1189 1854 ms
1236 1805 1509 1868 usqua·
1555 1790 2080 1859 m'rEnFEc'ros?
2161 1791 2335 1868 Quid

314 1887 415 1947 est
450 1882 616 1948 hoc?
671 1882 769 1947 De
809 1882 1265 1948 Alexandrinis
1304 1904 1444 1949 esse
1482 1882 1670 1948 video
1710 1883 2098 1967 sermonem3
2135 1903 2330 1967 quem

313 1992 433 2057 ego
480 1993 611 2036 non
656 1972 885 2037 refuto.
960 1970 1067 2037 Sic
1112 1974 1282 2036 enim
1330 1973 1561 2055 senti0,
1604 1972 1706 2036 ius
1755 1972 2135 2058 legatorum,
2180 1992 2325 2036 cum
2355 1992 2406 2031 20

311 2059 647 2124 hominum
704 2060 1023 2143 praesidio
1084 2060 1408 2124 munitum
1469 2062 1580 2143 sit,
1644 2063 1786 2124 tum
1846 2060 2046 2125 etiam
2108 2059 2322 2124 divino

312 2148 450 2212 iure
507 2169 646 2212 esse
700 2149 1032 2213 vallatum.
1124 2146 1250 2212 Sed
1306 2170 1543 2232 quaero
1605 2149 1687 2213 ab
1744 2148 1888 2232 illo,
1948 2149 2060 2233 qui
2118 2148 2324 2213 omnis

312 2236 555 2300 indices
602 2237 904 2310 tribunus
951 2259 986 2301 e
1032 2258 1284 2302 carcere
1329 2237 1400 2300 in
1444 2236 1655 2301 forum
1703 2237 1952 2320 effudit,
2007 2238 2187 2301 cuius
2235 2259 2324 2301 ar·

313 2325 512 2389 bitrio
560 2324 730 2389 sicae
774 2347 966 2390 nunc.
992 2347 1213 2389 omnes
1262 2330 1456 2409 atque
1503 2324 1722 2390 omnia
1766 2328 2012 2390 venena
2047 2329 2322 2391 tractan-

311 2417 436 2495 tur,
483 2414 592 2497 qui
629 2434 772 2477 cum
810 2413 1209 2478 Hermarcho
1248 2412 1412 2477 Chio
1451 2413 1858 2497 syngraphas
1894 2413 2066 2495 fecit,
2103 2413 2323 2498 ecquid
2347 2431 2391 2471 2⁵

314 2500 478 2564 sciat
526 2522 723 2564 unum
772 2502 1156 2567 acerrimum
1204 2502 1642 2566 adversarium
1675 2501 2087 2581 Hermarchi,
2124 2500 2321 2567 Theo·

312 2586 585 2670 dosium,
630 2588 919 2673 legatum
968 2591 1050 2653 ad
1095 2593 1393 2654 senatum
1431 2612 1470 2654 a
1506 2589 1768 2655 civitate
1809 2588 2013 2654 libera
2057 2590 2320 2655 missum

313 2675 447 2739 sica
501 2697 903 2759 percussum,
980 2678 1152 2760 quod
1214 2700 1346 2743 non
1403 2679 1616 2743 minus
1673 2700 1866 2763 quam
1920 2678 1998 2743 de
2052 2677 2319 2743 Alexan·

312 2762 510 2827 drinis
568 2763 906 2849 indignum
974 2766 1071 2829 dis
1132 2766 1615 2831 immortalibus
1675 2788 1815 2831 esse
1878 2766 2086 2830 visum
2150 2772 2314 2832 certo

205 2865 273 2915 35
311 2852 464 2917 scio.
554 2849 692 2916 Nec
756 2852 1016 2918 confero
1080 2877 1250 2919 nunc
1314 2856 1384 2919 in
1447 2858 1512 2919 te
1575 2876 1774 2919 unum
1838 2855 2072 2919 omnia.
2165 2851 2312 2939 Spes
2337 2872 2381 2911 3ο
2501 2899 2532 2919 ..

322 2942 547 3005 maior
586 2944 757 3006 esset
795 2942 1045 3025 salutiS,
1094 2943 1150 3007 si
1184 2947 1443 3027 praeter
1480 2946 1546 3007 te
1586 2965 1777 3008 nemo
1826 2946 1990 3007 eset
2006 2942 2312 3026 impurus;
2521 2976 2534 3015 «ι

309 3028 527 3113 plures
592 3035 770 3113 sunt,
834 3029 957 3095 hoc
1022 3033 1086 3094 et
1151 3035 1223 3094 tu
1288 3032 1412 3095 tibi
1476 3032 1744 3096 confidis
1809 3031 2022 3117 magis
2083 3035 2150 3095 et
2206 3052 2309 3096 nos
2519 3071 2530 3110 4

309 3139 510 3202 prope
549 3118 684 3183 iure
723 3079 1092 3184 diffidimus,
1158 3118 1314 3195 Quis
1343 3110 1672 3185 Platorem
1709 3142 1785 3183 ex
1814 3118 2128 3221 Orestide,
2165 3141 2307 3205 quae

308 3227 459 3287 pars
518 3204 933 3272 Macedoniae
992 3207 1198 3273 libera
1258 3212 1385 3289 est,
1449 3200 1778 3272 hominem
1836 3208 1905 3271 in
1969 3208 2103 3271 illis
2169 3206 2302 3273 locis
2497 3179 2526 3260 3

309 3293 552 3356 clarum
583 3316 657 3357 ac
683 3294 989 3379 nobilem,
1026 3297 1316 3380 legatum
1345 3296 1872 3374 Thessalonicam
1901 3296 1984 3361 ad
2011 3300 2370 3377 nostrum‚35

308 3382 383 3440 ut
441 3400 509 3443 se
563 3382 701 3463 ipse
758 3385 1140 3468 appellavit,
1196 3384 1719 3485 imperatorem'
1778 3386 2030 3450 venisse
2075 3384 2304 3450 nescit?

310 3484 498 3546 quem
554 3466 664 3531 ille
716 3475 985 3555 propter
1030 3473 1395 3558 pecuniam,
1452 3496 1646 3558 quam
1693 3474 1774 3541 ab
1821 3496 1897 3541 eo
1945 3476 2302 3559 extorquere
2471 3477 2534 3554 a}

2515 3619 2534 3759 l

2519 3767 2534 3833 l
