2534 3875
836 182 991 240 CAP.
1030 189 1204 238 9-11
1244 190 1274 250 ς
1313 190 1541 240 21—25.
2045 185 2176 251 309

1 356 3 420 !
120 348 332 412 opere
372 325 678 410 dilexisti,
714 328 1119 411 praeclarum
1158 327 1403 413 aliquid
1442 348 1582 392 esse
1612 327 1946 393 arbitrere.
2002 327 2174 394 Aliis

1 435 3 442 ·
124 437 259 502 ego
322 417 391 479 te
446 414 802 479 virtutibus
816 466 835 498 ,
900 415 1371 500 continentiae,
1437 416 1811 503 gravitatiS,
1867 417 2175 501 iustitiae,

120 505 304 586 fidei,
344 503 576 568 ceteris
617 502 937 588 omnibus,
975 504 1319 570 consulatu
1348 508 1415 569 et
1443 505 1621 570 omni
1648 505 1892 570 honore
1921 526 2176 590 semper

126 591 599 678 dignissimum
643 591 951 676 iudicavi3
1000 592 1172 676 quod
1209 592 1466 676 quidem
1504 592 1607 658 ius
1645 593 1836 658 civile
1873 592 2179 671 didicisti,

68 697 95 737 ⁵
124 701 265 744 non
314 679 529 744 dicam
575 700 843 764 operam
886 679 1243 764 perdidisti,
1291 680 1403 745 sed
1449 681 1613 746 illud
1651 681 1878 767 dicam,
1922 682 2174 747 nullam

129 789 281 834 esse
337 769 409 832 in
460 767 591 832 ista
636 767 982 852 disciplina
1026 770 1351 833 munitam
1397 769 1478 834 ad
1525 770 1936 835 consulatum
1980 769 2174 835 viam.

128 857 380 922 Omnes
431 856 605 920 enim
652 858 856 941 artes,
904 878 1069 941 quae
1113 857 1308 922 nobis
1353 857 1582 942 populi
1627 857 1909 923 Romani
1955 858 2173 924 studia

83 944 516 1028 ·concilient,
582 947 649 1008 et
710 945 1161 1011 admirabilem
1227 944 1614 1030 dignitatem
1675 951 1741 1010 et
1793 951 2169 1033 pergratam

50 1137 103 1176 10
131 1121 250 1204 qui
295 1119 571 1186 militari
615 1120 808 1186 laude
855 1122 1286 1206 antecellunt3
1333 1123 1554 1188 omnia
1591 1123 1780 1206 enim,
1819 1145 1984 1208 quae
2021 1127 2174 1188 sunt

130 1211 201 1274 in
248 1209 531 1294 imperio
579 1214 647 1273 et
690 1208 762 1273 in
810 1213 987 1275 statu
1035 1210 1339 1293 civitatis,
1387 1211 1468 1275 ab
1515 1211 1620 1276 his
1667 1211 1926 1276 defendi
1965 1215 2030 1277 et
2065 1213 2173 1276 fir-

130 1298 304 1362 mari
341 1301 689 1380 putantur;
737 1320 995 1363 summa
1030 1298 1229 1363 etiam
1266 1298 1543 1382 utilitas,
1592 1299 1909 1384 siquidem
1947 1322 2173 1365 eorum

133 1385 414 1451 consilio
463 1388 530 1450 et
566 1386 855 1471 periculo
894 1409 1042 1452 cum
1079 1409 1148 1452 re
1186 1387 1466 1470 publica,
1513 1393 1654 1452 tum
1693 1387 1892 1452 etiam
1929 1389 2173 1453 nostris

131 1475 332 1538 rebus
408 1473 657 1557 perfrui
718 1496 1083 1559 possumus.
1193 1473 1428 1540 Gravis
1495 1476 1694 1540 etiam
1761 1477 1878 1540 illa
1941 1481 2044 1541 est
2107 1481 2174 1541 et

59 1579 106 1619 1⁵
135 1563 334 1647 plena
390 1560 735 1648 dignitatis
793 1562 1097 1644 [dicendi]
1145 1561 1455 1646 facultas,
1512 1585 1677 1648 quae
1723 1585 1916 1646 saepe
1962 1563 2173 1630 valuit

134 1653 203 1715 in
248 1650 520 1718 consule
566 1650 926 1736 deligendo,
969 1672 1162 1736 posse
1200 1651 1474 1716 consilio
1523 1655 1716 1735 atque
1764 1651 2058 1716 oratione
2105 1656 2174 1718 et

136 1744 403 1804 senatus
454 1742 520 1803 et
564 1739 792 1824 populi
838 1743 905 1804 et
950 1761 1201 1822 eorum,
1248 1740 1360 1824 qui
1405 1761 1508 1804 res
1554 1739 1869 1823 iudicant,
1917 1742 2170 1804 mentes

136 1848 535 1910 permovere.
629 1825 975 1902 Quaeritur
1032 1829 1283 1912 consul,
1341 1827 1452 1912 qui
1499 1826 1766 1894 dicendo
1811 1849 1946 1893 non
1988 1849 2171 1892 num-

140 1938 335 2001 quam
391 1915 784 2000 comprimat
837 1917 1221 1983 tribunicios
1278 1915 1558 2001 furores,
1614 1915 1727 2002 qui
1773 1916 2171 1982 concitatum

62 2021 109 2060 20
138 2005 453 2090 populum
499 2004 745 2088 flectat,
792 2006 903 2090 qui
948 2005 1291 2091 largitioni
1336 2006 1623 2070 resistat.
1717 2004 1781 2071 N
1786 2026 1870 2069 on
1917 2005 2174 2091 mirum,

141 2094 197 2157 si
250 2094 334 2157 ob
392 2093 562 2158 hanc
616 2092 997 2159 facultatem
1050 2094 1346 2159 hom-ines
1402 2116 1594 2178 saepe
1641 2095 1840 2158 etiam
1884 2115 2020 2158 non
2062 2114 2174 2158 no-

139 2181 307 2247 biles
353 2181 768 2247 consulatum
814 2182 1143 2248 consecuti
1190 2185 1361 2265 sunt,
1405 2182 1793 2266 praesertim
1833 2203 1978 2247 cum
2015 2182 2176 2247 haec

142 2269 365 2335 eadem
439 2290 541 2335 res
614 2270 931 2354 plurimas
1008 2270 1288 2357 gratias,
1358 2270 1770 2335 firmissimas
1837 2269 2174 2354 amicitiaS,

141 2359 429 2423 maxima
484 2358 701 2423 studia
754 2359 990 2443 pariat.
1083 2358 1375 2435 Quorum
1429 2359 1498 2422 in
1553 2358 1684 2424 isto
1741 2362 1960 2423 vestro
2020 2358 2173 2423 arti·

66 2462 115 2503 2⁵
142 2446 306 2531 ficio,
328 2444 620 2530 Sulpici,
661 2446 827 2511 nihil
866 2450 985 2512 est.
1049 2446 1346 2511 Primum
1383 2445 1673 2532 dignitas
1709 2446 1780 2511 in
1817 2449 1956 2512 tam
1993 2447 2173 2511 tenui

146 2534 415 2600 scientia
459 2556 592 2599 non
638 2538 859 2619 potest
906 2556 1072 2619 esse;
1120 2556 1223 2600 res
1264 2534 1437 2599 enim
1475 2538 1628 2599 sunt
1663 2556 1924 2619 parvae,
1969 2556 2173 2620 prope

144 2625 211 2687 in
266 2622 543 2708 singulis
600 2622 840 2689 litteris
898 2627 1093 2708 atque
1147 2622 1782 2706 interpunctionibus
1829 2622 2175 2699 verborum

147 2716 511 2796 occupatae.
573 2710 841 2796 Deinde,
888 2711 1148 2776 etiamsi
1195 2711 1352 2797 quid
1388 2711 1557 2795 apud
1594 2711 1873 2776 maiores
1909 2715 2174 2777 nostros

146 2799 270 2864 fuit
324 2799 394 2863 in
450 2799 581 2864 isto
632 2799 846 2865 studio
895 2799 1344 2865 admirationis
1354 2849 1372 2883 ,
1425 2798 1492 2863 id
1539 2799 1893 2864 enuntiatis
1940 2801 2174 2865 vestris

72 2904 122 2945 ³0
151 2886 479 2971 mysteriis
527 2890 741 2953 totum
790 2892 891 2953 est
936 2892 1376 2972 contemptum
1427 2890 1495 2951 et
1539 2888 1879 2953 abiectum.
1942 2887 2177 2953 Posset

151 2976 255 3061 agi
300 2975 445 3062 lege
490 2997 719 3060 necne,
764 2976 956 3060 pauci
1004 2978 1328 3061 quondam
1376 2976 1694 3061 sciebant3
1750 2975 1956 3040 fastos
2004 2976 2176 3041 enim

148 3065 341 3147 vulgo
406 3084 538 3129 non
592 3063 941 3130 habebant.
1030 3063 1242 3130 Era-nt
1287 3064 1357 3129 in
1403 3084 1645 3147 magna
1689 3064 2011 3148 potentia,
2066 3063 2178 3149 qui

154 3152 680 3236 consulebantur3
730 3175 769 3217 a
814 3152 1048 3237 quibus
1088 3153 1288 3217 etiam
1335 3152 1470 3217 dies
1517 3156 1858 3237 tamquam
1905 3174 1944 3216 a
1989 3149 2178 3217 Chal-

155 3240 323 3305 daeis
392 3240 756 3324 petebatur.
865 3240 1173 3306 Inventus
1248 3244 1349 3305 est
1415 3240 1629 3307 scriba
1693 3239 1985 3325 quidam,
2062 3237 2176 3304 On.

81 3345 129 3385 ³⁵
154 3327 437 3414 Flavius,
502 3330 611 3413 qui
679 3328 1008 3394 cornicum
1075 3329 1299 3395 oculos
1364 3329 1703 3394 confixerit
1767 3332 1835 3393 et
1898 3327 2176 3414 singulis

155 3418 371 3482 diebus
420 3415 775 3483 ediscendis
812 3416 1020 3482 fastos
1058 3418 1302 3502 populo
1340 3418 1754 3502 proposuerit
1791 3420 1856 3481 et
1895 3417 1977 3482 ab
2014 3415 2177 3501 ipsis

156 3505 361 3591 capsis
397 3504 558 3571 iuris
598 3506 1037 3571 consultorum
1076 3505 1460 3589 sapientiam
1501 3506 1888 3593 compilarit.
1945 3502 2177 3589 Itaque

128 1033 495 1098 utilitatem
544 1031 781 1097 debent
825 1033 1083 1099 habere.
1157 1031 1428 1099 Summa
1475 1034 1764 1120 dignitas
1813 1038 1915 1100 est
1959 1035 2030 1099 in
2074 1035 2174 1119 iis,
2197 997 2280 1125 ᾖ

2211 2462 2278 2513 2⁵
