2534 3875
288 143 420 207 276
773 143 853 197 IN
888 143 950 197 L.
989 140 1390 197 CATILINAM
1428 140 1701 196 ORATIO
1739 140 1833 194 III.

290 287 545 369 missos,
591 288 1027 370 comitemque
1072 286 1153 350 iis
1193 286 1567 351 adiunctum
1607 307 1748 350 esse
1786 284 1857 350 T.
1886 285 2322 368 Volturcium,

290 379 485 459 atque
522 375 674 440 huic
708 396 851 439 esse
890 375 970 439 ad
1002 373 1354 439 Catilinam
1393 373 1578 438 datas
1621 374 1898 451 litteras,
1933 373 2322 438 facultatem

289 463 453 526 mihi
488 463 782 528 oblatam
819 463 1063 547 putavi,
1083 467 1192 546 ut,
1230 462 1399 546 quod
1439 465 1580 526 erat
1609 461 2077 546 difficillimum,
2117 462 2321 546 quod·

288 573 413 636 que
459 573 581 638 ego
632 572 887 633 semper
932 551 1242 635 optabam
1281 551 1364 615 ab
1404 551 1501 614 dis
1539 550 2014 634 inmortalibuS,
2060 555 2134 615 ut
2169 555 2322 615 tota

288 661 393 704 res
452 662 586 704 11011
634 640 845 704 solum
894 661 933 702 a
976 661 1108 722 me,
1169 638 1279 702 sed
1326 639 1522 703 etiam
1569 659 1610 702 a
1654 641 1886 703 senatu
1930 641 1996 702 et
2043 661 2082 703 a
2125 639 2318 704 vobis
2351 661 2386 701 5

220 743 253 789 ὃ
292 727 640 792 manifesto
708 726 1311 812 deprehenderetur.
1409 725 1640 810 Itaque
1701 725 2010 792 hesterno
2075 727 2180 790 die
2241 727 2318 795 L.

289 815 593 880 Flaccum
632 819 698 880 et
737 813 806 881 C.
833 813 1253 899 Pomptinum
1290 819 1644 899 praetores,
1688 814 2082 880 fortissimos
2119 819 2320 900 atque

292 905 777 968 amantissimos
832 903 1279 986 reipublicae
1340 903 1540 985 viros,
1593 903 1676 966 ad
1721 925 1824 968 me
1870 904 2122 987 vocavi,
2177 926 2320 968 rem

292 992 589 1076 exposui,
648 991 801 1075 quid
845 990 987 1054 fieri
1032 992 1347 1075 placeret,
1394 991 1667 1056 ostendi.
1756 991 1867 1055 Illi
1914 995 2158 1075 autem,
2204 993 2321 1077 qui

294 1080 511 1144 omnia
548 1079 625 1143 de
662 1100 733 1143 re
778 1079 1039 1163 publica
1076 1080 1414 1163 praeclara
1451 1083 1646 1162 atque
1683 1081 1946 1164 egregia
1983 1082 2321 1164 sentirent,
2351 1104 2414 1143 10

293 1167 431 1231 sine
476 1167 882 1232 recusatione
930 1189 1004 1232 ac
1051 1167 1187 1232 sine
1234 1168 1374 1231 ulla
1418 1189 1602 1232 mora
1637 1168 1972 1252 negotium
2021 1191 2322 1253 suscepe-

291 1258 444 1319 runt
492 1258 575 1338 et,
622 1277 769 1320 cum
816 1255 1398 1340 advesperasceret,
1444 1256 1694 1321 occulte
1731 1256 1814 1320 ad
1849 1259 2116 1338 pontem
2151 1255 2322 1321 Mul-

292 1343 471 1407 vium
530 1348 965 1427 pervenerunt
1012 1347 1205 1427 atque
1251 1344 1345 1407 ibi
1389 1344 1458 1408 in
1503 1343 1812 1427 proximis
1857 1343 2036 1408 villis
2082 1346 2177 1409 ita
2222 1345 2324 1410 bi-

292 1431 533 1514 pertito
572 1431 855 1510 fuerunt,
892 1435 967 1496 ut
1007 1431 1261 1496 Tiberis
1297 1432 1470 1495 inter
1506 1454 1616 1496 eos
1655 1435 1719 1495 61
1755 1454 1922 1516 pons
1956 1434 2320 1502 interesset.

292 1518 541 1584 Eodem
588 1523 807 1584 autem
855 1523 920 1583 et
964 1521 1092 1605 ipsi
1139 1520 1278 1584 sine
1323 1519 1698 1604 cuiusquam
1747 1520 2110 1604 suspicione
2153 1523 2320 1586 mul·
2351 1544 2409 1585 15

292 1612 399 1672 tos
474 1608 666 1673 fortis
730 1608 907 1672 viros
982 1607 1364 1691 eduxerant,
1435 1612 1502 1672 61
1577 1629 1698 1694 ego
1764 1630 1840 1673 ex
1905 1609 2320 1693 praefectura

292 1695 572 1760 Reatina
654 1696 1029 1780 complures.
1112 1695 1398 1760 delectos
1481 1696 1949 1781 adulescenteS,
2041 1720 2322 1781 quorum

295 1806 491 1868 opera
517 1787 669 1848 utor
696 1783 961 1848 adsidue
988 1785 1058 1847 in
1086 1784 1180 1848 rei
1206 1785 1505 1869 publicae
1533 1784 1874 1869 praes-idio,
1903 1807 2048 1850 cum
2077 1787 2319 1872 gladiis

222 1887 257 1934 6
296 1873 617 1938 miseram.
698 1871 969 1937 Interim
1016 1872 1214 1937 tertia
1258 1872 1394 1937 fere
1440 1873 1672 1958 vigilia
1718 1877 1945 1939 exacta
1991 1895 2136 1940 cum
2181 1875 2320 1940 iam

294 1965 560 2046 pontem
605 1960 925 2026 Mulvium
980 1982 1219 2046 magno
1278 1962 1592 2026 comitatu
1637 1962 1841 2047 legati
1875 1961 2317 2049 Allobrogum
2348 1986 2406 2024 20

293 2050 547 2134 ingredi
607 2050 965 2134 inciperent
1020 2071 1276 2133 unaque
1333 2049 1731 2133 Volturcius,
1784 2050 1861 2114 fit
1911 2051 1977 2114 in
2034 2073 2143 2116 eos
2198 2053 2318 2117 im-

294 2142 512 2222 petus3
559 2138 917 2202 educuntur
964 2140 1029 2201 et
1076 2137 1158 2202 ab
1206 2138 1338 2202 illis
1387 2138 1591 2223 gladii
1637 2142 1702 2202 et
1750 2162 1790 2203 a
1832 2139 2095 2205 nostriS.
2183 2139 2318 2205 Res

294 2225 703 2308 praetoribus
784 2228 927 2289 erat
988 2229 1147 2290 nota
1212 2226 1370 2290 solis
1381 2276 1398 2309 ,
1470 2227 1900 2311 ignorabatur
1963 2250 2002 2291 a
2065 2228 2318 2295 ceteris,

214 2313 256 2375 3
296 2313 459 2378 Tum
516 2315 889 2377 interventu
940 2312 1277 2396 Pomptini
1332 2318 1526 2398 atque
1579 2313 1795 2380 Flacci
1849 2336 2094 2400 pugna,
2150 2339 2318 2401 quae

296 2406 438 2465 erat
486 2402 859 2485 commissa,
918 2401 1195 2466 sedatur.
1286 2402 1597 2486 Litterae,
1643 2424 2081 2487 quaecumque
2128 2410 2318 2469 erant
2348 2426 2402 2466 25

294 2489 363 2552 in
410 2510 485 2553 60
534 2490 866 2572 comitatu,
910 2489 1185 2574 integris
1235 2490 1441 2575 signis
1487 2492 1897 2574 praetoribus
1944 2492 2317 2577 traduntur3

293 2576 422 2658 ipsi
469 2577 918 2660 comprehensi
966 2578 1044 2641 ad
1091 2599 1221 2661 me,
1268 2600 1412 2642 cum
1458 2578 1590 2642 iam
1639 2579 2077 2661 dilucesceret,
2125 2581 2319 2645 dedu·

295 2667 544 2728 cuntur.
600 2666 817 2748 Atque
854 2665 1088 2729 horum
1122 2666 1412 2730 omnium
1442 2668 1756 2731 scelerum
1783 2668 2318 2751 inprobissimum

294 2751 820 2833 machinatorem,
859 2751 1193 2817 Cimbrum
1223 2752 1592 2838 Gabinium,
1629 2755 1854 2821 statim
1885 2756 1967 2820 ad
1993 2778 2096 2821 me
2124 2757 2320 2822 nihil-

296 2839 449 2903 dum
504 2840 943 2923 suspicantem
996 2842 1249 2921 vocavi3
1310 2842 1536 2907 deinde
1594 2844 1752 2908 item
1809 2846 2157 2909 accersitus
2215 2850 2318 2911 est
2346 2866 2402 2906 30

293 2926 367 2991 L.
396 2926 695 2992 Statilius
736 2931 801 2992 et
836 2932 990 3012 post
1027 2950 1170 2994 eum
1202 2928 1271 2994 G.
1301 2929 1652 3015 Cethegus3
1687 2932 2058 2997 tardissime
2097 2938 2320 2999 autem

294 3014 605 3080 Lentulus
652 3016 860 3100 venit,
914 3015 1105 3081 credo
1164 3018 1337 3101 quod
1381 3018 1450 3081 in
1495 3020 1735 3084 litteris
1783 3020 2007 3084 dandis
2053 3026 2318 3105 praeter

222 3119 256 3166 ,7
297 3103 827 3169 consuetudinem
871 3106 1171 3189 proxima
1214 3110 1406 3171 110616
1445 3107 1768 3192 vigilarat.
1841 3107 2001 3173 Cum
2041 3112 2317 3174 summis

296 3197 361 3257 61
408 3192 789 3257 clarissimis
834 3192 1027 3257 huius
1074 3193 1363 3259 civitatis
1409 3194 1595 3279 viriS,
1650 3196 1762 3279 qui
1807 3196 2030 3260 audita
2074 3220 2144 3261 re
2189 3198 2320 3263 fre·-

295 3285 567 3363 qucntes
606 3281 687 3345 ad
733 3301 834 3345 me
882 3303 1070 3346 mane
1117 3288 1568 3367 convenerant,
1612 3283 1867 3348 litteras
1915 3307 1954 3349 a
1991 3307 2093 3350 me
2131 3287 2316 3371 prius
2346 3304 2396 3345 85

295 3370 532 3451 aperiri
578 3391 772 3452 quam
819 3369 898 3434 ad
948 3374 1245 3435 senatum
1284 3370 1520 3436 deferri
1556 3371 1860 3456 placeret,
1905 3394 2007 3456 ne,
2054 3374 2112 3438 si
2148 3374 2319 3439 nihil

294 3459 467 3520 esset
510 3458 864 3541 inventum,
909 3461 1150 3525 temere
1198 3482 1237 3525 a
1282 3481 1386 3525 me
1421 3462 1645 3524 tantus
1681 3460 2000 3525 tumultus
2039 3460 2320 3529 iniectus
