2534 3875
205 1064 269 1188 1⁶1³

208 2509 275 2557 12

301 147 432 212 292
772 143 849 199 IN
888 144 949 199 L.
988 143 1391 199 CATILINAM
1427 142 1698 198 ORATIO
1739 141 1831 196 IV.

301 290 580 374 pernicie
616 289 845 373 populi
881 288 1177 369 Romani,
1215 288 1413 353 exitio
1449 287 1644 352 huius
1682 286 1864 352 urbis
1901 291 2040 351 tam
2078 286 2332 370 acerbe,

302 384 441 444 tam
494 377 839 444 crudeliter
883 377 1219 463 cogitarit,
1274 376 1473 440 etiam
1521 375 1841 461 appellari
1888 396 2082 459 posse
2125 396 2332 460 popu-

301 468 527 532 larem.
598 466 829 551 Itaque
874 465 1072 530 homo
1120 464 1506 531 mitissimus
1553 469 1776 554 atque·
1785 463 2158 528 lenissimus
2194 484 2334 528 non

305 555 561 620 dubitat
632 554 702 620 P.
755 553 1103 619 Lentulum
1185 553 1466 617 aeternis
1549 543 1836 617 tenebris
1921 550 2332 635 vinculisque

305 643 612 708 mandare
652 647 719 707 et
756 641 965 707 sancit
999 641 1069 706 in
1104 645 1458 744 posterum,
1493 662 1575 705 118
1613 642 1758 724 quis
1785 639 1978 705 huius
2008 639 2332 724 supplicio
2361 655 2394 695 5

302 730 579 797 levando
628 751 697 794 se
742 731 986 795 iactare
1034 732 1101 794 et
1142 729 1215 794 in
1249 729 1532 831 pernicie
1568 729 1797 813 populi
1833 728 2113 793 Romani
2149 733 2333 812 post-

302 818 427 886 hac
452 818 789 904 popularis
818 839 958 884 esse
985 812 1213 902 possit.
1252 816 1582 920 Adiungit
1600 817 1800 882 etiam
1817 817 2333 902 publicationem

305 908 644 991 bonorum,
691 911 765 971 ut
811 905 1023 971 omnis
1069 906 1272 970 animi
1317 904 1637 972 cruciatus
1685 908 1753 969 et
1798 903 2088 990 corporis
2126 904 2334 969 8118111

308 999 567 1082 egestas
614 1015 690 1060 ac
727 994 1108 1059 mendicitas
1154 997 1604 1080 consequatur.

441 1081 651 1158 Quam
698 1082 782 1147 ob
828 1104 987 1165 rem,
1032 1083 1167 1146 sive
1211 1082 1338 1148 1108
1383 1082 1766 1165 81818811118,
1811 1080 2116 1146 dederitis
2163 1081 2333 1145 mihi
2365 1097 2424 1136 ιο

310 1170 611 1236 comitem
658 1169 740 1234 ad
785 1170 1153 1235 contionem
1188 1171 1433 1256 populo
1471 1192 1692 1236 8818111
1729 1173 1924 1254 atque
1961 1170 2337 1255 iucundum,

310 1260 447 1323 sive
484 1255 691 1322 Silani
730 1257 1120 1323 sententiam
1154 1258 1340 1343 sequi
1366 1259 1748 1341 malueritis,
1780 1258 1971 1323 facile
1998 1280 2103 1323 me
2131 1261 2335 1343 atque

307 1368 425 1412 vos
480 1368 520 1411 a
576 1346 983 1412 crudelitatis
1028 1347 1503 1430 vituperatione
1549 1346 1792 1430 populo
1839 1345 2136 1412 Romano
2171 1367 2335 1428 pur-

302 1434 457 1518 9abo
494 1439 689 1519 atque
725 1434 1035 1500 obtinebo
1064 1457 1208 1500 eam
1236 1435 1446 1499 multo
1473 1435 1787 1499 leniorem
1815 1434 2035 1500 fuisse.
2093 1431 2336 1510 Quam—

311 1544 532 1606 quam,
595 1527 817 1606 patres
884 1523 1262 1608 conscripti,
1327 1544 1490 1606 quae
1552 1526 1774 1607 potest
1840 1545 1980 1594 esse
2032 1523 2102 1586 in
2155 1525 2336 1588 tanti
2369 1538 2427 1578 15

310 1611 573 1676 sceleris
636 1611 1023 1676 inmanitate
1086 1611 1412 1697 punienda
1470 1610 1863 1676 crudelitas?
1953 1611 2098 1696 Ego
2156 1611 2336 1676 enim

310 1699 388 1763 de
435 1720 577 1763 meo
626 1720 819 1764 sensu
864 1698 1092 1765 iudicO.
1164 1699 1340 1764 Nam
1385 1701 1482 1763 ita
1526 1698 1688 1763 mihi
1734 1700 1920 1764 salva
1964 1721 2034 1764 re
2069 1699 2338 1785 publica

308 1787 647 1853 vobiscum
698 1787 946 1871 perfrui
998 1787 1220 1871 liceat,
1277 1791 1352 1852 ut
1405 1808 1554 1872 ego,
1608 1787 1780 1871 quod
1832 1787 1902 1850 in
1957 1788 2079 1853 1188
2135 1810 2338 1854 88888

307 1875 755 1942 vehementior
800 1896 972 1957 88111,
1025 1897 1158 1942 non
1203 1875 1548 1941 atrocitate
1596 1875 1797 1941 animi
1843 1897 2109 1942 moveor
2155 1873 2335 1963 (quis

313 1964 485 2029 enim
538 1967 640 2029 est
695 1985 799 2028 me
854 1962 1176 2050 18111019),
1218 1963 1347 2028 sed
1401 1965 1719 2066 singulari
1778 1964 2058 2049 quadam
2101 1964 2426 2030 huma-20

308 2052 517 2117 nitate
564 2055 633 2117 et
676 2051 1133 2117 misericordia.
1196 2051 1440 2117 Videor
1484 2053 1655 2116 enim
1701 2053 1862 2117 mihi
1905 2053 2122 2118 videre
2159 2054 2334 2119 hanc

315 2141 565 2224 urbem,
628 2140 841 2204 lucem
904 2139 1081 2205 orbis
1144 2144 1466 2205 terrarum
1522 2145 1717 2226 atque
1771 2162 1986 2207 arcem
2040 2142 2338 2207 omnium

313 2228 650 2329 gentium&
659 2227 878 2293 subito
907 2250 1035 2292 uno
1062 2228 1358 2293 incendio
1389 2229 1847 2313 concidentem,
1883 2250 2074 2295 cerno
2112 2230 2334 2297 animo

312 2317 569 2417 sep-ulta
630 2315 700 2380 in
760 2315 979 2400 patria
1040 2316 1313 2381 miseros
1377 2322 1572 2399 atque
1636 2318 2000 2402 insepultos
2065 2340 2334 2385 acervos

312 2404 569 2487 civium,
612 2406 913 2469 versatur
956 2403 1120 2468 mihi
1166 2408 1318 2469 ante
1357 2406 1576 2470 oculos
1615 2410 1914 2490 aspectus
1952 2404 2229 2493 Cethegi
2267 2412 2338 2473 et
2369 2422 2425 2463 2⁵

311 2490 494 2557 furor
538 2492 609 2556 in
651 2496 874 2556 vestra
910 2491 1101 2556 caede
1139 2493 1534 2558 bacchantis.
1597 2492 1763 2559 Cum
1799 2516 1951 2560 vero
1989 2494 2151 2559 mihi
2187 2519 2336 2580 pro-

312 2580 502 2663 posui
546 2582 927 2666 regnantem
971 2579 1340 2665 Lentulum,
1385 2581 1551 2647 sicut
1595 2581 1736 2665 ipse
1774 2604 1844 2647 se
1883 2604 1959 2647 ex
1995 2582 2153 2647 fatis
2193 2605 2336 2671 spe-

313 2688 491 2732 rasse
546 2666 878 2732 confessus
924 2671 1053 2751 est,
1104 2672 1532 2754 purpuratum
1579 2691 1720 2735 8888
1764 2670 1915 2736 11818
1962 2670 2337 2758 Gabinium,

311 2777 457 2819 cum
512 2755 797 2820 exercitu
850 2756 1102 2822 venisse
1157 2756 1537 2841 Catilinam,
1599 2762 1743 2823 tum
1795 2759 2336 2827 lamentationem

312 2846 599 2907 matrum
650 2842 963 2929 familias,
1016 2848 1159 2909 tum
1211 2844 1437 2931 fugam
1491 2846 1820 2932 virginum
1867 2852 2059 2933 atque
2105 2870 2334 2931 puero
2368 2866 2424 2906 ³0

312 2953 457 2996 rum
513 2953 590 2996 88
642 2932 1054 2997 vexationem
1108 2933 1440 3019 virginum
1485 2933 1851 2999 Vestalium
1907 2938 2335 3037 perhorresco

313 3022 397 3103 et,
443 3019 594 3104 quia
640 3019 804 3084 mihi
846 3021 1261 3121 vehementer
1305 3021 1466 3086 haec
1511 3022 1812 3088 videntur
1858 3024 2097 3090 misera
2134 3031 2336 3111 atque

314 3069 707 3191 miseranda,
761 3108 1000 3174 idcirco
1045 3108 1115 3172 in
1151 3129 1289 3193 808,
1346 3110 1457 3194 qui
1501 3130 1579 3175 ea
1622 3112 1926 3194 perficere
1971 3114 2339 3201 voluerunt,

314 3218 418 3260 me
466 3216 760 3261 severum
796 3197 1364 3280 vehementemque
1401 3200 1700 3300 praebeo.
1771 3199 2032 3266 Etenim
2073 3224 2337 3288 quaero,

314 3284 371 3347 si
428 3284 572 3367 quis
617 3288 806 3368 pater
848 3284 1135 3349 familias
1181 3285 1406 3350 liberis
1453 3287 1586 3352 suis
1631 3309 1671 3351 a
1717 3310 1904 3354 servo
1949 3290 2338 3377 interfectis,
2367 3306 2417 3348 ³⁵

314 3376 512 3435 uxore
571 3372 809 3456 088188,
860 3372 1122 3437 11188888
1168 3373 1359 3439 domo
1407 3376 1794 3460 supplicium
1841 3375 1919 3441 de
1965 3398 2152 3443 servo
2196 3402 2333 3447 non

315 3481 509 3544 quam
567 3462 1071 3526 acerbissumum
1128 3462 1503 3548 sumpserit,
1559 3468 1778 3529 utrum
1820 3464 1878 3530 is
1925 3466 2204 3532 clemens
2253 3490 2335 3535 ac
