2534 3875
343 145 470 210 106
865 146 1008 201 PRO
1048 146 1112 201 A.
1155 127 1521 201 cLuEN‘mo
1562 145 1852 203 ORATIO.

340 291 441 355 sui
503 290 729 355 fratris
795 290 1099 356 manibus
1153 295 1218 355 et
1286 291 1535 376 gremio
1601 313 1895 356 maerore
1960 296 2025 356 et
2089 293 2379 359 lacrimis

237 394 303 444 14
340 379 861 444 consenescebat.
951 378 1119 445 Ecce
1166 382 1387 443 autem
1427 380 1717 445 subitum
1766 381 2146 465 divortium,
2204 382 2380 465 quod

250 547 256 553 ⁸
339 468 655 533 solacium
710 469 1035 533 malorum
1083 466 1375 533 omnium
1428 468 1570 533 fore
1615 468 1992 533 videbatur!
2083 470 2381 535 Discedit

339 578 380 621 a
423 554 668 621 Melino
719 555 1022 621 Cluentia
1065 560 1140 620 ut
1185 556 1256 619 in
1301 556 1506 620 tantis
1554 556 1807 621 iniuriis
1853 579 1985 623 non
2030 558 2255 641 invita,
2300 562 2379 623 ut

340 666 380 709 a
424 644 566 708 viro
620 666 756 709 non
801 645 1097 709 libenter.
1190 643 1357 709 Tum
1404 666 1559 709 vero
1604 645 1726 709 illa
1771 646 2037 732 egregia
2074 669 2149 712 ac
2194 669 2379 731 pr-ae
2406 664 2437 705 ⁵

340 733 517 797 clara
546 736 758 797 mater
784 733 1006 817 palam
1039 733 1367 797 exsultare
1396 732 1670 815 laetitia,
1698 734 2107 819 triumphare
2136 735 2378 821 gaudio

339 820 585 904 coepit,
649 821 884 885 victrix
957 820 1159 904 filiae,
1223 842 1356 885 non
1411 784 1733 906 libidini's3
1800 823 2073 906 [itaque]
2131 823 2378 888 diutius

342 871 819 992 suspicionibus
867 909 1162 973 obscuris
1208 909 1381 973 laedi
1423 908 1670 974 famam
1716 932 1903 975 suam
1948 912 2379 994 noluit31ec

339 1001 483 1061 tum
547 997 736 1061 illum
797 997 1146 1083 genialem,
1212 1019 1405 1081 quem
1460 998 1724 1063 biennio
1782 1002 1934 1063 ante
1988 1000 2163 1064 filiae
2220 1022 2377 1065 suae

338 1085 612 1149 nubenti
649 1090 994 1169 straverat,
1039 1086 1110 1148 in
1147 1086 1374 1150 eadem
1412 1086 1605 1151 domo
1642 1086 1771 1151 sibi
1809 1087 2025 1152 ornari
2066 1092 2133 1152 et
2170 1091 2376 1153 sterni
2408 1107 2463 1146 ιο

341 1174 613 1257 expulsa
677 1178 873 1257 atque
939 1175 1287 1239 exturbata
1350 1174 1489 1238 filia
1548 1174 1749 1239 iubet.
1861 1176 2069 1241 Nubit
2134 1198 2379 1262 genero

342 1283 564 1326 socrus
626 1262 828 1327 nullis
895 1262 1295 1346 auspicibus,
1368 1262 1569 1327 nullis
1635 1264 2036 1349 auctoribus,
2099 1264 2379 1330 funestis

251 1386 320 1433 15
341 1349 666 1414 ominibus
727 1352 1035 1415 omnium.
1128 1350 1182 1415 O
1237 1314 1531 1415 mulieris
1588 1352 1799 1417 scelus
1864 1352 2243 1418 incredibile
2310 1358 2380 1418 et

338 1441 601 1522 praeter
653 1438 822 1503 hanc
876 1462 1076 1504 unam
1135 1440 1205 1503 in
1259 1440 1440 1504 omni
1484 1439 1633 1507 vita
1686 1441 2077 1505 inauditum!
2135 1463 2173 1506 o
2228 1442 2379 1506 libi-

340 1526 557 1591 dinem
613 1526 997 1593 effrenatam
1054 1531 1121 1591 et
1182 1528 1600 1592 indomitam!
1663 1550 1700 1593 o
1758 1530 2099 1594 audaciam
2154 1529 2462 1616 singu-15

336 1614 572 1679 larem!
631 1637 847 1680 nonne
900 1615 1216 1699 timuisse,
1274 1616 1332 1681 si
1387 1616 1601 1680 minus
1655 1615 1789 1681 vim
1846 1617 2112 1682 deorum
2167 1619 2379 1683 homi-

340 1724 626 1786 numque
670 1704 935 1789 famam,
983 1708 1053 1769 at
1097 1705 1286 1769 illam
1333 1705 1544 1788 ipsam
1582 1708 1841 1770 noctem
1878 1705 2182 1792 facesque
2219 1708 2377 1772 illas

336 1792 667 1875 nuptiales
677 1842 695 1876 ,
749 1814 884 1858 non
939 1792 1143 1857 limen
1188 1791 1493 1875 cubiculi,
1547 1815 1681 1859 non
1726 1794 1939 1859 cubile
1984 1795 2186 1878 filiae,
2239 1818 2380 1861 non

387 1879 622 1945 arietes
678 1880 954 1967 denique
1007 1881 1188 1966 ipsos
1246 1881 1655 1967 superiorum
1701 1886 1905 1948 testes
1949 1883 2377 1969 nuptiarum?

338 1902 668 2069 {effregit
731 1992 806 2035 ac
868 1970 1228 2053 prostravit
1292 1970 1512 2035 omnia
1576 1970 1928 2054 cupiditate
1989 1994 2065 2037 ac
2127 1973 2377 2058 furore3
2407 1993 2462 2032 2⁰

338 2056 498 2122 vicit
531 2057 848 2140 pudorem
884 2058 1106 2141 libid0,
1140 2058 1450 2123 timorem
1478 2059 1765 2141 audacia,
1805 2059 2127 2125 rationem
2156 2083 2379 2126 amen-

233 2160 301 2210 16
337 2146 452 2211 tia.
525 2144 708 2210 Tulit
743 2146 869 2211 hoc
905 2168 1246 2212 commune
1284 2147 1559 2212 dedecus
1595 2147 1905 2232 familiae,
1941 2150 2378 2234 cognationiS,

337 2233 624 2298 nominis
663 2235 954 2319 graviter
989 2235 1192 2318 filius;
1231 2236 1598 2321 augebatur
1634 2240 1853 2300 autem
1891 2236 2028 2300 eius
2067 2239 2380 2304 molestia

339 2322 684 2386 cotidianis
733 2323 1152 2425 querimoniis
1200 2327 1267 2388 et
1316 2323 1575 2388 assiduo
1620 2324 1780 2425 iletu
1817 2325 2087 2408 sororis3
2136 2327 2379 2392 statuit

336 2415 561 2474 tamen
621 2409 787 2474 nihil
851 2411 978 2476 sibi
1043 2413 1114 2476 in
1179 2411 1385 2476 tantis
1438 2411 1696 2477 iniuriis
1754 2435 1829 2478 ac
1884 2417 2071 2478 tanto
2130 2415 2378 2481 scelere
2408 2432 2462 2474 25

341 2499 572 2562 matris
632 2499 896 2583 gravius
944 2521 1087 2564 esse
1130 2499 1525 2584 faciendum,
1583 2522 1778 2585 quam
1824 2505 1899 2565 ut
1944 2501 2065 2566 illa
2108 2525 2191 2567 ne
2235 2508 2377 2568 ute·

338 2591 546 2668 retur,
598 2607 707 2670 ne,
756 2609 920 2670 quae
966 2588 1186 2653 videre
1233 2589 1373 2652 sine
1420 2610 1676 2653 8111111110
1724 2589 1926 2654 animi
1972 2590 2195 2655 dolore
2241 2614 2376 2657 non

337 2677 628 2760 poterat,
677 2695 778 2758 ea,
826 2675 883 2738 si
928 2681 1138 2740 matre
1182 2680 1503 2761 uteretur,
1547 2699 1682 2742 non
1728 2679 1942 2742 solum
1987 2678 2223 2764 videre,
2269 2701 2377 2745 ve-

338 2783 484 2824 rum
531 2761 728 2828 etiam
775 2764 1056 2846 probare
1104 2785 1221 2828 suo
1266 2765 1507 2830 iudicio
1553 2769 1914 2848 putaretur.

2510 1108 2521 1475 4

235 2864 299 2912 17
471 2849 742 2914 Initium
809 2852 979 2935 quod
1041 2852 1193 2917 huic
1255 2875 1401 2918 cum
1472 2857 1683 2918 matre
1738 2855 1936 2919 fuerit
1992 2854 2374 2942 simultatis,
2406 2875 2462 2915 so
2518 2815 2520 2850 ζ

339 2936 633 3001 audistis.
705 2937 1108 3004 Pertinuisse
1144 2941 1268 3006 hoc
1307 2940 1391 3005 ad
1427 2963 1690 3006 causam
1726 2947 1889 3027 tum,
1934 2965 2082 3009 cum
2118 2945 2376 3030 reliqua

341 3025 800 3111 cognoveritis,
834 3028 1251 3114 intellegetis,
1317 3027 1494 3094 Nam
1530 3030 1696 3094 illud
1734 3053 1837 3096 me
1873 3053 2007 3096 non
2042 3034 2377 3118 praeterit,

339 3114 796 3199 cuiuscumque
840 3116 1019 3181 modi
1063 3117 1154 3181 sit
1199 3121 1429 3202 mater,
1473 3122 1697 3183 tamen
1738 3119 1811 3184 in
1856 3120 2093 3185 iudicio
2134 3121 2259 3185 filii
2296 3121 2376 3186 de

337 3202 739 3286 turpitudine
784 3205 1076 3288 parentis
1123 3205 1251 3271 dici
1295 3206 1407 3270 vix
1452 3211 1772 3290 oportere.
1834 3207 1986 3273 Non
2032 3229 2241 3273 essem
2290 3210 2376 3274 ad

337 3291 542 3356 ullam
591 3313 855 3358 causam
900 3293 1200 3377 idoneus,
1245 3294 1517 3378 iudices,
1562 3295 1619 3360 si
1664 3296 1814 3380 hoc,
1862 3296 2035 3380 quod
2078 3297 2151 3361 111
2197 3320 2373 3363 80111-
2404 3313 2463 3356 3⁵

337 3380 644 3445 munibus
679 3381 1020 3448 hominum
1057 3383 1356 3448 sensibus
1394 3387 1591 3467 atque
1628 3385 1775 3467 ipsa
1809 3389 2047 3449 natura
2081 3386 2375 3470 positum

337 3471 536 3552 atque
588 3467 860 3536 infixum
917 3473 1046 3556 est,
1098 3471 1166 3535 id
1213 3492 1364 3556 ego,
1418 3471 1532 3556 qui
1568 3472 1653 3537 ad
1697 3471 2037 3537 hominum
2082 3474 2381 3558 pericula
