2534 3875
249 1220 298 1345 oont—

325 126 459 189 432
535 123 802 180 ORATIO
842 123 1024 178 POST
1061 123 1399 177 REDITUM
1436 122 1516 176 IN
1554 122 1846 178 SENATU
1880 121 2175 177 HABITA.

325 270 487 334 urbe
515 269 880 351 volitantia,
922 268 1431 353 magistratuum
1459 271 1635 332 tecta
1663 268 2069 352 impugnata,
2099 264 2373 330 deorum

326 359 578 441 templa
622 358 1058 437 inflammata,
1115 357 1353 421 summi
1399 357 1527 421 viri
1571 360 1640 420 et
1687 355 2032 420 clarissimi
2082 354 2372 419 consulis

327 447 536 511 fasces
609 445 885 529 fractos,
957 444 1304 509 fortissimi
1378 448 1575 527 atque
1650 444 1882 528 optimi
1956 443 2211 507 tribuni
2282 442 2375 527 pl.

329 535 818 600 sanctissimum
875 554 1109 617 corpus
1162 555 1300 598 non
1352 536 1604 597 tactum
1662 553 1739 597 ac
1786 532 2107 597 violatum
2153 553 2377 614 manu,

330 623 446 688 sed
517 623 931 688 vulneratum
1016 620 1191 686 ferro
1265 621 1763 704 confectumque
1835 620 2112 685 vidistis.
2233 618 2379 694 Qua
2408 636 2437 677 5

331 716 555 797 strage
619 733 751 776 non
815 709 982 774 nulli
1044 712 1328 794 permoti
1386 710 1817 795 magistratus
1868 776 1879 784 ,
1890 709 2135 793 partim
2193 712 2381 772 metu

331 801 594 881 mortiS,
649 799 892 883 partim
949 797 1403 882 desperatione
1453 799 1548 861 rei
1596 798 1898 882 publicae
1943 797 2287 882 paululum
2340 819 2381 860 a

331 911 477 953 mea
542 910 738 952 causa
793 889 1227 968 recesserunt3
1296 886 1532 969 reliqui
1586 885 1877 970 fuerunt,
1944 907 2107 969 quos
2162 906 2379 968 neque

330 981 546 1041 terror
589 997 708 1040 nec
754 976 872 1056 vis,
918 996 1036 1038 nec
1082 996 1231 1057 spes
1276 996 1395 1038 nec
1442 978 1675 1056 metus,
1718 995 1838 1038 nec
1882 973 2211 1058 promissa
2254 995 2379 1037 nec

332 1066 576 1147 minae,
619 1085 740 1128 nec
783 1063 920 1127 tela
965 1084 1083 1127 nec
1128 1062 1306 1127 faces
1352 1085 1395 1127 a
1439 1067 1661 1128 vestra
1706 1063 2127 1145 auctoritate,
2176 1084 2218 1126 a
2263 1083 2378 1145 po·
2408 1079 2459 1117 1⁰

333 1154 474 1237 puli
522 1152 800 1215 Romani
847 1151 1197 1237 dignitate,
1243 1174 1285 1215 a
1331 1173 1477 1214 mea
1524 1150 1738 1214 salute
1785 1150 2204 1235 depellerent.

468 1240 782 1322 Princeps
821 1239 891 1303 P.
921 1238 1255 1323 LentuluS,
1293 1260 1528 1322 parens
1566 1261 1642 1303 ac
1681 1238 1838 1303 deus
1873 1241 2141 1302 nostrae
2180 1238 2379 1321 vitae,

337 1328 668 1412 fortunae,
723 1329 1100 1406 memoriae,
1160 1328 1471 1410 nominis,
1526 1327 1653 1392 hoc
1708 1326 2035 1410 specimen
2090 1326 2379 1408 virtutis,

335 1417 460 1481 hoc
519 1416 828 1480 indicium
893 1416 1120 1499 animi,
1185 1416 1312 1480 hoe
1365 1416 1586 1480 lumen
1640 1414 2021 1479 consulatus
2077 1416 2179 1478 sui
2233 1413 2379 1479 fore

338 1505 619 1591 putavit,
667 1505 722 1568 si
767 1524 871 1568 me
920 1504 1099 1587 mihi,
1145 1504 1203 1567 si
1249 1505 1431 1586 meiS,
1480 1505 1537 1567 si
1581 1504 1788 1587 vobiS,
1835 1505 1894 1567 si
1940 1504 2036 1567 rei
2071 1502 2379 1587 publicae
2406 1521 2453 1559 1⁵

335 1593 750 1673 reddidisset3
799 1593 912 1677 qui
957 1595 1032 1656 ut
1068 1595 1170 1656 est
1207 1592 1607 1677 designatuS,
1650 1613 2009 1675 numquam
2047 1590 2380 1655 dubitavit

339 1682 733 1747 sententiam
797 1680 875 1744 de
943 1680 1156 1745 salute
1213 1702 1360 1744 mea
1416 1702 1485 1744 se
1540 1684 1608 1744 et
1662 1702 1732 1743 re
1786 1679 2050 1763 publica
2104 1680 2380 1763 dignam

337 1769 568 1836 dicere.
686 1768 850 1835 Cum
924 1791 965 1833 a
1036 1768 1302 1833 tribuno
1376 1766 1463 1851 pl.
1535 1771 1892 1851 vetaretur,
1973 1789 2119 1832 cum
2194 1789 2383 1852 prae·

339 1859 588 1924 clarum
635 1861 830 1941 caput
875 1857 1287 1941 recitaretur,
1332 1878 1413 1920 ne
1460 1857 1606 1941 quis
1654 1857 1737 1920 ad
1782 1877 1898 1920 vos
1945 1856 2252 1939 referret,
2296 1878 2380 1920 ne

342 1949 486 2031 quis
532 1948 922 2029 decerneret,
965 1968 1048 2010 ne
1092 1946 1479 2030 disputaret,
1526 1967 1607 2009 ne
1644 1946 2039 2029 loqueretur,
2083 1968 2164 2010 ne
2201 1946 2381 2030 pedi·
2409 1964 2456 2003 20

339 2037 462 2100 bus
509 2036 661 2118 iret,
715 2057 797 2099 ne
846 2034 1184 2099 scribendo
1235 2035 1519 2117 adesset,
1575 2038 1785 2098 totam
1832 2034 2045 2117 illam,
2098 2037 2175 2097 ut
2222 2038 2380 2099 ante

341 2125 492 2207 dixi,
538 2123 1087 2207 proscriptionem
1131 2144 1265 2186 non
1313 2123 1526 2207 legem
1572 2123 1850 2207 putavit,
1897 2144 2027 2206 qua
2062 2122 2226 2186 civis
2267 2145 2381 2206 op-

341 2213 502 2276 time
566 2212 644 2275 de
708 2233 778 2276 re
843 2211 1108 2294 publica
1162 2211 1441 2274 meritus
1495 2211 1887 2275 nominatim
1946 2211 2082 2274 sine
2138 2211 2381 2275 iudicio

343 2323 474 2365 una
529 2322 676 2364 cum
734 2303 964 2364 senatu
1013 2298 1108 2362 rei
1152 2299 1453 2383 publicae
1501 2302 1674 2363 esset
1720 2303 1999 2382 ereptus.
2082 2297 2179 2363 Ut
2222 2321 2380 2365 vero

343 2390 492 2452 iniit
560 2388 1052 2474 magistratum,
1116 2408 1249 2451 non
1315 2387 1527 2452 dicam
1581 2387 1734 2470 quid
1791 2388 1930 2472 egit
1984 2387 2167 2471 prius
2178 2438 2198 2470 ,
2266 2389 2381 2452 sed
2408 2405 2453 2445 25

343 2477 501 2561 quid
537 2480 799 2541 omnino
839 2476 976 2560 egit
1013 2476 1207 2557 aliud,
1252 2477 1379 2539 nisi
1416 2480 1490 2540 ut
1525 2497 1628 2539 me
1668 2479 2049 2540 conservato
2089 2480 2379 2540 vestram

343 2566 410 2628 in
495 2567 830 2648 posterum
915 2564 1309 2650 dignitatem
1385 2564 1973 2648 auctoritatemque
2048 2565 2379 2629 sanciret?

348 2653 431 2718 Di
472 2653 893 2735 immortales,
941 2657 1258 2736 quantum
1296 2652 1459 2716 mihi
1495 2652 1875 2716 beneficium
1915 2652 2169 2716 dedisse
2206 2653 2382 2717 vide-

345 2740 532 2822 mini,
586 2741 756 2822 quod
811 2740 937 2805 hoc
985 2763 1154 2805 anno
1200 2740 1272 2803 P.
1321 2740 1636 2804 Lentulus
1685 2741 1910 2805 consul
1955 2743 2065 2806 est!
2128 2745 2379 2825 quanto

345 2829 555 2894 maius
603 2828 961 2912 dedissetiS,
1009 2828 1066 2894 si
1111 2828 1443 2911 superiore
1490 2850 1659 2893 anno
1706 2827 1964 2893 fuisset!
2027 2827 2168 2893 Nec
2206 2830 2451 2894 enimao
2525 2841 2526 2886 z

347 2918 669 3003 eguissem
734 2917 1056 2982 medicina
1120 2917 1475 3000 consulari,
1537 2916 1669 2980 nisi
1734 2917 2060 2981 consulari
2113 2918 2382 2983 vulnere

347 3006 789 3072 concidissem.
857 3005 1208 3070 Audieram
1247 3027 1327 3070 ex
1366 3005 1851 3089 sapientissimo
1888 3005 2153 3071 homine
2184 3011 2383 3090 atque

347 3095 596 3179 optimo
647 3093 773 3159 civi
820 3098 887 3159 et
933 3095 1093 3177 viro,
1142 3093 1216 3170 Q.
1263 3091 1519 3176 Catulo,
1565 3115 1700 3157 non
1746 3115 1939 3177 saepe
1984 3116 2189 3158 unum
2234 3117 2384 3160 con-

347 3183 555 3247 sulem
613 3183 1026 3266 improbum,
1092 3181 1218 3247 duo
1283 3203 1438 3247 vero
1501 3203 1859 3265 numquam
1928 3186 2197 3267 excepto
2260 3185 2383 3248 illo

346 3269 638 3335 Cinnano
687 3274 981 3355 tempore
1019 3270 1236 3334 fuisse.
1312 3268 1523 3345 Quare
1572 3291 1784 3334 meam
1830 3293 2090 3336 causam
2130 3293 2453 3355 semper
2410 3289 2453 3329 33

345 3359 485 3422 fore
539 3358 982 3423 firmissimam
1040 3358 1248 3422 dicere
1298 3358 1579 3442 solebat,
1633 3359 1787 3423 dum
1832 3359 1938 3423 vel
1983 3381 2151 3424 unus
2196 3360 2267 3424 in
2314 3383 2384 3425 re

346 3446 609 3527 publica
667 3448 895 3511 consul
943 3450 1132 3510 esset.
1224 3444 1413 3521 Quod
1457 3468 1607 3510 vere
1655 3447 1944 3527 dixerat,
1992 3448 2050 3512 si
2094 3448 2257 3512 illud
2306 3449 2383 3514 de

2524 2891 2526 2935 4
