2534 3875
789 147 945 203 CAP.
984 152 1196 203 68-‘10
1233 154 1264 215 g
1306 154 1603 203 193—199.
2054 149 2182 213 175

145 292 455 357 traditum
502 289 598 355 sic
643 294 890 374 tuetur,
936 296 1010 356 ut
1055 291 1377 357 maiorum
1424 291 1833 377 gravitatem,
1880 296 2181 357 constan-

146 381 331 463 tiam,
398 379 712 465 gratiam,
775 379 1238 444 liberalitatem
1310 380 1718 463 adsequatur.
1818 378 2045 464 Itaque
2099 382 2181 445 iis

147 491 290 533 eum
327 468 549 533 verbis
588 467 845 551 publice
882 468 1170 551 laudant,
1206 472 1281 532 ut
1315 490 1450 533 non
1488 469 1699 533 solum
1729 468 2181 533 testimonium

148 579 333 621 suum
407 555 844 639 iudiciumque
919 556 1317 639 significent,
1390 578 1615 621 verum
1690 558 1887 621 etiam
1959 578 2179 621 curam

99 659 122 699 ⁵
149 644 351 709 animi
399 666 474 709 ac
521 643 831 707 dolorem.
907 643 1084 719 Quae
1133 644 1287 708 dum
1333 644 1621 709 laudatio
1668 644 1999 729 recitatur,
2042 667 2180 727 VOS,

26 746 28 845 J
148 754 416 817 quaeso,
465 731 577 815 qui
623 753 768 796 eam
817 732 1142 797 detulistis
1153 783 1172 814 ,
1219 732 1572 817 adsurgite.

26 852 28 855 >
275 820 380 885 Ex
446 818 734 884 lacrimis
789 820 1050 902 horum,
1103 820 1345 885 iudices
1356 872 1375 905 ,
1442 820 1817 885 existimare
1882 820 2159 905 potestis
2184 840 2283 889 197

145 931 368 974 omnes
433 908 594 973 haec
651 907 1026 973 decuriones
1084 908 1443 973 decrevisse
1498 909 1932 973 lacrimantes,
2035 910 2177 993 Age

143 1019 325 1079 vere,
381 996 744 1062 vicinorum
803 1002 1117 1081 quantum
1165 997 1479 1079 studium,
1536 1019 1733 1081 quam
1778 996 2176 1063 incredibilis

79 1102 120 1140 10
143 1084 612 1167 benivolentia,
675 1090 920 1167 quanta
985 1107 1140 1149 cura
1203 1087 1333 1149 est!
1433 1083 1587 1149 Non
1648 1086 1754 1150 illi
1808 1086 1880 1149 in
1933 1086 2177 1150 libellis

144 1174 589 1239 laudationem
628 1172 953 1237 decretam
989 1174 1327 1257 miserunt,
1374 1173 1487 1237 sed
1521 1173 1817 1239 homines
1853 1174 2178 1239 honestis-

144 1265 362 1346 simos,
410 1282 573 1345 quos
609 1282 948 1325 nossemus
987 1283 1228 1345 omnes,
1275 1262 1402 1325 huc
1437 1261 1809 1345 frequentes
1849 1262 2073 1327 adesse
2112 1266 2178 1326 et

142 1352 314 1415 hunc
359 1352 736 1433 praesentes
783 1349 1049 1414 laudare
1085 1349 1456 1414 voluerunt.
1515 1348 1775 1414 Adsunt
1810 1349 2178 1434 Ferentani,

141 1438 440 1503 homines
494 1438 918 1518 nobilissimi,
981 1437 1341 1503 Marrucini
1394 1438 1556 1501 item
1609 1438 1756 1522 pari
1819 1437 2175 1523 dignitate3

79 1542 118 1583 1⁵
143 1528 364 1591 Teano
403 1525 623 1609 Apulo
663 1529 859 1609 atque
895 1524 1169 1591 Luceria
1208 1527 1459 1610 equites
1488 1526 1841 1609 RomanOS,
1877 1526 2175 1591 homines

139 1614 641 1680 honestissimos
654 1663 671 1696 ,
717 1614 1087 1678 laudatores
1135 1614 1394 1696 videtis3
1439 1612 1733 1679 Boviano
1780 1618 2051 1699 totoque
2099 1636 2177 1677 ex

143 1702 409 1768 Samnio
476 1724 623 1767 cum
686 1701 1097 1767 laudationes
1151 1702 1653 1767 honestissimae
1709 1702 1949 1766 missae
2006 1706 2177 1784 sunt,

141 1796 284 1856 tum
319 1791 636 1855 homines*
658 1790 1046 1874 amplissimi
1072 1790 1594 1874 nobilissimique
1623 1793 1957 1855 venerunt.
2015 1788 2156 1853 Iam
2184 1808 2283 1857 198

142 1880 254 1965 qui
300 1880 373 1944 in
419 1899 580 1964 agro
619 1878 912 1943 Larinati
957 1879 1243 1963 praedia,
1292 1880 1403 1963 qui
1448 1880 1732 1966 negotia,
1780 1878 1893 1964 qui
1931 1900 2033 1943 res
2069 1900 2175 1963 pe-

74 1986 118 2024 ‘20
143 1969 398 2034 cuarias
444 1967 718 2051 habent,
764 1968 1025 2032 honesti
1069 1968 1370 2033 homines
1418 1971 1484 2032 et
1533 1990 1786 2033 summo
1835 1968 2177 2050 splendore

139 2056 448 2142 praediti,
509 2055 774 2120 difficile
829 2055 1006 2120 dictu
1062 2059 1162 2119 est
1207 2078 1401 2140 quam
1450 2057 1585 2121 sint
1630 2055 1925 2138 solliciti,
1984 2078 2177 2139 quam

140 2146 466 2210 laborent.
530 2142 591 2207 N
597 2167 684 2208 011
727 2143 923 2208 multi
969 2145 1130 2209 mihi
1175 2145 1258 2209 ab
1306 2166 1435 2209 uno
1486 2145 1579 2209 sic
1630 2145 1819 2228 diligi
1854 2143 2177 2226 videntur,

141 2239 216 2299 ut
260 2233 372 2298 hic
419 2232 502 2296 ab
549 2232 653 2296 his
700 2232 1038 2297 universis

276 2320 488 2396 Quam
527 2320 714 2385 doleo
754 2320 980 2384 abesse
1018 2321 1100 2385 ab
1127 2320 1321 2385 huius
1350 2320 1584 2386 iudicio
1614 2319 1685 2386 L.
1704 2319 2156 2404 Volusienum,
2199 2323 2283 2388 70

72 2426 116 2466 2⁵
144 2431 401 2475 summo
491 2409 834 2492 splendore
907 2409 1241 2473 hominem
1314 2430 1390 2474 ac
1462 2409 1707 2474 virtute
1778 2408 2177 2492 praeditum!

139 2498 402 2563 Vellem
431 2502 841 2581 praesentem
859 2519 1115 2581 possem
1134 2497 1204 2561 P.
1217 2495 1598 2563 Helvidium
1616 2497 1877 2581 Rufum,
1894 2498 2177 2581 equitem

139 2586 516 2652 Romanum
563 2585 854 2650 omnium
893 2585 1402 2668 ornatissimum,
1445 2585 1804 2650 nominare.
1861 2585 1989 2662 Qui
2030 2608 2177 2650 cum

140 2675 337 2740 huius
385 2696 580 2740 causa
627 2673 762 2738 dies
810 2677 1162 2757 noctesque
1208 2675 1518 2760 vigilaret
1562 2678 1629 2740 et
1673 2696 1820 2739 cum
1866 2696 1970 2740 me
2007 2674 2177 2740 hanc

141 2785 409 2828 causam
465 2763 752 2844 doceret,
815 2762 884 2826 in
939 2762 1238 2827 morbum
1296 2783 1561 2846 gravem
1614 2763 2178 2847 periculosumque

67 2867 114 2908 ³0
141 2851 404 2934 incidit3
442 2850 510 2914 in
547 2871 675 2935 quo
711 2853 934 2914 tamen
968 2872 1100 2914 non
1138 2851 1355 2914 minus
1395 2850 1473 2914 de
1511 2852 1722 2935 capite
1757 2851 1951 2915 huius
1980 2873 2177 2935 quam
2210 2851 2217 2857 “

143 2940 223 3004 de
270 2961 391 3004 sua
438 2940 576 3003 vita
620 2939 900 3003 laborat.
973 2936 1088 3002 Cn.
1119 2937 1345 3003 Tudici
1393 2941 1735 3023 senatoriS,
1781 2939 1908 3003 viri
1944 2939 2177 3023 optimi

143 3033 210 3092 et
264 3027 741 3107 honestissimi,
795 3049 918 3112 par
962 3027 1247 3090 studium
1298 3049 1376 3091 ex
1419 3027 1799 3092 testimonio
1848 3031 1914 3090 et
1957 3026 2178 3090 lauda-

145 3117 325 3181 tione
373 3115 801 3200 cognoscetis.
873 3115 1120 3179 Eadem
1167 3137 1301 3199 spe,
1347 3115 1461 3178 sed
1506 3115 1755 3180 maiore
1791 3113 2177 3178 verecundia

145 3205 223 3269 de
268 3209 354 3285 te,
391 3203 462 3268 P.
491 3203 824 3284 Volumni,
870 3203 1177 3287 quoniam
1222 3203 1417 3267 iudex
1463 3225 1532 3268 es
1567 3203 1639 3267 in
1676 3203 1753 3266 A.
1783 3200 2176 3284 Cluentium,

67 3308 117 3350 3⁵
145 3293 440 3358 dicimus·
511 3291 620 3370 Et,
665 3313 750 3356 ne
795 3292 1069 3377 longum
1119 3291 1222 3375 sit,
1271 3291 1560 3358 omnium
1596 3289 1961 3356 vicinorum
2008 3311 2175 3352 sum-

145 3403 322 3445 mam
361 3401 502 3444 esse
530 3381 598 3443 in
625 3379 799 3445 hunc
827 3379 1338 3444 benivolentiam
1369 3379 1844 3444 confirmamus
1902 3375 2155 3440 Horum
2180 3394 2280 3442 199

147 3469 438 3534 omnium
495 3468 811 3554 studium,
875 3489 1125 3551 curam,
1185 3467 1591 3552 diligentiam
1652 3485 1992 3548 meumque
2046 3486 2176 3529 una
