2534 3875
435 131 521 193 44
986 131 1132 187 PRO
1177 132 1243 185 A.
1284 131 1605 187 CAECINA
1643 131 1930 186 ORATIO.

219 344 227 351 ,
333 291 403 340 20
439 274 567 339 viri
618 275 835 340 fuerat
880 275 1329 341 Caesenniae'.
1422 275 1585 342 Cum
1640 276 1765 341 hoc
1818 298 2024 341 novae
2079 277 2233 342 litis
2285 297 2478 364 genus

440 368 578 428 tam
624 364 953 429 malitiose
1008 364 1403 445 intenderet,
1461 364 1711 450 placuit
1755 363 2068 429 Caecinae
2116 365 2204 429 de
2255 366 2481 430 amico·

440 473 585 516 rum
624 455 952 518 sententia
999 452 1412 536 constituere,
1459 474 1586 537 quo
1634 452 1736 516 die
1770 453 1841 516 in
1883 474 2020 516 rem
2067 458 2479 537 praesentem

439 540 771 605 veniretur
831 544 899 605 et
961 541 1039 604 de
1092 541 1294 606 fundo
1351 539 1629 605 Caecina
1683 541 1976 605 moribus
2030 541 2478 623 deduceretur.

445 626 918 712 Conlocuntur3
992 629 1127 693 dies
1200 650 1280 693 ex
1351 629 1689 713 utriusque
1763 628 2102 693 commodo
2186 630 2479 694 sumitur.
2498 650 2516 687 s

440 715 715 782 Caecina
752 739 897 782 cum
936 717 1160 782 amicis
1197 717 1280 781 ad
1319 717 1487 781 diem
1523 717 1705 780 venit
1739 717 1810 780 in
1846 716 2199 782 castellum
2228 718 2478 797 Axiam,

440 826 518 868 ex
556 826 684 889 quo
721 804 865 870 loco
902 804 1142 869 fundus
1179 805 1256 886 is,
1303 805 1381 868 de
1419 823 1545 889 quo
1584 805 1821 888 agitur,
1864 825 1997 869 non
2031 806 2244 889 longe
2286 807 2478 870 abest.

437 891 543 957 Ibi
598 894 834 957 certior
887 893 966 957 fit
1020 915 1059 957 a
1114 893 1413 978 pluribus
1467 892 1764 957 homines
1819 892 2196 978 permultos
2247 893 2478 958 liberos

441 983 636 1063 atque
682 1001 907 1045 servos
953 982 1245 1066 coegisse
1293 985 1361 1046 et
1405 1002 1694 1045 armasse
1739 979 2113 1045 Aebutium.
2204 979 2385 1047 Cum
2425 980 2478 1045 id

440 1069 683 1151 partim
743 1069 1161 1149 mirarentur,
1219 1070 1466 1154 partim
1522 1090 1656 1133 non
1711 1068 2068 1151 crederent,
2131 1090 2296 1134 ecee
2354 1070 2513 1155 ipse'

443 1156 763 1221 Aebutius
822 1157 893 1221 in
954 1158 1296 1222 castellum
1353 1156 1563 1239 venit3
1629 1157 1968 1221 denuntiat
2026 1155 2370 1223 Caecinae
2426 1178 2480 1221 se

446 1247 734 1308 armatos
762 1245 1031 1328 habere3
1079 1245 1407 1310 abiturum
1438 1267 1583 1310 eum
1612 1267 1746 1310 non
1780 1266 1938 1328 esse,
1985 1245 2043 1309 si
2079 1245 2480 1310 accessisset

443 1331 757 1397 Caecinae
803 1332 1051 1417 placuit
1098 1336 1163 1397 et
1210 1333 1464 1416 amicis,
1510 1332 1725 1416 quoad
1769 1333 2098 1396 videretur
2144 1334 2354 1399 salvo
2399 1355 2478 1398 ca·

336 1434 400 1482 21
442 1421 580 1504 pite
626 1421 767 1485 fieri
811 1443 1034 1506 posse,
1089 1421 1368 1507 experiri
1420 1424 1659 1485 tamen.
1749 1420 1849 1484 De
1893 1421 2168 1485 castello
2223 1422 2480 1486 descen-

444 1508 622 1592 dunt,
666 1511 734 1573 in
780 1509 1052 1574 fundum
1098 1509 1614 1594 proficiscuntur.
1695 1507 1969 1573 Videtur
2012 1512 2275 1574 temere
2325 1491 2520 1596 com-1⁴

444 1597 738 1674 missum,
773 1619 1018 1680 verum,
1056 1605 1129 1661 ut
1158 1599 1408 1682 opinor,
1444 1597 1570 1661 hoc
1603 1596 1732 1661 fuit
1768 1617 2023 1661 causae:
2059 1601 2207 1661 tam
2241 1602 2480 1663 temere

442 1684 645 1749 istum
675 1707 746 1749 re
776 1687 1292 1770 commissurum,
1330 1707 1528 1768 quam
1554 1685 1772 1749 verbis
1800 1685 2258 1767 minitabatur,
2296 1707 2479 1751 nemo

374 1775 413 1840 8
442 1773 722 1858 putavit.
822 1773 1042 1858 Atque
1103 1773 1229 1837 iste
1295 1774 1376 1838 ad
1441 1773 1652 1838 omnis
1714 1773 2052 1857 introituS,
2116 1794 2258 1857 qua
2328 1773 2480 1838 adiri

442 1863 705 1946 poterat
749 1883 883 1926 non
928 1861 1122 1925 modo
1167 1861 1238 1925 in
1287 1883 1432 1926 eum
1476 1860 1777 1944 fundum,
1832 1861 1908 1925 de
1963 1881 2091 1946 quo
2139 1865 2296 1926 erat
2345 1883 2480 1926 con-

441 1950 783 2032 troversia,
828 1949 942 2014 sed
989 1950 1188 2014 etiam
1232 1950 1304 2014 in
1348 1950 1533 2014 illum
1580 1950 1964 2034 proximum,
2010 1950 2088 2014 de
2134 1970 2276 2033 quo
2323 1933 2520 2019 nihili

445 2037 922 2123 ambigebatur,
970 2042 1258 2103 armatos
1294 2038 1592 2102 homines
1630 2040 1920 2121 opponit.
1988 2036 2228 2122 Itaque
2268 2039 2478 2123 primo
2518 2074 2520 2107 e

443 2147 589 2189 cum
635 2126 705 2190 in
751 2126 1090 2211 antiquum
1137 2124 1408 2190 fundum
1452 2126 1708 2211 ingredi
1749 2127 1960 2209 vellet,
2005 2123 2177 2211 quod
2219 2147 2306 2189 ea
2343 2148 2481 2211 pro-
2518 2128 2520 2155 ³

442 2213 613 2278 xime
679 2215 896 2279 accedi
957 2217 1246 2299 poterat,
1316 2214 1689 2299 frequentes
1753 2214 1991 2279 armati
2055 2213 2479 2278 obstiterunt

336 2315 403 2363 22
444 2300 586 2376 Quo
633 2301 778 2367 loco
818 2303 1124 2387 depulsus
1161 2302 1438 2367 Caecina
1474 2306 1715 2385 tamen,
1761 2323 1888 2385 qua
1922 2301 2157 2387 potuit,
2203 2302 2295 2366 ad
2334 2324 2477 2367 eum

440 2388 713 2454 fundum
773 2390 1103 2491 protectus
1158 2396 1272 2468 est,
1324 2390 1395 2454 in
1450 2412 1576 2491 quo
1633 2411 1711 2453 ex
1765 2393 2101 2455 conventu,
2141 2389 2283 2453 vim
2339 2363 2520 2461 fieri2]

442 2478 1526 2631 Sssssssssssffssd133⁸d22¹ffsssst.ffixss¹
1548 2479 2478 2649 θίζῗίἒᾶΐᾉοὲἒὲἓὲζέῖῗὲ

442 2674 589 2718 cum
628 2653 928 2718 omnibus
966 2655 1171 2738 copiis
1216 2658 1480 2739 praesto
1526 2654 1652 2718 fuit
1696 2675 2080 2738 servumque
2126 2674 2325 2719 suum
2371 2676 2479 2717 no·

440 2740 615 2804 mine
663 2740 1062 2807 Antiochum
1112 2743 1194 2807 ad
1241 2764 1310 2807 se
1354 2742 1614 2807 vocavit
1660 2748 1727 2806 et
1771 2744 1948 2807 clara
1992 2763 2151 2807 voce
2194 2740 2476 2827 impera·

439 2829 563 2909 vit,
626 2833 702 2893 ut
762 2850 936 2913 eum,
1002 2830 1116 2913 qui
1177 2830 1368 2894 illum
1432 2831 1722 2895 olearum
1785 2830 2074 2895 ordinem
2140 2813 2520 2910 intrasset&¹

441 2916 779 2981 occideret.
870 2918 1086 2982 Homo
1144 2939 1293 2982 mea
1349 2918 1672 2982 sententia
1726 2917 2276 3002 prudentissimus
2325 2916 2466 2982 Cae

440 3004 585 3069 cina
637 3008 858 3069 tamen
913 3006 982 3070 in
1036 3006 1160 3071 hac
1205 3028 1277 3070 re
1321 3008 1468 3091 plus
1515 3006 1678 3070 mihi
1724 3006 1924 3070 animi
1970 3027 2170 3090 quam
2215 3006 2469 3070 consili1

438 3092 697 3157 videtur
742 3093 1069 3158 habuisse.
1142 3093 1317 3158 Nam
1364 3115 1510 3158 cum
1558 3096 1624 3157 et
1671 3098 2072 3159 armatorum
2110 3093 2469 3158 multitudi-

436 3202 588 3244 nem
626 3181 873 3245 videret
902 3185 968 3245 et
996 3203 1140 3245 eam
1170 3203 1391 3246 vocem
1421 3181 1686 3263 Aebuti,
1725 3204 1919 3266 quam
1947 3181 2467 3261 commemoravi,

438 3268 744 3351 audisset,
779 3274 1005 3333 tamen
1039 3270 1313 3334 accessit
1338 3270 1606 3354 propius
1636 3273 1702 3332 et
1728 3270 1856 3333 iam
1886 3268 2265 3353 ingrediens
2302 3251 2520 3338 intras]

435 3357 633 3420 finem
680 3357 816 3419 eius
862 3356 1007 3439 loci,
1054 3377 1245 3439 quem
1293 3359 1472 3421 oleae
1509 3357 1970 3440 terminabant,
2013 3356 2340 3441 impetum
2377 3379 2463 3420 ar-

436 3444 597 3507 mati
642 3442 954 3507 Antiochi
1009 3445 1496 3528 ceterorumque
1551 3446 1688 3509 tela
1743 3449 1937 3529 atque
1981 3444 2325 3509 incursum
2377 3466 2463 3508 re-

354 3714 438 3825 h
