2534 3875
894 165 1046 220 CAP.
1086 172 1223 220 5-7
1262 173 1294 234 ς
1335 172 1560 221 10-14,
2073 169 2203 233 267

185 309 446 377 exilium
482 309 701 375 iussus
738 314 856 394 est,
898 311 1136 394 paruit,
1171 311 1312 375 ivit.
1384 311 1705 377 Hesterno
1745 313 1864 395 die,
1904 312 2206 397 Quirites,

184 421 331 464 cum
375 398 553 463 domi
598 419 781 464 meae
825 421 1030 483 paene
1075 399 1454 465 interfectus
1503 421 1738 484 essem,
1795 404 2092 466 senatum
2137 402 2206 467 in

186 486 408 552 aedem
444 485 619 551 Iovis
658 483 939 551 Statoris
975 488 1346 571 convocavi,
1391 510 1530 552 rem
1568 509 1825 553 omnem
1865 489 1946 553 ad
1982 493 2205 574 patres

186 575 588 660 conscriptos
646 574 863 640 detuli
957 572 1097 649 Quo
1154 597 1301 640 cum
1358 573 1641 640 Catilina
1694 577 2005 662 venisset,
2062 578 2206 662 quis

126 680 157 722 5
188 685 335 728 eum
372 666 638 728 senator
674 662 1053 747 appellavit,
1087 663 1230 748 quis
1269 664 1601 748 salutavit,
1639 665 1782 748 quis
1813 665 2083 749 denique
2112 667 2208 730 ita

186 751 443 837 aspexit
494 755 571 816 ut
613 751 937 836 perditum
984 751 1189 816 civem
1238 774 1313 818 ac
1356 774 1490 818 non
1533 753 1754 835 potius
1800 757 1875 818 ut
1919 754 2210 838 inportu-

182 838 527 904 nissimum
573 839 872 904 hostem?
947 838 1117 915 Quin
1162 821 1360 906 etiam
1405 841 1730 926 principes
1778 842 1914 906 eius
1963 842 2208 907 ordinis

183 931 441 1013 partem
497 926 682 992 illam
738 927 1223 1011 subselliorum,
1279 929 1363 993 ad
1420 951 1619 1014 quam
1673 930 1784 994 ille
1832 934 2210 1013 accesserat,

184 1015 429 1081 nudam
474 1019 668 1100 atque
713 1016 972 1080 inanem
1016 1016 1436 1099 reliquerunt·
1521 1016 1648 1082 Hic
1694 1039 1817 1104 ego
1864 1018 2209 1084 vehemens
2252 1037 2318 1085 13

103 1123 163 1162 ιο
190 1105 305 1168 ille
352 1104 608 1188 consul,
651 1104 765 1188 qui
808 1105 1008 1170 verbo
1054 1105 1213 1169 civis
1260 1105 1330 1168 in
1377 1105 1641 1170 exilium
1687 1107 1876 1188 eicio,
1921 1107 2212 1190 quaesivi

191 1215 231 1256 a
290 1189 605 1276 Catilina,
666 1194 735 1256 in
795 1196 1114 1258 nocturno
1182 1198 1506 1258 conventu
1569 1194 1740 1278 apud
1799 1193 1886 1259 M.
1935 1194 2212 1260 Laecam

187 1281 422 1345 fuisset
453 1301 671 1345 necne.
735 1277 899 1345 Cum
935 1281 1047 1344 ille
1073 1281 1269 1346 homo
1303 1281 1768 1347 audacissimus
1797 1283 2322 1353 conscientia(13)

190 1369 523 1435 convictus
552 1369 763 1452 primo
782 1369 1165 1452 reticuisset,
1191 1369 1470 1454 patefeci
1488 1373 1727 1455 cetera3
1757 1371 1910 1455 quid
1931 1393 2006 1436 ea
2023 1375 2213 1437 nocte

192 1457 454 1543 egisset,
506 1457 646 1540 [ubi
690 1456 972 1540 fuisset,]
1024 1419 1179 1541 quid
1221 1458 1294 1522 in
1340 1457 1700 1541 proximam
1748 1459 2214 1543 constituisset,

104 1562 163 1604 1⁵
192 1567 384 1630 quem
412 1545 493 1610 ad
520 1545 783 1610 modum
812 1549 984 1610 esset
1012 1546 1073 1610 ei
1098 1545 1267 1610 ratio
1297 1545 1501 1610 totius
1522 1545 1679 1610 belli
1700 1547 2040 1631 descripta,
2068 1548 2216 1612 edo·

190 1634 311 1699 cui.
375 1631 541 1698 Cum
566 1633 943 1717 haesitaret,
969 1655 1115 1699 cum
1142 1637 1490 1717 teneretur,
1517 1635 1826 1718 quaesivi,
1853 1635 2009 1718 quid
2038 1635 2216 1700 dubi-

190 1725 365 1786 taret
397 1721 717 1806 proficisci
756 1743 851 1805 e0,
890 1743 1017 1805 quo
1054 1723 1186 1786 iam
1222 1722 1476 1807 pridem
1512 1725 1792 1805 pararet,
1830 1745 1975 1787 cum
2015 1745 2215 1804 arma,

192 1831 339 1875 cum
380 1831 657 1894 secures,
704 1831 849 1875 cum
892 1810 1123 1892 fasces,
1168 1833 1315 1875 cum
1360 1811 1572 1894 tubas,
1619 1832 1765 1875 cum
1813 1811 2004 1896 signa
2049 1810 2216 1874 mili-

193 1899 391 1981 taria,
449 1920 597 1964 cum
652 1897 939 1983 aquilam
990 1898 1177 1965 illam
1238 1902 1644 1985 argenteam,
1698 1899 1802 1964 cui
1857 1899 1968 1964 ille
2013 1899 2213 1965 etiam

105 2005 167 2047 20
194 1987 546 2052 sacrarium
606 1988 973 2069 [scelerum]
1030 1987 1207 2053 domi
1263 2009 1419 2053 suae
1461 1988 1734 2071 fecerat,
1793 1988 2023 2053 scirem
2073 2009 2214 2052 esse

192 2075 636 2159 praemissam.
714 2074 794 2139 In
848 2076 1116 2140 exilium
1164 2076 1504 2159 eiciebam,
1549 2098 1742 2160 quem
1785 2076 1919 2140 iam
1964 2077 2214 2161 ingres-

196 2185 338 2229 sum
375 2185 517 2230 esse
552 2164 623 2228 in
659 2163 899 2229 bellum
935 2164 1282 2230 videbam?
1355 2164 1638 2248 Etenim,
1684 2164 1894 2247 cred0,
1928 2164 2212 2229 Manlius

190 2252 319 2316 iste
382 2252 702 2334 centurio,
766 2251 879 2336 qui
940 2251 1010 2315 in
1066 2273 1225 2338 agro
1281 2252 1646 2318 Faesulano
1703 2257 1922 2317 castra
1972 2252 2214 2337 posuit,

192 2340 439 2405 bellum
502 2340 745 2424 populo
801 2339 1097 2405 Romano
1156 2362 1275 2405 suo
1328 2340 1593 2405 nomine
1646 2340 1906 2424 indixit,
1972 2344 2037 2405 et
2095 2341 2213 2405 illa

108 2444 167 2487 25
193 2432 410 2493 castra
462 2450 632 2493 nunc
685 2449 818 2493 non
864 2426 1213 2493 Catilinam
1271 2427 1495 2493 ducem
1552 2432 1921 2512 expectant,
1976 2433 2043 2493 et
2098 2429 2213 2493 ille

194 2516 437 2581 eiectus
482 2517 552 2580 in
588 2516 853 2582 exilium
890 2537 961 2582 se
996 2515 1379 2601 Massiliam,
1423 2522 1499 2582 ut
1535 2517 1738 2601 aiunt,
1779 2539 1913 2583 non
1948 2517 2018 2581 in
2052 2517 2213 2583 haec

194 2608 413 2670 castra
457 2604 763 2669 conferet.

326 2692 382 2758 Ο
420 2692 863 2758 condicionem
899 2693 1205 2759 miseram
1239 2715 1374 2759 non
1411 2693 1605 2759 modo
1644 2693 2213 2778 administrandae,

192 2802 417 2845 verum
474 2782 672 2846 etiam
719 2782 1191 2847 conservandae
1237 2783 1335 2847 rei
1378 2781 1712 2868 publicae!
1805 2780 1996 2848 Nunc
2044 2784 2100 2847 si
2143 2782 2214 2846 L.

108 2886 169 2927 so
196 2868 484 2934 Catilina
544 2869 865 2953 consiliis,
928 2869 1291 2955 laboribus,
1353 2869 1657 2956 periculis
1722 2871 1884 2935 meis
1947 2871 2217 2935 circum-

196 2959 413 3023 clusus
476 2979 551 3023 ac
610 2957 985 3023 debilitatus
1050 2958 1267 3023 subito
1328 2959 1762 3041 pertimuerit,
1823 2960 2216 3023 sententiam

195 3045 566 3130 mutaverit,
604 3046 959 3111 deseruerit
1002 3067 1174 3130 suos,
1220 3046 1560 3112 consilium
1598 3046 1756 3111 belli
1791 3046 2070 3111 faciendi
2109 3046 2218 3109 ab·

193 3134 419 3199 iecerit
462 3138 528 3198 et
574 3154 651 3199 ex
696 3134 820 3199 hoc
864 3156 1057 3200 cursu
1102 3134 1362 3200 sceleris
1409 3158 1482 3201 ac
1516 3134 1675 3199 belli
1711 3135 1837 3198 iter
1873 3133 1955 3197 ad
1989 3134 2217 3217 fugam

138 3266 141 3271 -
195 3225 391 3322 atque
435 3222 507 3287 in
550 3222 816 3287 exilium
861 3223 1284 3306 converterit,
1327 3245 1460 3287 non
1503 3222 1615 3287 ille
1663 3244 1702 3286 a
1747 3242 1851 3285 me
1899 3221 2216 3305 spoliatus

111 3325 167 3367 35
195 3310 395 3374 armis
442 3310 763 3395 audaciae,
808 3333 940 3377 non
986 3311 1476 3396 obstupefactus
1523 3332 1598 3375 ac
1642 3308 2024 3394 perterritus
2071 3330 2218 3373 mea

196 3397 557 3484 diligentia,
599 3421 732 3464 non
778 3399 856 3463 de
902 3420 1017 3483 spe
1054 3404 1419 3483 conatuque
1455 3397 1781 3483 depulsuS,
1827 3396 1939 3460 sed
1974 3396 2218 3461 indem-

192 3489 390 3551 natus
452 3487 760 3552 innocens
822 3487 894 3553 in
952 3486 1215 3551 exilium
1283 3487 1524 3551 eiectus
1588 3508 1630 3551 a
1691 3485 1952 3549 consule
2022 3484 2087 3547 vi
2151 3487 2220 3549 et

2255 2112 2321 2160 14

2256 2714 2292 2777 7
