2534 3875
355 138 482 204 176
877 138 1020 193 PRO
1058 138 1125 193 A.
1164 137 1523 193 CLUENTIO
1566 136 1855 192 ORATIO.

351 284 662 364 laborem,
701 283 811 367 qui
847 285 1061 348 totam
1097 282 1268 347 hanc
1305 304 1569 347 causam
1605 286 1822 347 vetere
1858 282 2166 347 instituto
2205 283 2381 347 solus

350 371 682 456 peroravi,
753 376 1166 454 vestramque
1231 370 1452 452 simul,
1522 370 1793 455 iudices,
1858 370 2253 453 aequitatem
2317 374 2382 434 et

353 460 914 525 mansuetudinem
959 481 1092 523 una
1138 462 1349 524 mater
1385 462 1740 543 oppugnat.
1812 456 1906 523 At
1944 480 2108 542 quae
2145 459 2381 521 mater!

355 545 564 622 Quam
611 570 869 613 caecam
909 546 1287 611 crudelitate
1324 550 1390 610 et
1428 547 1668 612 scelere
1698 546 1863 611 ferri
1900 546 2153 628 videtis,
2200 546 2379 611 cuius
2533 620 2534 623 Ἴ

353 636 774 720 cupiditatem
821 636 1004 699 nulla
1049 656 1359 717 umquam
1406 634 1742 719 turpitudo
1788 635 2168 717 retardavit,
2218 655 2381 718 quae
2408 650 2440 691 5
2532 714 2534 725 ἆ

353 724 528 788 vitiis
585 726 785 789 animi
841 724 908 787 in
965 724 1349 787 deterrimas
1395 727 1617 807 partes
1662 723 1806 787 iura
1850 723 2187 788 hominum
2233 743 2383 787 con-

353 811 552 877 vertit
597 812 834 895 omnia,
872 812 1054 877 cuius
1102 833 1178 875 ea
1224 811 1507 875 stultitia
1552 815 1671 896 est,
1717 816 1791 875 ut
1837 833 1981 875 eam
2027 832 2220 876 nemo
2266 810 2381 875 ho-

354 902 622 983 minem,
679 922 756 964 ea
809 900 936 983 viS‚
990 902 1066 963 ut
1119 921 1310 963 nemo
1355 898 1695 982 feminam,
1752 921 1829 963 ea
1873 898 2255 981 crudelitaS,
2308 901 2384 962 ut

351 1009 547 1053 nemo
603 994 881 1053 matrem
926 988 1255 1072 appellare
1302 987 1527 1071 possit.
1611 990 1827 1071 Atque
1874 987 2071 1051 etiam
2116 986 2385 1051 nomina
2532 1056 2534 1075 Σ

353 1076 924 1159 necessitudinum,
995 1098 1127 1140 non
1197 1076 1412 1139 solum
1474 1079 1747 1139 naturae
1809 1096 2050 1140 nomen
2112 1080 2179 1139 et
2241 1076 2384 1139 iura
2414 1093 2471 1131 10
2532 1080 2534 1103 ³

354 1164 654 1248 mutavit,
699 1187 864 1229 uxor
901 1164 1139 1249 generi,
1174 1185 1453 1228 noverca
1488 1164 1629 1247 filii,
1674 1163 1851 1227 filiae
1886 1164 2095 1247 pelex;
2137 1185 2213 1228 eo
2250 1162 2384 1227 iam
2532 1174 2534 1181 '

355 1252 630 1336 denique
677 1253 954 1318 adducta
999 1255 1120 1335 est,
1165 1256 1241 1317 ut
1288 1251 1414 1316 sibi
1460 1256 1720 1335 praeter
1766 1251 2042 1317 formam
2087 1251 2253 1315 nihil
2302 1251 2384 1315 ad

247 1352 353 1405 200
376 1341 864 1406 similitudinem
922 1340 1207 1405 hominis
1252 1340 1618 1404 reservarit.
1708 1337 1948 1422 Quare,
2001 1338 2271 1423 iudices,
2328 1340 2387 1404 si

358 1429 567 1493 scelus
605 1429 855 1513 odistis,
891 1429 1234 1514 prohibete
1274 1427 1521 1493 aditum
1561 1428 1788 1493 matris
1828 1450 1867 1493 a
1902 1427 2023 1492 filii
2050 1428 2386 1513 sanguine,
2533 1490 2534 1501 2

355 1517 507 1582 date
555 1518 813 1601 parenti
858 1518 1032 1582 hunc
1075 1516 1522 1581 incredibilem
1568 1516 1859 1581 dolorem
1906 1536 1986 1579 ex
2031 1516 2259 1597 salute,
2308 1538 2386 1581 ex
2414 1534 2470 1574 15

354 1605 630 1671 victoria
693 1606 995 1689 liberum,
1067 1606 1370 1690 patimini
1434 1608 1736 1687 matrem,
1798 1625 1882 1667 ne
1947 1604 2180 1668 orbata
2245 1604 2386 1668 filio

355 1694 651 1777 laetetur,
697 1694 936 1758 victam
981 1694 1200 1777 potius
1237 1696 1459 1758 vestra
1496 1694 1827 1776 aequitate
1864 1692 2205 1756 discedere.
2273 1690 2391 1757 Sin

357 1786 592 1866 autem,
637 1782 705 1845 id
753 1782 923 1865 quod
970 1786 1190 1847 vestra
1234 1785 1470 1845 natura
1504 1781 1813 1865 postulat,
1858 1780 2189 1864 pudorem,
2225 1782 2391 1845 veri·

355 1874 557 1935 tatem
586 1870 1024 1955 virtutemque
1063 1869 1359 1956 diligitis,
1397 1871 1607 1933 levate
1642 1870 1814 1933 hunc
1852 1868 2199 1952 aliquando
2240 1891 2390 1953 sup·

353 1960 588 2042 plicem
654 1963 968 2041 vestrum,
1030 1958 1302 2042 iudices,
1365 1961 1469 2023 tot
1532 1979 1737 2023 annos
1791 1958 1859 2021 in
1915 1959 2085 2022 falsa
2138 1958 2393 2022 invidia
2420 1977 2469 2016 20
2533 2001 2534 2004 η

353 2048 786 2130 periculisque
842 2050 1202 2130 versatum,
1269 2046 1382 2131 qui
1433 2068 1605 2111 nunc
1659 2044 1937 2129 primum
1994 2050 2147 2129 post
2199 2047 2391 2110 illam

354 2135 686 2200 flammam
752 2136 1031 2200 aliorum
1094 2135 1272 2200 facto
1334 2139 1401 2198 et
1456 2135 1811 2218 cupiditate
1868 2135 2216 2199 excitatam
2275 2157 2392 2219 spe

353 2228 610 2288 vestrae
658 2223 1006 2306 aequitatis
1047 2223 1297 2308 erigere
1335 2222 1621 2288 animum
1658 2227 1725 2287 et
1760 2223 2026 2305 paulum
2065 2223 2391 2307 respirare

356 2333 395 2375 a
438 2316 641 2390 metu,
665 2312 896 2395 coepit,
943 2310 1046 2375 cui
1091 2311 1310 2395 posita
1359 2315 1512 2374 sunt
1555 2310 1625 2374 in
1668 2311 1859 2375 vobis
1906 2311 2145 2393 omnia,
2193 2333 2391 2396 quem

355 2402 682 2465 servatum
739 2421 880 2463 esse
933 2399 1205 2484 plurimi
1259 2399 1550 2481 cupiunt,
1606 2420 1862 2463 servare
1910 2399 2037 2462 soli
2080 2420 2197 2463 vos
2244 2404 2392 2483 pot·
2420 2415 2473 2456 2⁵

249 2501 351 2549 201
376 2488 549 2551 estis,
614 2486 777 2551 Orat
823 2509 940 2552 vos
977 2487 1281 2569 Habitus,
1326 2487 1583 2569 iudiceS,
1622 2490 1688 2550 et
1730 2487 1895 2551 flens
1943 2487 2260 2571 obsecrat,
2306 2511 2392 2552 ne

356 2595 424 2638 se
460 2574 761 2657 invidiae,
799 2597 963 2659 quae
999 2575 1070 2638 in
1104 2574 1358 2639 iudiciis
1396 2575 1615 2639 valere
1650 2597 1782 2640 non
1815 2575 2024 2659 debet,
2058 2597 2141 2640 ne
2170 2577 2394 2659 matri,

355 2663 536 2726 cuius
582 2667 738 2727 vota
783 2669 850 2726 et
894 2684 1116 2746 preces
1165 2685 1204 2726 a
1248 2663 1484 2727 vestris
1531 2664 1856 2728 mentibus
1903 2663 2245 2748 repudiare
2284 2665 2394 2730 de-

355 2751 550 2832 betis,
603 2771 686 2814 ne
733 2749 1120 2835 Oppianico,
1166 2751 1415 2815 homini
1459 2751 1738 2836 nefari0,
1785 2751 2217 2818 condemnato
2254 2753 2394 2818 iam

249 2837 329 2901 71
355 2841 422 2902 et
467 2843 743 2921 mortuo,
789 2839 1185 2904 condonetis,
1259 2837 1503 2914 Quodsi
1548 2862 1675 2922 qua
1722 2840 2061 2905 calamitas
2106 2840 2283 2906 hunc
2320 2842 2395 2905 in
2424 2858 2475 2898 30

353 2926 476 2991 hoc
520 2926 756 2991 iudicio
805 2926 1129 2992 adflixerit
1172 2927 1601 3012 innocentem,
1646 2950 1727 2993 ne
1772 2928 1898 2994 iste
1935 2928 2151 3013 miser,
2198 2928 2275 3013 si,
2321 2929 2396 2994 id
2533 2929 2534 2944 ³

355 3015 526 3098 quod
582 3014 847 3080 difficile
901 3016 1079 3080 factu
1133 3021 1259 3099 est,
1323 3017 1393 3080 in
1436 3016 1573 3080 vita
1626 3017 2014 3100 remanebit,
2070 3039 2265 3101 saepe
2322 3023 2396 3082 et

355 3104 636 3167 multum
715 3109 1018 3186 queretur
1082 3104 1555 3188 deprehensum
1620 3127 1762 3169 esse
1823 3104 1989 3168 illud
2054 3105 2393 3188 quondam

353 3190 811 3256 Fabricianum
864 3214 1202 3256 venenum.
1293 3191 1478 3268 Quod
1534 3192 1593 3256 si
1645 3196 1787 3257 tum
1842 3192 2199 3258 indicatum
2253 3215 2395 3258 non

356 3283 544 3361 esset,
587 3301 722 3344 non
766 3280 920 3345 huic
965 3281 1539 3344 aerumnosissimo
1577 3301 1896 3345 venenum
1932 3281 2091 3344 illud
2131 3280 2393 3366 fuisset,
2422 3298 2473 3339 35

356 3367 468 3431 sed
541 3368 898 3432 multorum
970 3369 1511 3432 medicamentum
1574 3390 1974 3451 maerorum3
2048 3373 2393 3452 postremo

356 3455 554 3518 etiam
591 3456 894 3521 fortassis
934 3462 1145 3522 mater
1183 3456 1519 3539 exsequias
1555 3456 1733 3521 illius
1761 3456 2007 3521 funeris
2034 3463 2393 3541 prosecuta
