2534 3875
858 168 1009 223 CAP.
1050 175 1222 224 9---11
1262 175 1292 234 ς
1333 173 1557 225 18-23.
2095 171 2224 238 297

196 316 461 379 coactus
510 317 629 396 est,
674 317 942 378 ornetur
987 315 1156 378 alter
1199 313 1438 378 eximia
1475 314 1664 380 laude
1702 313 2070 400 AfricanuS,
2117 319 2228 402 qui

199 401 359 466 duas
427 403 620 466 urbes
676 400 827 466 huic
881 401 1155 486 imperio
1210 401 1695 485 infestissimas,
1759 402 2227 490 Carthaginem

196 488 779 574 Numantiamque,
826 489 1080 572 delevit,
1125 488 1448 554 habeatur
1490 489 1592 555 vir
1637 492 1942 578 egregius
1987 491 2228 559 Paulus

201 579 344 662 ille,
402 578 583 643 cuius
630 600 888 643 currum
934 598 1048 641 rex
1092 577 1590 664 potentissimus
1635 580 1960 664 quondam
2006 584 2073 644 et
2116 604 2228 648 no-

146 683 171 722 ⁵
200 667 563 732 bilissimas
600 665 830 730 Perses
867 664 1253 742 honestavit,
1293 667 1382 730 sit
1419 670 1687 732 aeterna
1723 667 1937 752 gloria
1962 668 2228 754 Marius,

200 756 311 842 qui
359 754 463 819 bis
504 753 769 820 Italiam
816 753 1149 818 obsidione
1196 757 1263 818 et
1308 758 1489 820 metu
1535 755 1870 820 servitutis
1907 757 2229 842 liberavit,

200 847 642 927 anteponatur
680 842 979 920 omnibus
1006 841 1371 925 PompeiuS‚
1407 843 1588 909 cuius
1626 865 1728 909 res
1769 849 1994 932 gestae
2032 849 2233 931 atque

200 934 479 998 virtutes
537 931 745 996 isdem
802 930 1035 1014 quibus
1082 929 1239 995 solis
1286 952 1513 997 cursus
1558 933 1935 1018 regionibus
1983 955 2058 1000 ac
2100 940 2228 1000 ter·-

203 1021 399 1086 minis
466 1019 909 1102 continentur3
964 1019 1089 1083 erit
1142 1018 1433 1104 profecto
1489 1021 1662 1085 inter
1715 1021 1949 1087 horum
2003 1022 2227 1088 laudes

120 1123 175 1164 10
203 1107 452 1194 aliquid
498 1107 627 1173 loci
670 1111 930 1172 nostrae
979 1107 1247 1192 gloriae,
1293 1107 1422 1172 nisi
1457 1109 1628 1174 forte
1666 1110 1876 1176 maius
1913 1114 2016 1176 est
2050 1116 2230 1196 pate-

200 1196 417 1264 facere
479 1195 671 1262 nobis
735 1194 1131 1281 provincias,
1194 1216 1322 1279 quo
1383 1197 1558 1262 exire
1614 1198 1968 1282 possimuS,
2032 1222 2228 1283 quam

202 1307 450 1366 curare,
496 1288 571 1349 ut
608 1284 804 1348 etiam
841 1282 957 1362 illi,
996 1284 1108 1367 qui
1144 1284 1401 1367 absunt,
1437 1284 1742 1370 habeant,
1779 1308 1907 1371 quo
1945 1289 2227 1354 victores

199 1376 627 1439 revertantur.
690 1369 1099 1456 Quamquam
1145 1375 1247 1436 est
1291 1393 1420 1437 uno
1465 1373 1610 1438 loco
1658 1374 1948 1440 condicio
1995 1378 2230 1442 melior
2267 1391 2334 1442 22

205 1466 511 1528 externae
585 1459 896 1526 victoriae
978 1482 1173 1545 quam
1255 1461 1672 1545 domesticae,
1755 1464 1927 1546 quod
2002 1464 2227 1530 hostes

120 1562 173 1604 1⁵
204 1551 608 1634 alienigenae
654 1551 769 1614 aut
814 1551 1111 1640 oppressi
1158 1549 1453 1613 serviunt
1497 1553 1613 1613 aut
1655 1552 1899 1634 recepti
1938 1551 2032 1627 [in
2069 1555 2228 1617 ami-

203 1640 455 1719 citiam]
512 1637 825 1702 beneficio
883 1658 953 1702 se
1009 1637 1340 1722 obligatos
1392 1641 1655 1721 putant3
1709 1638 1822 1721 qui
1877 1642 2096 1703 autem
2151 1661 2229 1704 ex

202 1747 473 1792 numero
503 1727 740 1790 civium
770 1725 1097 1790 dementia
1125 1725 1345 1809 aliqua
1373 1724 1710 1809 depravati
1735 1726 1956 1790 hostes
1976 1727 2228 1810 patriae

206 1815 407 1881 semel
456 1835 597 1880 esse
643 1817 1013 1899 coeperunt,
1059 1835 1167 1878 eos
1216 1835 1362 1878 cum
1405 1835 1444 1878 a
1478 1814 1759 1898 pernicie
1797 1815 1890 1878 rei
1927 1815 2227 1898 publicae

123 1916 127 1920 '
202 1903 583 1990 reppuleriS,
616 1924 735 1968 nec
769 1901 837 1968 vi
875 1906 1167 1968 coercere
1202 1923 1324 1968 nec
1359 1900 1670 1967 beneficio
1708 1902 1966 1986 placare
1995 1904 2227 1988 possis.

119 2007 175 2047 ²0
204 1991 419 2068 Quare
491 1990 655 2056 mihi
726 2012 872 2055 cum
935 1989 1207 2073 perditis
1271 1992 1522 2056 civibus
1585 1995 1920 2056 aeternum
1983 1993 2227 2058 bellum

204 2083 575 2163 susceptum
653 2100 793 2143 esse
856 2079 1062 2144 video.
1169 2078 1246 2143 Id
1311 2099 1432 2163 ego
1497 2083 1716 2144 vestro
1779 2079 2226 2166 bonorumque

205 2169 494 2233 omnium
569 2167 810 2233 auxilio
874 2166 1312 2250 memoriaque
1373 2171 1710 2233 tantorum
1775 2169 2227 2253 periculorum,

202 2279 369 2342 quae
412 2278 547 2321 non
593 2255 786 2320 modo
831 2255 902 2319 in
944 2254 1069 2320 hoc
1114 2254 1384 2339 popule,
1440 2257 1555 2340 qui
1599 2260 1892 2321 servatus
1940 2260 2067 2340 est,
2113 2258 2227 2324 sed

203 2346 273 2411 in
329 2346 617 2410 omnium
674 2342 967 2429 gentium
1022 2343 1428 2408 sermonibus
1476 2366 1552 2409 ac
1597 2343 1924 2409 mentibus
1971 2367 2226 2428 semper

115 2446 172 2489 2⁵
199 2432 523 2517 haerebit,
578 2454 620 2497 a
671 2452 775 2496 me
830 2435 1023 2514 atque
1080 2454 1120 2496 a
1175 2432 1336 2495 meis
1381 2431 1572 2497 facile
1617 2433 1988 2516 propulsari
2031 2455 2224 2518 posse

200 2521 471 2588 confido,
578 2518 804 2603 Neque
876 2519 1014 2584 ulla
1071 2518 1362 2604 profecto
1426 2521 1615 2584 tan-ta
1681 2519 1782 2585 vis
1846 2522 2223 2607 reperietur,

202 2632 365 2695 quae
422 2608 941 2674 coniunctionem
985 2612 1266 2673 vestram
1317 2608 1734 2692 equitumque
1780 2607 2223 2675 Romanorum

200 2702 268 2763 et
322 2700 578 2763 tantam
633 2696 1177 2781 conspirationem
1230 2697 1553 2761 bonorum
1610 2696 1899 2761 omnium
1945 2697 2223 2763 confrin-

200 2807 353 2873 gere
399 2788 468 2850 et
509 2783 902 2850 labefactare
948 2785 1175 2867 possit.

112 2890 171 2930 ³0
332 2872 511 2949 Quae
556 2894 702 2939 cum
745 2873 841 2936 ita
887 2873 1039 2955 sint,
1082 2894 1201 2956 pro
1247 2872 1543 2956 imperio,
1585 2893 1706 2956 pro
1753 2872 2057 2957 exercitU,
2102 2896 2220 2958 pro
2246 2850 2326 2975 12}

198 2963 551 3046 provincia,
588 2982 781 3045 quam
806 2959 1086 3045 neglexi,
1112 2981 1231 3045 pro
1261 2960 1594 3045 triumpho
1624 2959 1983 3043 ceterisque
2011 2961 2221 3027 laudis

196 3050 589 3137 insignibus,
644 3070 807 3132 quae
865 3053 1019 3113 sunt
1064 3072 1102 3113 a
1148 3070 1253 3113 me
1298 3051 1567 3133 propter
1609 3047 1792 3112 urbis
1837 3051 2222 3133 vestraeque

4 3160 15 3187 v
197 3139 431 3204 salutis
476 3136 837 3203 custodiam
875 3136 1233 3222 repudiata,
1279 3158 1399 3222 pro
1439 3136 1754 3201 clientelis
1792 3135 2222 3220 hospitiisque

197 3227 720 3310 provincialibuS,
764 3245 929 3309 quae
975 3230 1192 3290 tamen
1228 3224 1496 3290 urbanis
1534 3223 1767 3309 opibus
1802 3245 1935 3288 non
1974 3224 2221 3289 minore

112 3330 169 3375 ss
199 3315 423 3380 labore
482 3318 671 3379 tueor
726 3334 921 3398 quam
967 3334 1300 3397 comparo,
1354 3334 1472 3396 pro
1517 3312 1623 3377 his
1668 3312 1871 3395 igitur
1919 3312 2221 3377 omnibus

195 3404 415 3481 rebus,
481 3424 601 3486 pro
672 3401 835 3465 meis
889 3400 959 3465 in
1011 3422 1131 3465 vos
1184 3400 1632 3485 singularibus
1688 3398 1919 3465 studiis
1973 3420 2221 3484 proque

192 3490 335 3569 hac,
381 3512 577 3577 quam
621 3488 1011 3573 perspicitis,
1056 3489 1137 3555 ad
1174 3489 1681 3555 conservandam
1716 3509 1856 3553 rem
1891 3487 2220 3573 publicam
