2534 3875
19 0 2527 78 [Ἥ

851 289 1005 344 CAP.
1047 295 1185 344 7-9
1222 294 1252 354 s
1294 295 1517 343 14—18.
2063 290 2191 355 521

171 457 287 521 per
336 457 440 500 me
487 439 600 501 aut
647 436 731 500 ab
778 434 926 499 aliis
972 434 1311 512 haberem,
1369 455 1500 498 non
1546 434 1979 516 praedicarem
2027 437 2197 520 apud

173 545 316 608 vos,
385 546 469 588 ne
525 523 720 588 nimis
783 522 1051 608 gloriari
1109 523 1389 604 viderer3
1459 522 1571 586 sed
1636 543 1782 586 cum
1842 523 1975 587 sint
2035 525 2197 590 mihi

175 612 330 678 data
366 635 406 677 a
442 612 648 696 vobis,
694 632 841 675 cum
887 633 964 675 ea
1011 610 1496 693 adtemptentur
1540 609 1677 674 eius
1724 610 1968 696 lingua,
2014 613 2193 678 cuius

179 705 328 766 ante
383 722 579 765 manu
636 721 860 764 eversa
913 721 1031 765 vos
1088 699 1250 762 mihi
1308 704 1374 762 et
1418 698 1641 762 liberis
1689 701 1850 764 meis
1896 700 2194 766 manibus

107 807 140 846 5
171 789 404 854 vestris
461 788 860 871 reddidistis,
913 808 1045 851 non
1101 807 1223 872 ego
1282 787 1360 851 de
1416 786 1606 870 meis,
1661 787 1771 850 sed
1830 787 1906 851 de
1954 791 2190 854 vestris

168 877 358 943 factis
395 878 630 961 loquor
663 898 781 941 nec
817 897 1061 959 vereor,
1097 897 1178 938 ne
1214 875 1376 940 haec
1413 895 1558 939 mea
1594 879 1961 941 vestrorum
1999 877 2191 942 bene·

169 966 460 1031 ficiorum
504 964 900 1050 praedicatio
946 985 1078 1029 non
1125 966 1316 1048 grata
1359 964 1578 1046 potius
1626 985 1823 1048 quam
1861 963 2191 1049 adrogans

168 1055 477 1118 videatur.
551 1051 973 1136 Quamquam,
1011 1052 1066 1115 si
1103 1073 1206 1115 me
1244 1051 1449 1116 tantis
1488 1051 1823 1116 laboribus
1860 1073 1981 1137 pro
2019 1074 2191 1118 com·
2234 1073 2299 1123 17

170 1143 348 1207 muni
385 1142 597 1208 salute
634 1140 1045 1226 perfunctum
1085 1139 1359 1204 ecferret
1396 1138 1745 1223 aliquando
1786 1139 1867 1205 ad
1914 1141 2191 1226 gloriam

81 1249 142 1287 ιο
171 1231 239 1295 in
283 1229 644 1295 refutandis
701 1229 1063 1306 maledictis
1119 1228 1456 1292 hominum
1502 1228 1948 1312 improborum
1995 1230 2195 1295 animi

171 1318 432 1402 quidam
463 1318 667 1400 dolor,
706 1318 849 1401 quis
875 1337 1007 1380 non
1034 1316 1448 1401 ignosceret?
1504 1314 1659 1381 Vidi
1686 1317 1857 1380 enim
1887 1316 2193 1383 hesterno

171 1407 272 1472 die
311 1406 626 1491 quendam
667 1410 1202 1488 murmurantem,
1239 1425 1429 1488 quem
1459 1403 1724 1469 aiebant
1760 1426 2001 1491 negare
2037 1405 2196 1470 ferri

169 1516 272 1560 me
308 1516 519 1577 posse,
565 1495 736 1578 quia,
783 1515 929 1557 cum
965 1494 1047 1557 ab
1085 1492 1208 1558 hoc
1247 1493 1529 1557 eodem
1508 1493 1952 1577 impurissimo
1990 1495 2193 1578 parri·

170 1584 311 1648 cida
357 1603 644 1668 rogarer,
690 1581 869 1647 cuius
917 1601 1127 1646 essem
1170 1581 1458 1646 c1v1tatis
1470 1631 1487 1663 ,
1542 1581 1845 1665 respondi
1892 1602 1995 1646 me
2039 1605 2189 1666 pro

73 1689 138 1730 15
168 1671 476 1736 bantibus
543 1674 611 1734 et
674 1671 860 1735 vobis
925 1673 991 1734 et
1054 1669 1379 1753 equitibus
1443 1668 1758 1734 Romanis
1826 1670 1963 1733 eius
2031 1691 2192 1754 esse,

168 1780 332 1844 quae
377 1780 592 1824 carere
639 1780 743 1823 me
785 1779 917 1822 non
962 1759 1300 1842 potuisset.
1389 1757 1536 1842 Ille,
1595 1761 1671 1821 ut
1717 1757 1972 1842 opinor,
2018 1757 2195 1843 inge-

167 1848 350 1913 muit.
440 1846 607 1923 Quid
651 1846 858 1932 igitur
912 1845 1412 1930 responderem?
1468 1843 1734 1931 (quaero
1781 1867 1860 1910 ex
1906 1867 1981 1910 eo
2028 1847 2190 1931 iPSO‚

169 1937 275 2021 qui
327 1937 496 2001 ferre
551 1958 653 2001 me
707 1957 840 2000 non
885 1931 1129 2020 potest)
1176 1956 1281 1998 me
1328 1935 1534 1999 civem
1583 1956 1723 1999 esse
1768 1932 2187 1999 Romanum?

165 2026 486 2091 Litterate
514 2024 1010 2107 respondissem.
1056 2022 1164 2087 An
1192 2023 1588 2088 tacuissem?
1625 2022 1974 2087 Desertum
1995 2045 2190 2109 nego-

70 2131 138 2173 20
166 2114 352 2179 tium.
433 2112 663 2177 Potest
709 2112 1050 2197 quisquam
1097 2112 1198 2175 vir
1241 2112 1311 2175 in
1353 2111 1548 2175 rebus
1594 2112 1849 2195 magnis
1898 2132 2041 2175 cum
2089 2114 2189 2177 in-

164 2201 340 2266 vidia
387 2204 683 2267 versatus
739 2202 900 2265 satis
957 2200 1245 2285 graviter
1300 2200 1546 2264 inimici
1593 2199 2002 2264 contumeliis
2051 2200 2189 2265 sine

169 2311 287 2354 sua
331 2288 521 2353 laude
565 2288 997 2372 respondere?
1086 2287 1179 2352 At
1221 2288 1363 2373 ipse
1408 2309 1540 2353 non
1584 2288 1776 2353 modo
1822 2287 2191 2371 respondet,

169 2376 481 2461 quidquid
525 2379 762 2477 potest,
808 2397 953 2440 cum
998 2379 1098 2440 est
1141 2376 1503 2459 lacessitus,
1548 2376 1661 2441 sed
1706 2376 1903 2440 etiam
1951 2375 2190 2461 gaudet

168 2487 240 2531 se
287 2464 370 2529 ab
418 2465 664 2547 amicis,
709 2464 860 2547 quid
904 2464 1313 2549 respondeat,
1361 2464 1713 2528 admoneri.

71 2571 140 2613 2⁵
306 2551 431 2618 Sed
487 2552 792 2637 quoniam
848 2573 994 2617 mea
1048 2574 1242 2617 causa
1307 2552 1605 2636 expedita
1668 2556 1795 2635 est,
1859 2551 2191 2617 videamus
2230 2531 2302 2657 98

163 2662 356 2725 nunc,
404 2640 557 2725 quid
594 2640 966 2724 haruspices
1006 2640 1238 2705 dicant.
1310 2640 1457 2725 Ego
1505 2640 1676 2705 enim
1719 2640 1931 2704 fateor
1975 2662 2079 2705 me
2126 2612 2259 2705 et¹

165 2729 616 2814 magnitudine
653 2730 900 2794 ostenti
938 2733 1004 2793 et
1042 2730 1363 2814 gravitate
1399 2729 1695 2813 responsi
1732 2732 1798 2792 et
1832 2750 1963 2793 una
2000 2733 2196 2813 atque

165 2819 499 2884 constanti
553 2817 970 2900 haruspicum
1030 2838 1185 2882 voce
1246 2815 1659 2881 vehementer
1712 2838 1855 2881 esse
1912 2838 2196 2881 commo·

162 2911 335 2991 tum,
381 2927 591 2991 neque
637 2906 694 2970 is
732 2927 896 2990 sum,
942 2905 1070 2989 qui,
1117 2907 1173 2969 si
1210 2904 1313 2971 cui
1349 2905 1519 2968 forte
1556 2904 1779 2969 videor
1812 2904 1963 2989 plus
2000 2924 2196 3004 quam
2280 2938 2283 2941 ⁴

67 3012 138 3054 ³⁰
167 2996 396 3079 ceteri,
444 2995 557 3079 qui
603 3015 805 3077 aeque
853 2996 1051 3078 atque
1098 3014 1220 3078 ego
1268 2996 1420 3057 sunt
1467 2990 1789 3076 occupati,
1835 2992 2081 3055 versari
2126 2990 2197 3055 in

163 3083 386 3148 studio
421 3083 813 3164 litterarum,
849 3082 954 3147 his
995 3080 1276 3146 delecter
1309 3085 1421 3146 aut
1458 3083 1607 3145 utar
1636 3078 1898 3143 omnino
1935 3077 2195 3160 litteris,

165 3192 335 3255 quae
388 3174 652 3236 nostros
709 3170 961 3235 animos
1015 3170 1344 3234 deterrent
1398 3173 1593 3252 atque
1640 3170 1920 3231 avocant
1966 3188 2004 3230 a
2049 3166 2196 3231 reli-

164 3258 380 3343 gione.
469 3258 616 3344 Ego
672 3279 824 3323 vero
884 3258 1168 3341 primum
1227 3258 1437 3322 habeo
1500 3260 1797 3321 auctores
1860 3276 1933 3320 ac
1994 3254 2197 3339 magi-

165 3350 341 3411 stros
379 3346 769 3431 religionum
812 3346 1227 3411 colendarum
1265 3344 1544 3410 maiores
1589 3347 1873 3443 nostros,
1920 3363 2195 3426 quorum

63 3453 132 3496 35
165 3434 336 3499 mihi
380 3438 566 3499 tanta
610 3434 814 3501 fuisse
863 3435 1185 3518 sapientia
1229 3434 1501 3515 videtur,
1546 3435 1621 3496 ut
1668 3430 1828 3495 satis
1876 3452 2194 3515 superque

161 3520 517 3607 prudentes
585 3522 746 3605 sint,
810 3522 922 3606 qui
984 3522 1245 3586 illorum
1311 3519 1723 3620 prudentiam
1786 3539 1923 3583 non
1986 3518 2193 3583 dicam

160 3610 456 3697 assequi,
527 3610 666 3696 sed,
727 3613 971 3695 quanta
1028 3609 1251 3693 fuerit,
1313 3606 1677 3693 perspicere
1736 3606 2019 3692 possint,
2084 3606 2195 3691 qui
