2534 3875
728 207 884 262 CAP.
922 213 1131 262 29-31
1172 213 1202 273 ς
1241 215 1469 264 ei-ee.
1984 211 2118 276 327

97 351 409 436 dignitate
456 354 651 436 atque
697 350 1042 417 honestate
1088 351 1487 437 praeditum3
1534 357 1818 440 putares,
1863 377 2010 420 cum
2046 356 2120 422 in

95 440 372 504 eiusdem
427 442 578 504 anni
635 439 931 504 custodia
983 443 1050 504 te
1107 443 1303 524 atque
1347 440 1421 506 L.
1464 440 1804 507 Murenam
1848 442 2118 510 fortuna

93 528 429 612 posuisset,
477 527 698 612 aliquo
745 531 812 592 te
859 549 1004 593 cum
1049 527 1176 594 hoc
1211 528 1307 593 rei
1343 529 1643 612 publicae
1678 530 1936 596 vinculo
1974 553 2115 597 esse

93 616 528 699 coniunctum3
575 615 747 700 quod
793 615 1104 680 atrociter
1147 617 1218 680 in
1263 620 1498 681 senatu
1545 617 1783 701 dixisti,
1830 623 1947 684 aut
1980 641 2115 686 non

94 703 360 769 dixisses
408 708 548 788 aut,
606 703 663 768 si
707 703 1065 789 posuisses,
1122 704 1453 770 mitiorem
1498 706 1569 770 in
1614 710 1871 789 partem
1917 707 2115 772 inter-

87 795 432 876 pretarere.
488 791 587 856 Ac
613 795 682 856 te
707 791 943 877 ipsum,
984 796 1302 876 quantum
1330 813 1451 878 ego
1480 793 1783 878 opinione
1813 816 2114 880 auguror,

87 902 257 945 nunc
292 884 359 944 et
399 880 600 945 animi
637 879 916 965 quodam
944 880 1195 965 impetu
1221 881 1619 948 concitatum
1652 887 1719 947 et
1742 884 1812 948 vi
1839 887 2113 949 naturae

89 972 283 1053 atque
331 968 577 1052 ingenii
622 969 867 1034 elatum
913 971 981 1034 et
1024 968 1394 1034 recentibus
1440 975 1938 1056 praeceptorum
1984 979 2117 1037 stu·

87 1057 212 1121 diis
274 1056 663 1143 flagrantem
726 1056 860 1122 iam
923 1078 1081 1122 usus
1135 1057 1382 1143 flectet,
1446 1057 1583 1123 dies
1642 1058 1867 1144 leniet,
1932 1063 2113 1126 aetas

85 1145 436 1231 mitigabit.
507 1144 770 1210 Etenim
814 1145 930 1210 isti
973 1145 1103 1228 ipsi
1146 1145 1310 1210 mihi
1354 1145 1656 1211 videntur
1691 1148 1898 1213 vestri
1932 1171 2113 1235 prae-

85 1237 380 1317 ceptores
445 1237 513 1299 et
572 1233 839 1299 virtutis
902 1233 1206 1317 magistri
1267 1233 1429 1298 fines
1496 1234 1859 1301 officiorum
1912 1239 2110 1322 paulo

85 1321 374 1408 longius,
429 1343 646 1405 quam.
675 1325 914 1386 natura
965 1322 1192 1406 vellet,
1247 1322 1626 1408 protulisse,
1680 1327 1781 1408 ut,
1837 1346 1985 1391 cum
2030 1325 2113 1390 ad

82 1411 387 1474 ultimum
434 1409 652 1474 animo
699 1410 1284 1494 contendissemuS,
1326 1410 1429 1492 ibi·
1468 1415 1718 1495 tamen,
1764 1413 1879 1477 ubi
1925 1434 2113 1497 opor-

81 1502 272 1582 teret,
318 1496 836 1563 consisteremus.
902 1496 1112 1562 ‘Nihil
1157 1499 1532 1584 ignoveris?
1595 1498 1807 1565 Immo
1845 1501 2111 1586 aliquid,

79 1607 216 1651 non
270 1585 507 1651 omnia.
598 1585 807 1651 ‘Nihil
863 1586 1116 1670 gratiae
1172 1587 1609 1651 concesseris?
1699 1586 1909 1653 Immo
1956 1590 2113 1655 resi-

81 1674 242 1739 stito
281 1675 553 1758 gratiae,
589 1695 736 1740 cum
774 1673 1059 1739 officium
1099 1677 1166 1738 et
1199 1674 1361 1740 fides
1397 1675 1783 1760 postulabit.
1838 1676 2112 1742 ‘Miseri-

79 1762 302 1827 cordia
382 1766 744 1828 commotus
815 1783 900 1827 ne
973 1760 1104 1827 sis?
1219 1761 1472 1847 Etiam,
1555 1763 1625 1828 in
1697 1764 2113 1830 dissolvenda

81 1851 462 1935 severitat03
509 1850 620 1914 sed
665 1855 889 1915 tamen
935 1854 1036 1914 est
1070 1851 1214 1915 laus
1252 1851 1475 1934 aliqua
1509 1851 1959 1918 humanitatis.
2010 1852 2111 1918 ‘In

80 1939 407 2005 sententia
451 1939 874 2023 permaneto?
945 1938 1140 2023 Ver0,
1183 1940 1314 2004 nisi
1358 1941 1751 2006 sententiam
1788 1943 2113 2007 sententia

81 2028 310 2112 aliqua
363 2028 592 2093 vicerit
646 2028 894 2093 melior.
985 2026 1273 2093 Huiusce
1318 2028 1494 2093 modi
1542 2028 1759 2115 Scipio
1804 2030 1920 2094 ille
1963 2030 2110 2115 fuit,

79 2137 274 2201 quem
328 2137 463 2182 non
515 2116 896 2201 paenitebat
950 2114 1162 2181 facere
1216 2117 1416 2198 idem,
1484 2117 1655 2201 quod
1710 2122 1813 2202 tu,
1866 2118 2110 2184 habere

77 2204 592 2269 eruditissimum
620 2204 951 2269 hominem
967 2202 1353 2269 Panaetium
1382 2205 1587 2290 domi3
1611 2207 1795 2271 cuius
1814 2206 2109 2273 oratione

75 2296 143 2355 et
198 2292 595 2378 praeceptis,
650 2313 1045 2377 quamquam
1102 2298 1293 2357 erant·
1346 2293 1569 2358 eadem
1616 2295 1773 2377 ista,
1830 2316 1995 2380 quae
2040 2299 2109 2360 te

75 2379 435 2464 delectant,
503 2384 729 2447 tamen
791 2381 1086 2465 asperior
1147 2402 1282 2445 non
1344 2384 1448 2445 est
1508 2380 1753 2466 factus,
1825 2382 1962 2466 sed,
2032 2386 2109 2448 ut

74 2469 301 2553 accepi
367 2491 408 2533 a
471 2469 761 2552 senibus,
824 2468 1215 2535 lenissimus.
1324 2467 1485 2544 Quis
1547 2491 1703 2534 vero
1767 2467 1840 2536 O.
1883 2470 2107 2536 Laelio

75 2557 345 2640 comior,
393 2556 537 2641 quis
579 2556 920 2623 iucundior
966 2557 1190 2622 eodem
1237 2578 1319 2621 ex
1364 2556 1580 2622 studio
1617 2558 1767 2641 isto,
1814 2559 1955 2643 quis
1992 2560 2107 2624 illo

75 2645 371 2730 gravior,
417 2644 818 2729 sapientior?
906 2642 1184 2710 Possum
1221 2644 1301 2709 de
1344 2644 1415 2710 L.
1460 2643 1673 2729 Philo,
1719 2645 1798 2710 de
1844 2644 1915 2713 G.
1942 2646 2107 2713 Galo

75 2733 290 2799 dicere
336 2733 497 2798 haec
543 2733 786 2817 eadem,
831 2732 947 2798 sed
988 2738 1056 2798 te
1092 2733 1355 2799 domum
1390 2734 1521 2797 iam
1560 2733 1871 2799 deducam
1907 2738 2107 2800 tuam.

75 2819 568 2905 Quemquamne
623 2821 959 2887 existimas
1005 2819 1283 2905 Catone,
1336 2843 1581 2907 proavo
1626 2825 1769 2904 tu0,
1824 2844 2108 2888 commo-

75 2909 347 2992 diorem,
392 2909 921 2995 communiorem,
955 2909 1455 2975 moderatiorem
1488 2909 1692 2976 fuisse
1729 2910 1813 2974 ad
1850 2932 2108 2975 omnem

75 2998 402 3061 rationem
464 2996 938 3064 humanitatis?
1029 2998 1128 3063 De
1191 2998 1374 3064 cuius
1437 2999 1803 3084 praestanti
1864 2999 2106 3064 virtute

75 3108 219 3153 >um
275 3106 429 3150 vere
483 3086 900 3171 graviterque
955 3085 1226 3170 diceres,
1280 3086 1707 3152 domesticum
1752 3090 1819 3151 te
1863 3085 2107 3150 habere

75 3172 302 3239 fixisti
367 3174 734 3257 exemplum
801 3173 882 3237 ad
944 3173 1350 3239 imitandum.
1438 3173 1563 3239 Est
1626 3172 1791 3238 illud
1846 3172 2106 3257 quidem

77 3260 444 3344 exemplum
497 3261 623 3326 tibi
677 3261 1085 3345 propositum
1143 3262 1351 3345 domi,
1406 3261 1519 3326 sed
1562 3264 1785 3325 tamen
1829 3266 2107 3326 naturae

77 3348 437 3415 3imilitudo
501 3349 682 3415 illius
738 3348 822 3414 ad
877 3353 943 3413 te
998 3350 1235 3435 magis,
1292 3349 1405 3433 qui
1460 3349 1543 3414 ab
1598 3348 1717 3413 illo
1775 3353 1959 3414 ortus
2015 3369 2105 3432 es,

77 3459 270 3521 luam
337 3436 423 3501 ad
485 3460 685 3503 unum
750 3458 1069 3522 quemque
1122 3440 1421 3502 nostrum
1475 3436 1814 3521 pervenire
1867 3436 2103 3522 potuit,

77 3524 148 3589 id
214 3523 616 3590 imitandum
677 3545 834 3590 vero
897 3528 1036 3589 tam
1091 3524 1254 3590 mihi
1307 3524 1719 3611 propositum
1774 3525 2107 3611 exemplar

2152 813 2223 864 65

2146 2044 2219 2096 6⁶
