2534 3875
244 617 309 667 13

271 1570 312 1634 6

248 2026 316 2076 14

255 3435 319 3483 15

347 191 482 257 394
912 187 1057 242 PRO
1097 188 1160 242 L.
1197 185 1477 243 FLACCO
1516 183 1805 242 ORATIO.

347 356 490 400 esse
527 333 802 417 infinita,
848 333 909 397 si
946 332 1108 397 mihi
1144 331 1351 396 libeat
1386 331 1591 396 totius
1631 331 1846 417 gentis
1882 330 1954 396 in
1987 329 2405 395 testimoniis
2524 332 2526 405 ζ

348 423 637 489 dicendis
678 421 1003 505 explicare
1040 420 1397 485 levitatem.
1452 418 1580 485 Sed
1605 420 1910 504 proprius
1938 418 2275 502 accedam3
2314 418 2406 483 de
2524 414 2526 465 ἓ

348 510 452 576 his
496 511 745 576 nostris
790 509 1072 575 testibus
1120 507 1349 573 dicam.

479 597 950 699 Vehemoentem
997 600 1443 663 accusatorem
1487 596 1666 661 nacti
1712 617 1964 679 sumus,
2010 594 2274 678 iudices,
2324 598 2404 659 et
2524 678 2526 687 Ι

343 687 686 751 inimicum
721 685 794 750 in
829 686 1008 751 omni
1043 705 1279 769 genere
1318 685 1615 750 odiosum
1652 706 1728 749 ac
1765 684 2141 784 molestum3
2191 703 2401 767 quem
2432 703 2463 745 ε
2523 694 2526 735 i

347 796 539 860 spero
605 775 710 839 his
774 775 994 839 nervis
1055 772 1198 837 fore
1263 777 1505 857 magno
1562 770 1709 837 usui
1762 776 1829 837 et
1886 770 2112 837 amicis
2167 775 2235 835 et
2290 771 2402 835 rei
2523 784 2526 863 ᾗ

346 864 680 949 publicae3
733 862 849 926 sed
905 865 1080 927 certe
1127 861 1569 925 inflammatus
1612 859 1981 925 incredibili
2026 858 2398 944 cupiditate
2523 900 2526 941 ,

347 950 519 1016 hanc
583 972 847 1016 causam
913 948 1525 1033 accusationemque
1586 950 1889 1033 suscepit.
1999 945 2125 1023 Qui
2187 946 2395 1013 comi-

348 1043 527 1104 tatus
599 1038 671 1103 in
732 1037 1146 1121 inquirendo!
1248 1036 1647 1103 Comitatum
1702 1037 1886 1138 ‚61003
1949 1036 2151 1101 immo
2226 1056 2393 1101 vero

350 1131 632 1211 quantus
679 1126 1024 1191 exercitus!
1083 1146 1245 1210 quae
1292 1126 1563 1208 iactura,
1611 1124 1721 1210 qui
1768 1128 2088 1209 sumptus,
2134 1129 2391 1210 quanta
2424 1148 2483 1187 ιο
2524 1172 2526 1177 -

348 1214 643 1300 largitio!
738 1211 916 1288 Quae
965 1236 1361 1299 quamquam
1408 1214 1597 1278 utilia
1644 1217 1798 1278 sunt
1842 1234 2102 1294 causae,
2153 1212 2393 1277 timide

347 1307 573 1367 tamen
635 1302 777 1367 d1co
787 1352 806 1386 ,
871 1301 1045 1386 quod
1107 1323 1361 1386 vereor,
1423 1324 1505 1367 ne
1559 1301 1822 1367 Laelius
1878 1324 1957 1366 ex
2010 1301 2113 1365 his
2168 1300 2391 1380 rebus,

349 1412 514 1474 quas
551 1390 680 1456 sibi
717 1390 1002 1475 suscepit
1038 1390 1291 1475 gloriae
1329 1412 1542 1474 causa,
1579 1393 1768 1474 putet
1805 1388 2051 1475 aliquid
2086 1389 2389 1455 oratione

351 1501 496 1544 mea
559 1478 878 1544 sermonis
941 1478 1013 1543 in
1075 1500 1218 1543 sese
1280 1482 1394 1543 aut
1451 1478 1737 1543 invidiae
1800 1499 1941 1542 esse
1997 1477 2388 1561 quaesitum.

352 1567 583 1652 Itaque
617 1566 788 1632 hanc
823 1570 1082 1652 partem
1119 1571 1334 1632 totam
1369 1567 1767 1650 relinquam3
1814 1569 2074 1630 tantum
2113 1588 2154 1630 a
2190 1565 2381 1631 vobis
2420 1589 2477 1630 ιε

351 1659 592 1740 petam,
637 1655 900 1738 iudices,
947 1658 1038 1738 ut,
1076 1654 1136 1719 si
1171 1654 1379 1740 quid
1360 1656 1491 1740 1psi
1527 1615 1801 1721 audistis
1839 1654 2169 1720 communi
2205 1652 2389 1719 fama

352 1747 551 1829 atque
598 1764 894 1808 sermone
942 1743 1020 1807 de
1068 1742 1132 1807 vi
1141 1793 1160 1827 ,
1216 1742 1295 1807 de
1340 1765 1564 1821 manu,
1622 1743 1699 1807 de
1745 1742 1974 1826 armis,
2032 1742 2109 1807 de
2158 1741 2386 1825 copiiS,

351 1832 806 1914 memineritis3
865 1853 1142 1916 quarum
1196 1852 1415 1895 rerum
1469 1831 1713 1896 invidia
1766 1831 1913 1917 lege
1968 1830 2091 1895 hac
2135 1830 2389 1895 recenti

353 1943 428 1986 ac
469 1943 644 1987 nova
689 1924 904 1986 certus
944 1922 1046 1985 est
1089 1920 1503 2005 inquisitioni
1540 1920 1851 1986 comitum
1886 1941 2194 1984 numerus
2232 1941 2383 1984 con-

355 2009 644 2074 stitutus.
708 2007 834 2073 Sed
877 2013 954 2073 ut
999 2009 1168 2074 hanc
1214 2009 1347 2073 vim
1394 2010 1717 2093 omittam,
1765 2013 2009 2093 quanta
2053 2008 2173 2073 illa
2212 2012 2387 2092 sunt,
2416 2035 2473 2074 ιο

352 2119 516 2183 quae
581 2097 890 2182 quoniam
955 2097 1359 2163 accusatorio
1420 2096 1561 2161 iure
1626 2102 1694 2162 et
1746 2118 1929 2162 more
1984 2100 2139 2161 sunt
2189 2095 2384 2175 facta,

350 2186 822 2272 reprehendere
884 2206 1018 2250 non
1082 2207 1459 2269 possumus,
1531 2185 1714 2268 queri
1776 2188 1999 2249 tamen
2061 2184 2385 2269 cogimur!

351 2274 636 2358 primum
684 2273 853 2359 quod
900 2273 1271 2338 distributis
1315 2273 1615 2358 partibus
1653 2295 1866 2338 sermo
1905 2277 2008 2338 est
2042 2276 2191 2339 tota
2224 2273 2393 2342 Asia.

353 2362 708 2446 dissipatus
757 2359 871 2426 On.
915 2361 1316 2446 Pompeium,
1364 2361 1536 2446 quod
1579 2360 1651 2426 L.
1696 2359 1930 2426 Flacco
1976 2364 2152 2426 esset
2193 2361 2385 2426 vehe-

355 2455 608 2515 menter
673 2450 1000 2533 inimicus,
1073 2449 1482 2515 contendisse
1548 2472 1587 2514 a
1651 2449 1731 2516 D.
1793 2448 2045 2532 Laelio,
2107 2453 2381 2532 paterno
2410 2466 2462 2508 85

354 2539 560 2602 amico
600 2560 675 2603 ac
711 2537 1212 2623 pernecessari0‚
1258 2545 1333 2602 ut
1368 2536 1540 2602 hunc
1576 2537 1699 2603 hoc
1735 2537 1971 2602 iudicio
2010 2541 2386 2622 arcesseret,

354 2647 739 2711 omnemque
777 2626 838 2690 ei
873 2648 1061 2691 suam
1093 2626 1571 2709 auctoritatem,
1610 2625 1913 2711 gratiam,
1948 2625 2191 2711 copias,
2229 2647 2383 2709 opes

355 2713 440 2779 ad
482 2714 608 2779 hoc
651 2713 991 2799 negotium
1038 2714 1505 2779 conficiendum
1551 2713 1876 2778 detulisse.
1955 2712 2036 2778 Id
2078 2713 2205 2779 hoc
2249 2715 2385 2778 veri

354 2801 636 2866 similius
675 2801 941 2866 Graecis
978 2802 1353 2867 hominibus
1390 2802 1750 2880 videbatur,
1788 2801 1959 2886 quod
1996 2801 2195 2886 paulo
2234 2806 2385 2867 ante

353 2890 424 2955 in
479 2891 706 2956 eadem
758 2891 1094 2975 provincia
1145 2889 1539 2955 familiarem
1584 2888 1880 2954 Laelium
1924 2887 2159 2955 Flacco
2215 2889 2384 2954 vide·
2408 2909 2460 2948 so

356 2982 524 3044 rant.
587 2977 861 3063 Pompei
898 2983 1118 3043 autem
1157 2977 1513 3044 auctoritas
1553 3000 1698 3043 cum
1736 2976 1911 3064 apud
1948 2999 2173 3044 omnes
2200 2981 2385 3043 tanta

355 3071 475 3152 est,
526 3071 767 3152 quanta
813 3088 952 3131 esse
1000 3067 1209 3150 debet,
1255 3070 1395 3130 tum
1443 3067 1702 3131 excellit
1744 3065 1816 3130 in
1858 3066 1993 3132 ista
2035 3066 2386 3150 provincia,

358 3178 556 3240 quam
609 3177 815 3240 nuper
873 3158 939 3218 et
993 3155 1396 3239 praedonum
1453 3158 1519 3218 et
1565 3175 1792 3238 regum
1839 3154 2017 3218 bello
2062 3154 2382 3219 liberavit.

355 3243 674 3308 Adiunxit
715 3243 866 3325 illa,
911 3246 986 3306 ut
1031 3265 1171 3326 eOS,
1218 3243 1331 3327 qui
1378 3243 1568 3308 domo
1616 3242 1788 3307 exire
1829 3242 2164 3325 nolebant,
2207 3244 2385 3308 testi-

358 3331 562 3397 monii
610 3331 1102 3396 denuntiatione
1149 3334 1443 3413 terreret,
1489 3330 1601 3415 qui
1647 3330 1823 3395 domi
1868 3334 2043 3396 stare
2077 3351 2211 3396 non
2245 3334 2383 3416 pot·
2408 3347 2459 3388 ⁸⁵

361 3423 567 3503 erant,
614 3419 804 3505 largo
851 3422 918 3483 et
963 3418 1225 3483 liberali
1272 3418 1509 3483 viatico
1557 3422 2014 3484 commoveret.
2087 3417 2194 3484 Sic
2237 3418 2383 3484 adu-

357 3507 608 3572 lescens
645 3506 894 3592 ingenii
931 3505 1163 3589 plenus
1201 3506 1560 3590 locupletes
1589 3510 1788 3591 meta,
1823 3511 2051 3573 tenues
2076 3507 2383 3592 praemio,
