2534 3875
349 190 481 255 362
634 143 636 146 Ι
909 192 1054 247 PRO
1094 191 1152 250 P.
1193 191 1429 247 SULLA
1467 191 1758 247 ORATIO.

345 335 626 400 maxime
671 336 976 401 iudicatis
1023 336 1217 400 rebus
1265 336 1665 418 continetur3
1710 357 1920 420 neque
1958 357 2081 421 ego
2120 339 2390 399 tantum

342 423 635 488 fraterno
692 425 902 489 amori
958 424 1240 487 dandum
1300 424 1611 508 arbitror,
1664 428 1739 487 ut
1796 424 2167 508 quisquam,
2230 424 2389 487 dum

343 512 544 576 saluti
617 534 882 578 suorum
957 512 1283 595 consulat,
1359 534 1769 577 communem
1832 512 2181 596 relinquat.
2292 513 2393 577 At

341 599 508 664 nihil
573 600 650 665 de
715 600 952 666 iudicio
1018 600 1298 684 ferebat,
1364 601 1475 665 sed
1539 622 1818 685 poenam
1882 600 2169 664 ambitus
2236 622 2388 665 eam

342 689 685 772 referebat,
731 710 897 773 quae
941 688 1157 753 fuerat
1199 710 1408 771 nuper
1454 688 1898 773 superioribus
1936 688 2193 774 legibus
2234 710 2387 753 con·
2418 705 2461 745 6

343 776 597 840 stituta.
689 776 921 861 Itaque
967 776 1090 840 hac
1136 777 1479 860 rogatione
1524 798 1660 841 non
1704 776 1987 841 iudicum
2035 777 2390 859 sententia,

343 864 455 928 sed
502 865 667 948 legis
715 865 950 929 vitium
998 864 1465 949 corrigebatur.
1556 864 1767 929 Nemo
1814 864 2119 929 iudicium
2164 887 2389 948 repre-

340 951 588 1034 hendit,
635 975 782 1017 cum
829 953 906 1017 de
952 974 1162 1037 poena
1211 954 1520 1036 queritur,
1566 954 1679 1017 sed
1726 954 1955 1037 legem.
2018 952 2388 1019 Damnatio

343 1044 444 1105 est
499 1040 673 1104 enim
736 1040 1044 1123 iudicum,
1107 1062 1274 1125 quae
1321 1042 1650 1125 manebat,
1705 1063 1917 1124 poena
1961 1041 2157 1127 leg1S,
2211 1064 2387 1125 quae

236 1144 306 1192 64
343 1128 701 1193 levabatur.
803 1126 963 1193 Noli
1017 1128 1223 1215 igitur
1280 1130 1533 1194 animos
1590 1151 1811 1194 eorum
1870 1130 2197 1213 ordinum,
2266 1130 2389 1213 qui
2422 1148 2493 1187 10

340 1220 653 1298 praesunt
707 1216 960 1283 iudiciis
1019 1240 1275 1281 summa
1332 1240 1477 1282 cum
1540 1218 1867 1303 gravitate
1925 1222 1992 1282 et
2036 1217 2389 1302 dignitate,

341 1304 624 1368 alienare
663 1327 702 1368 a
739 1327 949 1371 causa.
1014 1305 1226 1371 Nemo
1265 1304 1664 1370 labefactare
1700 1306 2007 1371 iudicium
2047 1310 2147 1371 est
2184 1328 2386 1371 cona-

338 1396 478 1474 tuS,
523 1392 691 1456 nihil
739 1396 838 1457 est
885 1394 1021 1457 eius
1067 1393 1245 1457 modi
1289 1394 1807 1477 promulgatum,
1854 1416 2107 1478 semper
2152 1392 2385 1459 Caeci-

339 1479 466 1544 lius
514 1480 581 1545 in
631 1481 1006 1547 calamitate
1052 1481 1281 1545 fratris
1332 1482 1432 1545 sui
1476 1482 1760 1547 iudicum
1796 1486 2194 1567 potestatem
2229 1504 2385 1567 per-

339 1569 762 1652 petuandam,
848 1570 1015 1655 legis
1091 1570 1519 1634 acerbitatem
1594 1570 2026 1655 mitigandam
2097 1572 2384 1655 putavit.
2416 1590 2481 1629 15

231 1657 318 1720 23
343 1654 466 1720 Sed
555 1658 709 1740 quid
783 1678 904 1741 ego
982 1658 1059 1722 de
1133 1657 1258 1723 hoc
1330 1659 1519 1742 plura
1592 1658 1963 1759 disputem?
2072 1657 2381 1723 Dicerem

335 1743 646 1829 fortasse,
695 1750 760 1809 et
803 1745 997 1811 facile
1046 1748 1111 1809 et
1156 1745 1441 1809 libenter
1486 1746 1778 1829 dicerem,
1824 1747 1883 1811 si
1926 1748 2125 1831 paulo
2171 1746 2382 1811 etiam

337 1832 619 1918 longius,
667 1855 862 1916 quam
907 1834 1056 1897 finis
1104 1834 1418 1898 cotidiani
1454 1835 1655 1899 officii
1690 1835 2002 1918 postulat,
2046 1833 2119 1899 L.
2148 1833 2381 1899 Caeci-

337 1920 498 1985 lium
547 1922 758 2006 pietas
798 1925 864 1986 et
899 1921 1228 1986 fraternus
1267 1945 1452 1987 amor
1487 1923 1906 2008 propulisset,
1950 1923 2381 2009 implorarem

339 2031 564 2075 sensus
612 2013 896 2095 vestros,
951 2011 1142 2074 unius
1202 2011 1511 2095 cuiusque
1565 2011 2044 2096 indulgentiam
2097 2011 2167 2075 in
2214 2034 2374 2077 suos
2410 2032 2471 2071 20

336 2101 634 2182 testarer,
680 2103 970 2183 peterem
1015 2098 1275 2163 veniam
1322 2104 1535 2163 errato
1583 2098 1653 2163 L.
1702 2097 1946 2165 Caecili
1992 2123 2071 2164 ex
2116 2100 2375 2164 intimis

335 2186 574 2250 vestris
630 2186 1145 2271 cogitationibus
1203 2191 1399 2270 atque
1446 2209 1523 2250 ex
1568 2186 1977 2253 humanitate
2024 2189 2376 2252 communi.

230 2290 297 2339 65
337 2273 469 2337 Lex
508 2275 646 2338 dies
681 2274 811 2339 fuit
846 2275 1190 2358 proposita
1227 2296 1487 2359 paucos,
1531 2274 1691 2339 ferri
1728 2281 1959 2361 coepta
1994 2298 2374 2361 numquam,

336 2361 635 2446 deposita
699 2366 800 2426 est
861 2363 932 2427 in
996 2365 1242 2428 senatu.
1332 2361 1643 2428 Kalendis
1708 2363 2030 2430 Ianuariis
2094 2384 2243 2429 cum
2300 2365 2370 2429 in

335 2447 735 2534 Capitolium
806 2473 928 2516 nos
1003 2455 1302 2515 senatum
1376 2472 1944 2533 convocassemus,
2023 2452 2190 2516 nihil
2266 2458 2371 2517 est
2402 2470 2456 2511 25

335 2541 552 2601 actum
597 2538 799 2621 priuS,
845 2543 912 2602 et
948 2539 1014 2602 id
1051 2539 1363 2603 mandatu
1401 2535 1621 2603 Sullae
1651 2540 1725 2614 Q.
1751 2539 2058 2606 Metellus
2097 2545 2369 2625 praetor

335 2647 403 2688 se
460 2626 641 2708 loqui
699 2627 888 2710 dixit,
950 2626 1200 2691 Sullam
1255 2627 1441 2690 illam
1488 2628 1898 2711 rogationem
1946 2628 2025 2692 de
2072 2650 2141 2692 se
2186 2629 2369 2694 nolle

333 2712 504 2776 ferri.
568 2713 672 2776 Ex
715 2714 831 2779 illo
878 2720 1174 2800 tempore
1219 2713 1291 2780 L.
1340 2712 1657 2780 Caecilius
1706 2717 1844 2802 egit
1881 2717 1959 2781 de
1995 2739 2066 2781 re
2102 2718 2369 2800 publica

333 2801 567 2884 multa3
627 2802 924 2887 agrariae
983 2803 1144 2888 legi,
1205 2825 1371 2885 quae
1428 2806 1573 2868 tota
1627 2827 1665 2870 a
1712 2827 1815 2869 me
1861 2805 2257 2889 reprehensa
2304 2813 2371 2870 et

335 2888 592 2953 abiecta
650 2894 775 2974 est,
837 2913 906 2954 se
958 2891 1456 2956 intercessorem
1500 2891 1641 2956 fore
1687 2895 2017 2977 professus
2065 2898 2196 2976 est,
2253 2893 2371 2958 im·
2400 2913 2457 2952 30
2531 2921 2532 2924 “

331 2977 558 3061 probis
596 2976 1057 3062 largitionibus
1101 2979 1366 3062 restitit,
1406 2983 1669 3045 senatus
1698 2980 2154 3046 auctorita-tem
2179 2943 2369 3046 hum·

334 3088 529 3148 quam
577 3066 946 3150 impedivit,
1002 3067 1100 3130 ita
1145 3087 1214 3132 se
1263 3067 1470 3152 gessit
1515 3068 1587 3133 in
1630 3069 1995 3171 tribunatu,
2050 3073 2125 3132 ut
2172 3091 2369 3135 onere

335 3152 632 3238 deposito
693 3155 1035 3220 domestici
1081 3153 1281 3219 officii
1324 3155 1491 3219 nihil
1538 3161 1769 3240 postea
1812 3157 1943 3222 nisi
1988 3157 2065 3222 de
2110 3157 2207 3222 rei
2252 3181 2369 3242 pu·

231 3257 299 3305 66
339 3241 550 3306 blicae
607 3242 964 3306 commodis
1022 3243 1347 3327 cogitarit.
1438 3242 1657 3329 Atque
1710 3246 1782 3310 in
1832 3245 1979 3329 ipsa
2022 3246 2369 3331 rogatione

330 3330 1334 3482 'gsstpiv‘assffiuffiuffiessffffiiffiss
1391 3331 2071 3519 ἶῖῗηῗῗωῗὲῗᾚ
2114 3333 2371 3523 ῗὲἰζῖῗ
2396 3353 2447 3394 ³⁵

333 3503 546 3566 omnis
605 3505 944 3569 seditionis
1001 3504 1200 3568 timor
1257 3508 1453 3589 atque
1510 3506 1729 3590 opinio
1786 3531 1866 3574 ex
1910 3507 2194 3574 Autroni
2250 3510 2369 3576 im-
