2534 3875
727 255 734 260 .
855 174 1010 233 CAP.
1045 184 1256 232 16-18
1296 184 1326 242 ς
1364 185 1593 233 46-52.
2102 180 2234 245 357

199 320 634 405 intellegebat
696 320 866 385 hanc
929 321 1119 387 nobis
1187 344 1225 385 a
1290 322 1651 387 maioribus
1718 344 1859 388 esse
1924 324 2237 389 traditam

202 408 646 494 disciplinam,
709 411 784 473 ut
841 409 1089 474 nullius
1146 409 1437 475 amicitia
1492 410 1575 475 ad
1627 410 1919 495 pericula
1972 414 2237 498 propul-

203 497 407 561 sanda
463 496 942 581 impediremur.
1033 496 1124 561 Et
1180 502 1323 562 erat
1376 498 1528 563 huic
1582 498 1821 564 iudicio
1868 500 2063 585 longe
2110 501 2237 565 dis-

203 584 436 649 similis
502 585 622 649 illa
679 585 1028 650 contentio.
1111 586 1275 649 Tum
1335 586 1595 652 adflicto
1650 586 1721 652 P.
1769 583 1955 652 Sulla
2013 610 2238 653 consu·

150 690 176 731 5
205 673 380 737 latus
429 673 618 737 vobis
665 673 1061 759 pariebatur,
1108 674 1301 739 sicuti
1344 679 1571 760 partus
1618 679 1747 757 est3
1792 675 2057 741 honoris
2098 680 2240 740 erat

205 767 563 845 certamen3
609 765 904 843 ereptum
950 766 1241 845 repetere
1288 784 1406 828 vos
1454 764 1914 847 clamitabatis,
1960 768 2036 830 ut
2080 764 2238 831 victi
2367 831 2372 835 .

201 850 272 914 in
317 872 550 934 campo
596 849 664 913 in
708 851 853 915 foro
901 852 1273 933 vinceretis3
1330 855 1475 917 tum
1521 852 1633 936 qui
1679 855 1907 917 contra
1952 874 2071 917 vos
2118 874 2238 936 pro

202 938 398 1003 huius
447 940 660 1002 salute
697 940 1098 1025 pugnabant,
1147 940 1527 1005 amicissimi
1563 940 1785 1023 vestri,
1830 936 2065 1025 quibus
2101 962 2237 1005 non

202 1025 688 1109 irascebamini,
771 1028 1184 1092 consulatum
1257 1029 1447 1093 vobis
1530 1028 1922 1111 eripiebant,
2002 1028 2238 1094 honori

121 1133 176 1171 ιο
204 1118 427 1179 vestro
475 1116 947 1200 repugnabant,
994 1118 1062 1179 et
1106 1121 1329 1180 tamen
1366 1115 1432 1179 id
1468 1116 1789 1181 inviolata
1822 1120 2043 1182 vestra
2081 1117 2236 1181 ami-

205 1203 388 1287 citia,
441 1202 702 1288 integro
760 1203 1002 1285 officio,
1056 1207 1275 1267 vetere
1332 1204 1627 1288 exemplo
1683 1208 1880 1288 atque
1926 1205 2236 1270 instituto

136 1308 146 1315 ·
205 1292 442 1377 optimi
509 1291 814 1375 cuiusque
875 1291 1218 1357 faciebant.
1324 1292 1470 1377 Ego
1537 1314 1685 1357 vero
1752 1294 1990 1377 quibus
2050 1315 2235 1359 orna·
2261 1273 2341 1382 {3

204 1380 444 1444 mentis
485 1380 788 1444 adversor
823 1380 957 1445 tuis
995 1384 1110 1444 aut
1147 1380 1251 1444 cui
1280 1380 1587 1464 dignitati
1613 1384 1869 1446 vestrae
1897 1384 2236 1467 repugno?
2273 1356 2343 1404 “⁰
2406 1456 2410 1459 ⁴

203 1467 375 1544 Quid
450 1471 576 1550 est,
649 1468 822 1552 quod
893 1468 1028 1532 iam
1103 1468 1184 1531 ab
1257 1468 1383 1533 hoc
1448 1470 1762 1553 expetas?
1860 1469 2091 1534 Honos
2156 1471 2238 1534 ad

119 1574 173 1613 1⁵
203 1560 491 1641 patrem,
543 1556 829 1642 insignia
882 1556 1152 1621 honoris
1207 1556 1290 1621 ad
1344 1561 1412 1620 te
1471 1556 1685 1621 delata
1733 1551 1902 1622 sunt.
1993 1556 2092 1621 Tu
2140 1580 2237 1622 or-

201 1648 401 1709 natus
461 1644 706 1708 exuviis
755 1644 947 1709 huius
995 1644 1174 1709 venis
1223 1645 1303 1709 ad
1351 1666 1497 1709 eum
1545 1645 1989 1729 lacerandum,
2045 1667 2236 1729 quem

204 1732 616 1817 interemisti,
663 1754 786 1818 ego
825 1732 1144 1797 iacentem
1183 1737 1249 1795 et
1287 1733 1641 1817 spoliatum
1682 1733 1953 1797 defendo
1994 1736 2061 1797 et
2094 1754 2237 1815 pro-

201 1826 376 1907 tego.
441 1821 658 1905 Atque
703 1821 811 1886 hic
847 1824 920 1885 tu
959 1824 1026 1885 et
1061 1821 1476 1904 reprehendis
1515 1843 1636 1903 me,
1683 1821 1837 1905 quia
1874 1821 2233 1903 defendam,

206 1913 272 1975 et
325 1910 655 1992 irasceris;
712 1930 870 1996 ego,
893 1913 1111 1974 autem
1165 1931 1297 1975 non
1352 1910 1544 1976 modo
1605 1909 1730 1975 tibi
1783 1931 1916 1976 non
1970 1909 2236 1992 irascor,

121 2016 175 2054 20
205 1999 319 2063 sed
382 2021 464 2064 ne
523 1997 924 2082 reprehendo
988 1998 1242 2082 quidem
1308 1999 1555 2063 factum
1610 2002 1815 2064 tuum.
1914 1997 2007 2062 Te
2062 1998 2235 2062 enim

206 2085 508 2152 existimo
574 2086 698 2151 tibi
769 2086 1107 2168 statuisse,
1175 2086 1331 2171 quid
1390 2086 1755 2152 faciendum
1815 2091 2075 2175 putares
2086 2136 2104 2169 ,
2168 2091 2235 2150 et

205 2176 367 2240 satis
414 2175 714 2240 idoneum
762 2174 960 2239 officii
1005 2176 1102 2238 tui
1147 2174 1425 2240 iudicem
1470 2195 1593 2240 esse
1637 2175 1947 2260 potuisse.

339 2263 432 2328 At
495 2265 756 2328 accusat
811 2261 875 2328 G.
933 2261 1196 2328 Corneli
1248 2263 1452 2345 filius,
1517 2267 1583 2327 et
1636 2263 1703 2326 id
1759 2284 1962 2347 aeque
2017 2263 2231 2328 valere
2268 2281 2336 2331 51

205 2353 424 2433 debet,
491 2374 565 2416 ac
631 2352 688 2415 si
751 2354 940 2436 pater
1001 2351 1337 2416 indicaret.
1438 2349 1492 2416 Ο
1548 2355 1803 2436 patrem
1860 2350 2230 2416 Cornelium

121 2454 175 2496 25
205 2440 596 2525 sapientem,
661 2439 814 2524 qui,
865 2439 1036 2523 quod
1101 2438 1375 2522 praemii
1430 2439 1601 2504 solet
1655 2461 1795 2504 esse
1850 2439 1919 2502 in
1975 2439 2234 2523 indicio,

203 2528 570 2613 reliquerit,
635 2528 806 2612 quod
869 2527 1291 2612 turpitudinis
1356 2526 1425 2590 in
1490 2527 1924 2611 confessione,
1987 2527 2054 2591 id
2119 2550 2235 2611 per

205 2617 684 2684 accusationem
745 2616 866 2680 filii
903 2615 1313 2700 ¹susceperit!
1406 2613 1531 2680 Sed
1586 2615 1741 2702 quid
1796 2620 1896 2680 est
1950 2615 2234 2700 tandem,

203 2705 378 2790 quod
421 2704 668 2769 indicat
711 2726 829 2790 per
872 2703 1074 2768 istum
1119 2725 1388 2787 puerum
1429 2701 1811 2769 Cornelius?
1896 2703 1964 2769 Si
2014 2708 2234 2770 vetera

203 2794 367 2858 mihi
419 2793 654 2877 ignota
712 2815 857 2858 cum
915 2791 1271 2856 Hortensio
1336 2793 1837 2876 communicata,
1895 2792 2234 2876 respondit

119 2899 175 2938 3⁰
201 2881 625 2964 Hortensius3
691 2882 820 2963 sin,
885 2882 960 2944 ut
1024 2882 1148 2958 aiS,
1210 2880 1400 2945 illum
1468 2886 1771 2947 conatum
1826 2881 2111 2946 Autroni
2168 2886 2234 2945 et

204 2970 556 3053 Catilinae,
613 2991 758 3034 cum
814 2968 883 3032 in
931 2989 1160 3052 campo
1207 2969 1658 3034 consularibus
1705 2969 2015 3052 comitiis,
2069 2989 2231 3052 quae

202 3080 242 3124 a
279 3080 384 3123 me
419 3057 650 3123 habita
685 3060 859 3140 sunt,
895 3056 1153 3122 caedem
1189 3056 1401 3121 facere
1440 3057 1800 3140 voluerunt,
1837 3054 2233 3121 Autronium

201 3151 342 3213 tum
408 3146 479 3209 in
545 3168 774 3228 campo
834 3144 1114 3210 vidimus
1127 3194 1144 3227 ,
1209 3145 1324 3208 sed
1383 3145 1539 3228 quid
1593 3145 1729 3209 dixi
1782 3143 2021 3208 vidisse
2065 3145 2231 3208 nos?

203 3257 325 3322 ego
381 3234 542 3316 vidi3
605 3255 720 3299 vos
758 3232 961 3298 enim
1022 3235 1194 3315 tum,
1258 3232 1529 3316 iudiceS,
1591 3232 1758 3297 nihil
1825 3230 2230 3296 laborabatis

120 3339 174 3380 ³5
200 3345 410 3408 neque
457 3321 986 3407 suspicabamini‚
1033 3341 1156 3405 ego
1203 3325 1416 3385 tectus
1464 3321 1788 3406 praesidio
1836 3319 2025 3384 firmo
2073 3321 2231 3384 ami·

202 3433 426 3477 corum
483 3408 806 3475 Catilinae
865 3414 1008 3474 tum
1065 3411 1131 3472 et
1185 3407 1471 3472 Autroni
1526 3407 1745 3490 copias
1802 3413 1869 3471 et
1923 3412 2231 3472 conatum

199 3501 501 3585 repressi.
565 3496 742 3562 Num
791 3497 936 3582 quis
985 3499 1086 3560 est
1130 3495 1349 3580 igitur,
1397 3496 1509 3579 qui
1554 3499 1697 3559 tum
1746 3495 1917 3560 dicat
1954 3494 2023 3559 in
2060 3516 2228 3560 cam·
2268 3513 2337 3560 52
