2534 3875
876 181 1029 237 CAP.
1068 188 1210 237 4--6
1248 188 1280 248 ς
1323 189 1548 237 12-18.
2073 184 2206 248 345

163 327 287 392 Ille
339 327 692 394 damnatus
747 327 845 392 ita
899 349 970 392 se
1024 327 1298 412 gerebat
1351 349 1484 392 non
1541 328 1754 393 solum
1800 327 2092 393 consiliis
2139 332 2206 392 et

170 416 597 500 sermonibus,
642 438 869 481 verum
916 415 1115 481 etiam
1160 419 1428 498 aspectu
1475 419 1674 500 atque
1720 417 1925 498 vulta,
1969 419 2045 480 ut
2086 416 2206 482 ini·

170 505 375 570 micus
430 525 574 569 esse
620 503 1043 589 amplissimis
1092 504 1455 586 ordinibuS,
1509 504 1786 568 infestus
1833 503 2025 569 bonis
2073 527 2206 569 om—

171 594 385 678 nibuS,
428 592 641 658 hostis
687 594 943 678 patriae
979 592 1339 676 videretur·
1383 592 1491 656 hic
1527 614 1598 656 se
1634 592 1730 656 ita
1767 577 2052 657 fractum
2088 592 2208 656 illa

118 703 149 743 5
174 681 563 750 calamitate
607 677 801 764 atque
858 680 1191 746 adflictum
1246 641 1535 766 pu’tavit,
1593 684 1669 745 ut
1720 679 1889 744 nihil
1948 679 2073 744 sibi
2129 701 2207 744 ex

170 770 453 854 pristina
512 769 835 855 dignitate
900 790 1237 854 superesse
1305 769 1764 853 arbitraretur,
1838 769 1970 833 nisi
2035 769 2209 852 quod

174 857 499 923 modestia
540 857 946 922 retinuisset.
1035 857 1179 922 Hac
1233 879 1388 922 vero
1444 857 1516 922 in
1559 857 2006 922 coniuratione
2053 857 2208 944 quid
2250 875 2314 924 16

172 951 313 1012 tam
348 945 766 1013 coniunctum
806 967 1002 1030 quam
1037 946 1153 1010 ille
1190 967 1338 1011 cum
1369 943 1674 1028 Catilina,
1710 967 1857 1011 cum
1885 939 2206 1010 Lentulo?

177 1055 343 1119 qua-e
396 1037 587 1098 tanta
646 1034 925 1099 societas
980 1034 1136 1098 ullis
1192 1034 1366 1098 inter
1411 1055 1482 1098 se
1527 1056 1746 1098 rerum
1793 1034 2210 1119 optimarum,

91 1145 151 1186 ιο
178 1126 427 1207 quanta
471 1123 531 1187 ei
576 1145 725 1188 cum
768 1122 905 1186 illis
953 1122 1233 1206 sceleris,
1280 1121 1592 1207 libidinis,
1639 1123 1991 1188 audaciae?
2039 1123 2211 1208 quod

175 1211 502 1299 flagitium
536 1209 855 1276 Lentulus
902 1233 1035 1276 non
1080 1233 1227 1276 cum
1275 1209 1602 1276 Autronio
1651 1211 1994 1296 concepit?
2041 1211 2212 1296 quod

176 1301 317 1364 sine
363 1298 590 1364 eodem
634 1300 753 1364 illo
793 1298 1081 1364 Catilina
1113 1298 1368 1365 facinus
1409 1297 1718 1365 admisit?
1766 1321 1912 1364 cum
1948 1300 2212 1365 interim

177 1387 363 1454 Sulla
407 1409 554 1453 cum
601 1388 846 1452 eisdem
888 1388 1026 1452 illis
1062 1409 1197 1452 non
1232 1387 1428 1451 modo
1465 1391 1727 1452 noctem
1764 1387 2211 1452 solitudinem

182 1498 306 1560 que
360 1497 494 1541 non
542 1480 909 1561 quaereret,
966 1475 1081 1541 sed
1124 1497 1207 1540 ne
1252 1474 1564 1540 mediocri
1609 1475 1868 1560 quidem
1915 1497 2212 1541 sermone

96 1589 153 1626 ιο
182 1569 251 1629 et
294 1585 650 1650 congressu
696 1565 1216 1651 coniungeretur.
1308 1562 1508 1628 Illum
1555 1563 1968 1647 AllobrogeS,
2015 1563 2215 1628 maxi·
2255 1585 2318 1634 17

179 1675 437 1718 marum
491 1675 710 1718 rerum
756 1652 1083 1718 verissimi
1140 1652 1417 1735 indices,
1471 1651 1659 1716 illum
1706 1651 2064 1716 multorum
2109 1652 2216 1716 lit-

179 1746 361 1806 terae
399 1763 473 1806 ac
508 1741 723 1807 nuntii
760 1745 1222 1827 coarguerunt3
1262 1739 1517 1806 Sullam
1552 1740 1804 1804 interea
1837 1761 2031 1805 nemo
2060 1740 2217 1804 insi-

180 1830 476 1914 mulavit,
510 1852 702 1895 nemo
738 1829 1120 1894 nominavit.
1184 1828 1526 1893 Postremo
1565 1828 1770 1892 eiecto
1809 1827 1948 1893 sive
1977 1828 2214 1892 emisso

178 1919 313 1985 iam
370 1941 448 1984 ex
502 1920 664 1985 urbe
710 1916 996 1984 Catilina
1040 1918 1155 1983 ille
1202 1940 1386 1983 arma
1430 1915 1639 1999 misit,
1685 1939 1957 2000 cornua,
2000 1917 2217 2001 tubas,

97 2028 155 2069 ao
179 2008 411 2090 fasces,
455 2007 647 2093 signa
694 2008 738 2090 [,
758 2008 1099 2093 legionesJ,
1146 2007 1257 2071 ille
1294 2006 1558 2072 relictus
1595 2006 1794 2089 intuS,
1840 2010 2217 2089 expectatus

180 2096 363 2180 foris,
398 2096 662 2161 Lentuli
698 2118 911 2180 poena
948 2116 1358 2180 compressus
1397 2094 1720 2160 convertit
1757 2115 1826 2158 se
1866 2093 2215 2178 aliquando

185 2185 268 2249 ad
321 2185 655 2268 timorem,
707 2206 1065 2269 numquam
1121 2184 1203 2248 ad
1260 2183 1638 2267 sanitatem3
1694 2182 1802 2247 hic
1849 2186 2078 2247 contra
2122 2182 2219 2246 ita

184 2272 449 2358 quievit,
492 2276 568 2337 ut
608 2294 685 2337 eo
723 2276 1017 2355 tempore
1056 2270 1235 2337 omni
1271 2270 1553 2355 Neapoli
1586 2270 1804 2356 fuerit,
1851 2270 1964 2334 ubi
2008 2292 2216 2355 neque

182 2362 480 2427 homines
535 2360 735 2425 fuisse
789 2364 1105 2444 putantur
1156 2360 1350 2424 huius
1408 2359 1652 2425 adfines
1709 2358 2099 2443 suspicionis
2152 2363 2219 2423 et

100 2469 157 2511 25
182 2450 368 2515 locus
407 2453 509 2515 est
544 2448 685 2534 ipse
719 2471 853 2514 non
878 2453 1019 2514 tam
1047 2448 1129 2512 ad
1155 2448 1656 2513 inflammandos
1685 2447 2218 2513 calamitosorum

187 2538 440 2603 animos
487 2559 681 2621 quam
729 2537 812 2603 ad
858 2536 1288 2603 consolandos
1334 2536 1878 2602 accommodatus,

320 2626 599 2711 Propter
648 2625 817 2691 hanc
876 2625 1080 2709 igitur
1133 2629 1392 2690 tantam
1450 2624 2046 2689 dissimilitudinem
2099 2602 2328 2745 ho-(g)

188 2716 438 2780 minum
504 2718 699 2798 atque
765 2736 1104 2779 causarum
1169 2713 1555 2779 dissimilem
1629 2735 1732 2778 me
1789 2714 1862 2777 in
1922 2717 2202 2798 utroque

186 2802 477 2887 praebui.
567 2801 893 2867 Veniebat
956 2802 1130 2867 enim
1194 2801 1277 2867 ad
1338 2824 1470 2885 me,
1530 2805 1598 2867 et
1661 2824 1852 2886 saepe
1917 2801 2220 2867 veniebat
2261 2818 2328 2867 18

100 2911 159 2951 so
187 2891 551 2956 Autronius
597 2892 825 2955 multis
874 2912 1019 2956 cum
1067 2889 1357 2955 lacrimis
1405 2891 1704 2975 supplex,
1766 2894 1843 2954 ut
1889 2912 1960 2954 se
2007 2889 2222 2954 defen·

189 2980 435 3062 derem,
490 2982 556 3043 et
612 3000 681 3044 se
737 3001 953 3045 meum
1000 2978 1514 3062 condiscipulum
1558 2978 1628 3043 in
1673 2978 1981 3063 pueritia,
2036 2976 2222 3042 fami-

186 3067 421 3132 liarem
466 3069 539 3132 in
584 3067 1039 3148 adulescentia,
1085 3066 1465 3153 collegam
1447 3088 1517 3131 ιιι
1555 3070 1906 3151 quaestura
1942 3086 2221 3130 comme-

188 3157 493 3221 morabat
552 3155 783 3239 fuisse3
846 3156 1058 3232 multa
1112 3177 1258 3219 mea
1317 3155 1388 3219 in
1441 3177 1538 3239 se,
1599 3175 1732 3218 non
1786 3153 1968 3217 nulla
2023 3154 2223 3217 etiam

190 3266 311 3309 sua
362 3244 433 3307 in
479 3266 583 3309 me
627 3245 1001 3330 proferebat
1047 3244 1281 3308 officia.
1373 3241 1640 3318 Quibus.
1671 3263 1792 3328 ego
1840 3240 2034 3305 rebus
2043 3290 2063 3325 ,
2124 3241 2222 3306 iu-

104 3350 161 3392 ss
191 3333 384 3416 diceS,
428 3332 525 3397 ita
570 3332 877 3398 flectebar
924 3331 1143 3397 animo
1192 3335 1390 3416 atque
1435 3331 1808 3416 frangebar,
1854 3332 1929 3393 ut
1973 3330 2106 3393 iam
2145 3352 2223 3394 ex

190 3421 533 3523 memoria,
581 3442 743 3505 quas
789 3421 951 3485 mihi
994 3420 1136 3505 ipse
1180 3419 1429 3485 fecerat
1473 3418 1770 3497 insidiaS,
1817 3416 2222 3518 deponerem,

188 3513 267 3573 ut
309 3510 445 3574 iam
488 3510 831 3574 inmissum
879 3528 1019 3573 esse
1066 3508 1149 3572 ab
1187 3529 1263 3571 eo
1313 3505 1382 3571 C.
1413 3504 1804 3585 Cornelium,
1853 3504 1964 3585 qui
2009 3526 2112 3569 me
2154 3505 2223 3570 in
