2534 3875
828 163 983 219 CAP.
1022 169 1161 220 2-—6
1200 169 1231 230 ς
1269 170 1464 222 3-13.
2081 165 2163 230 21

114 307 469 391 poscendis
514 308 797 373 testibus
845 329 1040 392 quam
1088 309 1289 372 ceteri
1346 308 1716 375 defensores
1770 309 1842 374 in
1885 311 2169 376 refutan-

115 395 238 460 dis.
318 395 674 461 Audaciter
706 396 834 462 hoc
871 396 1035 478 dico,
1072 395 1346 481 13111008,
1381 419 1517 462 non
1553 402 1798 463 temere
1836 399 2168 464 confirmn.

115 483 393 564 Referta
433 483 653 549 Gallia
696 485 1188 570 negotiatorum
1237 489 1359 568 est,
1404 486 1602 568 plena
1649 486 1887 551 civium
1931 486 2170 552 Roma-

114 593 375 638 norum.
457 571 669 638 Nemo
718 571 1058 639 Gallorum
1105 573 1245 638 sine
1293 572 1433 639 cive
1475 574 1771 639 Romano
1822 574 2170 658 quicquam

62 677 90 718 ⁵
116 660 377 747 negotii
435 663 633 747 gerit,
692 682 997 726 nummus
1052 661 1124 725 in
1184 661 1404 726 Gallia
1456 662 1678 728 nullus
1735 662 1874 727 sine
1931 663 2170 728 civium

116 749 573 815 Romanorum
640 750 891 814 tabulis
956 755 1424 815 commovetur.
1535 752 1626 832 [2]
1703 749 1966 834 Videte,
2041 773 2168 836 quo

117 836 538 920 descendam,
595 838 867 916 13111008,
914 859 1110 923 (133111
1166 837 1364 924 longe
1423 837 1648 903 videar
1695 839 1777 904 ab
1834 843 2172 905 consuetu-

118 925 272 990 dine
330 947 477 992 mea
532 930 601 991 et
657 927 958 992 cautione
1015 948 1090 990 ac
1148 925 1492 1012 diligentia
1549 927 1890 992 discedere.
1987 927 2171 994 Unae

116 1014 395 1080 tabulae
448 1012 897 1098 proferantur,
949 1014 1020 1079 in
1067 1014 1303 1098 quibus
1351 1015 1706 1100 vestigium
1753 1016 1840 1080 sit
1887 1015 2173 1100 aliquod,

38 1117 93 1158 ιθ
124 1103 299 1186 quod
345 1102 673 1188 significet
710 1102 1053 1188 pecuniam
1098 1103 1195 1168 M.
1232 1101 1508 1168 Fonteio
1558 1103 1799 1188 datam,
1844 1125 2047 1169 unum
2093 1127 2172 1168 ex

122 1195 315 1256 tanto
360 1192 879 1277 negotiatorum,
924 1192 1336 1274 colonorum,
1382 1191 1907 1276 publicanorum,
1955 1195 2170 1258 arato-

118 1302 294 1361 rum,
340 1281 794 1364 pecuariorum
840 1301 1111 1344 numero
1159 1284 1400 1344 testem
1437 1280 1824 1364 producant3
1871 1303 2023 1346 vere
2070 1303 2172 1346 ac-

117 1372 425 1433 cusatum
488 1390 631 1434 esse
695 1369 1061 1434 concedam.
1170 1367 1301 1433 Pro
1368 1368 1433 1432 di
1498 1367 1932 1434 immortales!
2006 1391 2172 1453 quae

114 1457 287 1521 haec
352 1460 455 1522 est
519 1479 742 1540 causa,
806 1479 975 1541 quae
1041 1455 1376 1522 defensio?
1469 1456 1852 1522 Provinciae
1919 1455 2172 1522 Galliae

38 1560 83 1601 ¹⁵
114 1545 210 1611 M.
265 1544 580 1610 Fonteius
634 1544 949 1630 praefuit,
1006 1567 1172 1629 quae
1235 1548 1498 1610 constat
1553 1566 1630 1609 ex
1684 1545 1766 1608 iis
1824 1546 2171 1630 generibus

113 1632 467 1698 hominum
514 1637 583 1698 et
620 1634 981 1717 civitatum,
1029 1633 1159 1718 qui,
1204 1636 1282 1698 ut
1326 1637 1553 1698 vetera
1599 1633 1879 1717 mittam,
1927 1634 2172 1717 partim

111 1725 357 1788 nostra
404 1723 721 1787 memoria
766 1723 944 1786 bella
990 1743 1139 1787 cum
1184 1722 1430 1806 populo
1469 1721 1766 1786 Romano
1816 1723 2052 1787 acerba
2097 1742 2172 1787 ac

116 1811 439 1874 diuturna
486 1815 847 1896 gesserunt,
892 1811 1137 1895 partim
1175 1811 1369 1875 modo
1419 1810 1501 1874 ab
1540 1810 1786 1874 nostris
1823 1810 2173 1894 imperato—

113 1899 309 1964 ribus
358 1899 631 1982 subacti,
676 1899 870 1964 modo
917 1899 1094 1964 bello
1144 1898 1405 1981 domiti,
1452 1897 1646 1963 modo
1694 1897 2050 1983 triumphis
2097 1921 2172 1964 30

38 2005 84 2045 2⁰
114 1989 571 2053 monumentis
616 1988 853 2071 notati,
900 1988 1093 2055 modo
1142 1988 1225 2053 ab
1276 1992 1508 2052 senatu
1547 1987 1725 2073 agris
1771 1988 2172 2072 urbibusque

116 2076 395 2141 multati
432 2080 605 2159 sunt,
650 2077 893 2159 partim
941 2077 1053 2162 qui
1095 2098 1241 2141 cum
1288 2076 1432 2161 ipso
1479 2074 1566 2140 M.
1604 2075 1877 2141 Fonteio
1924 2075 2167 2141 sermm

114 2186 199 2229 ac
248 2185 485 2228 manus
523 2166 941 2229 contulerunt
976 2165 1316 2247 multoque
1365 2164 1501 2229 eius
1551 2164 1785 2229 sudore
1835 2186 1910 2229 ac
1945 2164 2172 2228 labore

114 2252 249 2317 sub
300 2253 528 2337 populi
574 2253 853 2319 Romani
898 2254 1245 2336 imperium
1295 2250 1741 2335 dicionemque
1788 2252 2172 2318 ceciderunt.

116 2343 217 2423 [3]
280 2340 409 2405 Est
460 2341 530 2405 in
590 2342 814 2407 eadem
869 2342 1206 2425 provincia
1264 2339 1495 2405 Narbo
1557 2340 1868 2424 Martius,
1915 2339 2172 2405 colonia

38 2446 85 2487 25
116 2433 510 2495 nostrorum
558 2430 826 2512 civium,
880 2430 1147 2514 specula
1199 2429 1430 2515 populi
1475 2428 1759 2493 Romani
1807 2450 1880 2493 ac
1935 2450 2173 2514 propu-

118 2518 486 2603 gnaculum
516 2518 661 2583 istis
699 2516 861 2600 ipsis
896 2517 1276 2583 nationibus
1307 2519 1684 2602 oppositum
1714 2519 1782 2581 et
1817 2517 2172 2601 obiectum3

115 2610 231 2671 est
276 2606 440 2669 item
494 2606 651 2683 urbs
699 2606 1024 2691 Massilia,
1070 2606 1147 2669 de
1199 2628 1328 2689 qua
1375 2610 1526 2670 ante
1571 2606 1730 2687 dixi,
1785 2604 2173 2669 fortissimo-

113 2716 275 2759 rum
322 2680 977 2779 fidelissimorumque
1024 2696 1376 2795 sociorum,
1424 2695 1537 2778 qui
1585 2692 1989 2759 Gallicorum
2035 2693 2174 2759 bel-

117 2785 347 2848 lorum
384 2782 675 2866 pericula
702 2784 932 2867 populi
957 2782 1148 2849 Rom.
1186 2782 1391 2866 copiis
1434 2787 1629 2866 atque
1666 2782 1976 2867 praemiis
2005 2804 2173 2847 com-

38 2890 87 2931 10
114 2873 519 2955 pensarunt3
564 2875 667 2935 est
710 2875 1051 2955 praeterea
1094 2893 1402 2938 numerus
1451 2871 1690 2936 civium
1727 2870 2172 2936 Romanorum

2211 768 2276 818 12

2213 2356 2274 2405 1³

118 2963 329 3043 atque
388 2957 727 3023 hominum
785 2959 1416 3026 honestissimorum.
1511 2960 1610 3040 [2]
1684 2958 1856 3024 Huic
1911 2960 2170 3042 provin·
2210 2958 2251 3022 6

116 3049 282 3129 0130,
324 3068 489 3130 quae
528 3068 605 3111 ex
640 3048 765 3112 hac
802 3069 1111 3133 generum
1148 3048 1470 3114 varietate
1508 3050 1857 3131 constaret,
1894 3046 1981 3111 M.
2009 3046 2173 3112 Fon-

117 3136 321 3215 teiuS,
368 3138 444 3199 ut
492 3135 641 3219 dixi,
688 3136 999 3220 praefuit3
1049 3136 1160 3219 qui
1206 3139 1394 3201 erant
1434 3136 1656 3201 hostes
1667 3186 1688 3220 ,
1733 3097 2012 3221 subegit,
2060 3134 2172 3217 qui

117 3224 428 3310 proxime
473 3222 763 3307 fuerant,
815 3246 926 3289 008
976 3246 1054 3288 ex
1098 3225 1179 3288 iis
1227 3225 1436 3311 agris„
1493 3223 1728 3307 quibus
1775 3226 1964 3287 013111
2010 3222 2173 3285 mul-

38 3330 81 3373 5
116 3312 273 3395 tati,
324 3311 629 3377 decedere
668 3312 903 3398 coegit,
950 3312 1202 3392 0010118,
1248 3314 1358 3395 qui
1394 3311 1635 3377 idcirco
1685 3310 1940 3395 magnis
1979 3330 2172 3393 saepe

119 3404 319 3468 erant
355 3400 551 3465 bellis
591 3401 900 3485 superati,
945 3404 1021 3465 ut
1066 3422 1323 3484 semper
1359 3399 1604 3485 populo
1641 3397 1940 3463 Romano
1985 3418 2172 3482 pare-

116 3494 291 3574 rent,
341 3509 619 3575 magnos
660 3488 992 3574 equitatus
1040 3488 1122 3553 ad
1160 3510 1238 3555 ea
1283 3489 1477 3573 bella,
1525 3508 1690 3572 quae
1726 3490 1868 3550 tum
1913 3485 1981 3549 in
2027 3488 2170 3549 toto
