2534 3875
332 165 467 230 492
619 164 718 220 DE
754 162 967 219 DOMO
1008 162 1147 218 SUA
1185 162 1286 218 AD
1324 161 1749 217 PONTIFICES
1788 159 2078 217 ORATIO.

333 313 599 375 senatus
645 329 964 374 consensu
1007 308 1330 373 bonorum
1378 307 1666 373 omnium
1703 328 1824 391 pro
1861 307 2076 372 salute
2112 305 2371 391 patriae

333 402 711 484 gessissem,
768 395 1180 480 splendorem
1236 395 1452 460 verbis
1510 395 2023 481 dignitatemque
2069 396 2372 477 retinere,

333 485 717 571 praesertim
773 506 919 550 eum
973 483 1137 548 mihi
1193 485 1306 549 uni
1352 485 1424 548 in
1471 484 1591 549 hac
1637 505 1709 548 re
1752 483 2014 567 publiea
2061 483 2370 548 audiente

242 611 251 617 ν
334 575 576 659 populo
632 573 929 638 Romano
988 593 1186 656 opera
1232 594 1380 636 mea
1423 573 1592 636 hanc
1637 572 1863 636 urbem
1909 575 1976 636 et
2019 571 2191 638 hanc
2228 592 2370 635 rem

227 1032 296 1082 95

231 1876 343 2019 (³9⁶⁶)

332 662 660 746 publicam
718 682 859 726 esse
915 661 1168 725 salvam
1224 660 1438 725 iurato
1496 660 1704 726 dicere
1747 659 1850 724 fas
1895 659 2147 724 fuisset.
2239 656 2367 723 Ex·
2394 677 2421 720 5

332 750 612 816 tinctum
666 753 768 815 est
819 749 953 814 iam
1007 748 1170 812 illud
1231 748 1649 813 maledictum
1703 748 2135 832 crudelitatis,
2191 747 2368 832 quod

335 861 437 904 me
498 860 633 904 non
687 842 763 903 ut
817 836 1139 902 crudelem
1193 841 1574 920 tyrannum,
1639 836 1751 901 sed
1807 841 1883 902 ut
1941 835 2370 901 mitissimum

333 930 671 1011 parentem
726 925 1017 991 omnium
1073 925 1311 990 civium
1367 925 1602 990 studiis
1657 924 2123 1008 desideratum,
2189 945 2368 1008 repe·

334 1016 551 1098 titum,
600 1014 983 1080 arcessitum
1029 1013 1269 1078 vident.
1342 1012 1541 1077 Aliud
1577 1017 1874 1078 exortum
1911 1017 2036 1095 est3
2083 1012 2371 1078 obicitur

334 1102 496 1168 mihi
542 1124 723 1167 meus
768 1102 879 1167 ille
926 1101 1263 1166 discessus.
1338 1099 1461 1166 Cui
1506 1122 1629 1187 ego
1676 1101 1930 1166 crimini
1973 1101 2369 1186 respondere
2399 1121 2446 1162 ιο

336 1191 473 1256 sine
538 1212 683 1255 mea
748 1190 1033 1255 maxima
1096 1189 1286 1256 laude
1349 1211 1484 1255 non
1548 1211 1833 1275 possum.
1938 1187 2107 1264 Quid
2171 1189 2371 1266 enim,

335 1279 674 1365 pontifices
684 1329 703 1362 ,
782 1277 983 1344 debeo
1060 1278 1314 1344 dicere?
1385 1279 1720 1362 peccatine
1793 1278 2191 1343 conscientia
2261 1300 2370 1342 me

335 1366 749 1453 profugisse?
840 1366 934 1430 At
986 1365 1080 1450 id,
1135 1367 1307 1451 quod
1368 1366 1530 1430 mihi
1575 1366 1831 1431 crimini
1876 1365 2182 1450 dabatur,
2234 1387 2371 1432 non

337 1455 529 1520 modo
594 1459 932 1540 peccatum
997 1476 1131 1520 non
1195 1458 1363 1535 erat,
1430 1455 1544 1519 sed
1608 1459 1750 1519 erat
1803 1476 1909 1519 res
1961 1458 2116 1540 post
2171 1459 2368 1520 natos

336 1543 632 1609 homines
695 1543 1147 1629 pulcherrima.
1246 1541 1563 1607 Iudicium
1620 1543 1849 1626 populi
1901 1544 2368 1627 pertimuisse?
2399 1563 2449 1603 ιε

336 1633 422 1697 At
466 1632 531 1697 id
577 1653 695 1696 nec
741 1631 1154 1717 propositum
1200 1631 1410 1695 ullum
1444 1631 1592 1714 fuit,
1639 1635 1723 1716 et,
1769 1631 1826 1696 si
1861 1631 2112 1715 fuisset,
2157 1632 2368 1717 dupli-

336 1724 484 1786 cata
540 1720 753 1806 gloria
808 1719 1264 1785 discessissem.
1361 1717 1697 1785 Bonorum
1753 1719 1913 1783 mihi
1966 1720 2368 1804 praesidium

337 1808 663 1874 defuisse?
742 1808 1010 1872 Falsum
1058 1811 1174 1872 est.
1258 1806 1366 1872 Me
1412 1812 1690 1873 mortem
1726 1808 2067 1873 timuisse?
2149 1807 2370 1893 Turpe

368 1901 485 1963 est.
574 1896 938 1963 Dicendum
984 1895 1186 1982 igitur
1231 1899 1334 1961 est
1377 1895 1470 1980 id,
1517 1897 1688 1981 quod
1733 1918 1867 1962 non
1911 1896 2190 1963 dicerem
2237 1898 2369 1963 nisi

364 1989 625 2052 coactus
692 1983 887 2070 (nihil
952 1987 1122 2051 enim
1188 2007 1497 2069 umquam
1561 1984 1638 2051 de
1694 2008 1796 2049 me
1852 1986 1986 2050 dixi
2041 1987 2367 2051 sublatius
2397 2007 2454 2047 20

340 2074 789 2140 adsciscendae
835 2073 1047 2138 laudis
1095 2095 1292 2139 causa
1334 2074 1556 2158 potius
1593 2096 1789 2159 quam
1826 2074 2115 2139 criminis
2152 2075 2370 2161 depel-

335 2160 568 2249 leudi),
632 2161 774 2227 dico
839 2162 1072 2248 igitur,
1135 2166 1202 2225 et
1265 2183 1460 2246 quam
1525 2184 1792 2245 possum
1847 2185 2154 2229 maxuma
2209 2185 2368 2229 voce

229 2268 299 2317 96
340 2251 510 2316 dico:
570 2249 733 2314 Cum
782 2250 1071 2316 omnium
1116 2250 1521 2334 perditorum
1568 2254 1635 2315 et
1679 2250 2170 2317 coniuratorum
2215 2252 2370 2318 inci-

338 2342 483 2404 tata
534 2339 634 2404 vis
691 2337 848 2403 duce
902 2338 1167 2403 tribuno
1222 2338 1332 2423 pL,
1377 2338 1749 2404 consulibus
1805 2340 2211 2424 auctoribus,
2263 2342 2368 2407 ad-

336 2428 514 2492 flicto
561 2430 819 2509 senatu,
870 2426 1237 2511 perterritis
1286 2427 1612 2510 equitibus
1661 2426 2000 2511 Romanis„
2049 2451 2366 2515 suspensa
2393 2446 2450 2489 25

338 2537 413 2579 ac
477 2515 757 2580 sollicita
820 2518 963 2579 tota
1027 2515 1296 2579 civitate
1357 2536 1491 2581 non
1552 2519 1690 2579 tam
1753 2516 1822 2579 in
1881 2538 1986 2581 me
2044 2518 2368 2603 impetum

336 2602 581 2667 faceret
626 2625 822 2687 quam
866 2625 984 2687 per
1030 2625 1133 2667 me
1178 2604 1250 2667 in
1297 2604 1507 2668 omnis
1553 2604 1786 2687 bonOS,
1842 2626 1947 2669 me
1991 2605 2265 2691 vidisse,
2311 2608 2370 2672 si

337 2691 655 2773 vicissem,
692 2691 904 2755 tenuis
952 2691 1048 2755 rei
1084 2691 1386 2774 publicae
1424 2691 1754 2776 reliquias,
1793 2693 1849 2757 si
1886 2694 2096 2759 victus
2136 2718 2370 2779 essem,

337 2779 553 2843 nullas
595 2778 869 2845 futuras,
942 2776 1128 2853 Quod
1167 2801 1314 2844 cum
1349 2780 1752 2861 indicassem,
1798 2780 2030 2846 deflevi
2067 2786 2368 2869 coniugis

339 2868 611 2933 miserae
640 2866 997 2950 discidium,
1025 2868 1382 2932 liberorum
1412 2870 1895 2934 carissimorum
1924 2870 2369 2956 solitudinem,
2395 2890 2448 2929 3⁰

335 2956 564 3021 fratris
648 2956 939 3020 absentis
1023 2956 1457 3021 amantissimi
1541 2961 1735 3042 atque
1817 2959 2051 3041 optimi
2123 2982 2372 3045 casum,

338 3045 589 3111 subitas
644 3044 1138 3109 fundatissimae
1192 3044 1484 3110 familiae
1538 3047 1786 3131 ruinas;
1841 3048 1954 3110 sed
2007 3046 2111 3113 his
2162 3051 2373 3115 omni-

337 3133 460 3197 bus
526 3133 721 3198 rebus
788 3133 993 3198 vitam
1059 3134 1405 3217 anteposui
1459 3156 1749 3201 meorum
1804 3135 2043 3201 civium
2098 3159 2372 3223 remque

337 3221 668 3305 publicam
704 3221 1037 3287 concidere
1074 3222 1263 3286 unius
1304 3222 1589 3287 discessu
1627 3245 1821 3307 quam
1850 3224 2141 3289 omnium
2169 3226 2372 3291 inter-

336 3309 435 3372 itu
482 3309 768 3375 occidere
817 3310 1036 3374 malui.
1127 3307 1424 3393 Speravi,
1481 3311 1546 3375 id
1593 3312 1766 3396 quod
1813 3311 2072 3394 accidit,
2127 3334 2232 3379 me
2277 3316 2372 3379 ia·
2399 3331 2446 3375 ³5

339 3399 590 3461 centem
637 3418 829 3479 posse
874 3398 1040 3464 vivis
1086 3398 1245 3463 viris
1294 3398 1574 3463 fortibus
1612 3399 1906 3484 excitari3
1955 3402 2010 3465 si
2045 3424 2178 3467 una
2215 3425 2372 3468 cum

338 3483 528 3548 bonis
600 3484 999 3570 interissem,
1072 3486 1253 3550 nullo
1327 3486 1519 3551 modo
1591 3510 1782 3572 posse
1855 3510 1984 3555 rem
2044 3491 2373 3574 publicam
