2534 3875
909 139 1474 210 CAP.,512§1—
2169 144 2210 208 3

163 283 410 366 Itaque
459 283 676 350 animo
722 284 939 350 soluto
987 308 1027 350 a
1073 308 1227 351 cura
1275 290 1342 350 et
1379 309 1418 351 a
1455 277 1854 374 cogitatione
1889 310 2212 371 veneram,

168 372 353 455 quod
397 371 865 458 intellegebam
901 374 1095 438 facile
1130 373 1199 438 id
1236 396 1339 439 me
1376 377 1656 442 testibus
1694 375 1964 461 planum
1999 375 2212 441 facere

165 459 671 560 posse1Nunc
728 483 882 526 vero
941 466 1371 547 posteaquam
1430 485 1564 530 non
1622 464 1816 530 modo
1881 465 2212 530 confessus

168 551 277 612 est
323 547 429 613 vir
472 549 843 632 primarius,
889 549 959 614 L.
1008 550 1400 627 Quinctius·

171 671 457 752 [Desunt
506 691 717 736 versus
758 691 865 736 sex
910 677 1269 738 octonarum
1313 675 1616 740 denarum
1649 675 1782 757 fere
1819 675 2210 756 litterarum]

110 811 139 852 5
168 795 580 878 laborabam,
625 799 717 877 ut,
765 795 936 879 quod
984 796 1361 882 arguebam,
1405 797 1474 864 id
1519 797 1766 863 factum
1815 819 1955 864 esse
2003 801 2213 863 osten·

168 885 425 966 derem3
474 905 646 949 nunc
690 883 761 947 in
806 904 882 949 eo
932 885 1368 950 consumenda
1415 889 1516 951 est
1562 886 1804 970 eratin,
1858 890 1932 951 ut
1975 908 2056 950 ne
2104 885 2212 950 ad·

167 971 478 1056 versarii,
544 971 717 1057 quod
779 971 1051 1036 infitiari
1112 971 1298 1039 nullo
1363 974 1557 1040 modo
1617 977 2000 1060 potuerunt,
2065 996 2210 1040 eum

170 1061 459 1125 maxime
504 1064 835 1146 cuperent,
882 1060 950 1124 id
995 1081 1141 1125 cum
1188 1061 1470 1126 confessi
1517 1067 1697 1144 sunt,
1752 1063 2020 1127 meliore
2069 1063 2210 1128 loco

174 1171 317 1214 esse
375 1149 735 1214 videantur.
832 1147 1065 1232 Itaque
1120 1153 1261 1213 tum
1317 1155 1612 1215 vestrum
1669 1115 1996 1216 difficilius
2053 1150 2212 1231 iudi-

86 1255 141 1295 10
172 1237 376 1318 0111111,
424 1259 571 1302 mea
614 1235 830 1301 facilis
878 1235 1166 1302 defensio
1213 1237 1354 1302 fore
1400 1239 1763 1304 videbatur.
1843 1237 1991 1326 Ego
2040 1239 2212 1306 enim

168 1325 399 1392 omnia
442 1325 513 1389 in
558 1326 885 1390 testibus,

669 1421 1153 1503 [Desiderantur
1195 1429 1422 1506 septem
1465 1426 1721 1506 versata]

163 1523 331 1607 quid
377 1525 480 1587 est
522 1519 779 1585 facilius
828 1541 1023 1602 quam
1070 1520 1147 1584 de
1186 1541 1282 1600 eo,
1330 1519 1442 1604 qui
1475 1521 1838 1622 confitetur,
1882 1490 2212 1587 iudicare?

159 1611 338 1676 Mihi
394 1612 612 1674 autem
668 1607 933 1672 difficile
995 1612 1095 1673 est
1160 1571 1324 1673 satis
1386 1609 1646 1692 copiose
1707 1609 1786 1673 de
1845 1630 1922 1675 eo
1983 1610 2214 1694 dicere,

165 1698 348 1788 quod
392 1719 511 1763 nec
557 1697 843 1762 atrocius
879 1696 1097 1761 verbis
1136 1687 1571 1761 demonstrari
1615 1699 1854 1782 potest,
1902 1719 2098 1798 quam
2143 1720 2212 1762 re

79 1802 134 1843 15
164 1789 316 1873 ipsa
357 1789 477 1870 est,
522 1807 729 1869 neque
768 1785 1058 1870 apertius
1097 1785 1392 1850 oratione
1432 1806 1577 1849 mea
1611 1785 1772 1868 fieri,
1811 1808 2005 1869 quam
2042 1787 2213 1870 ipso-

163 1899 316 1941 rum
367 1873 773 1941 confessione
817 1874 1063 1939 factum
1112 1878 1229 1939 est.

306 1963 473 2030 Cum
533 1964 603 2029 in
658 1962 784 2027 hac
843 1984 939 2047 re,
1002 1985 1197 2047 quam
1257 1962 1790 2047 commemoravi,
1851 1962 2014 2028 mihi
2073 1986 2212 2029 mu·

160 2054 375 2119 tanda
420 2052 590 2117 ratio
640 2048 1033 2115 defensionis
1081 2100 1099 2117 .
1144 2101 1161 2118 .
1206 2100 1223 2117 .

669 2138 1155 2219 [Desiderantur
1197 2144 1422 2221 septem
1465 2142 1719 2221 versus]

160 2230 390 2296 minus
412 2229 763 2313 diligenter
780 2227 960 2292 illius
980 2227 1530 2293 existimationem
1556 2250 1749 2311 (1113111
1771 2248 1908 2292 rem
1928 2226 2015 2291 M.
2034 2226 2212 2291 Tulli

74 2336 132 2375 20
160 2320 429 2385 viderer
485 2316 841 2381 defendere.
933 2313 998 2381 N
1001 2338 1122 2379 unc
1179 2316 1487 2399 quoniam
1535 2314 1874 2391 Quinctius
1931 2316 2013 2380 ad
2069 2338 2212 2380 cau·

162 2430 313 2473 sam
362 2407 689 2489 pertinere
735 2404 996 2488 putavit
1020 2418 1025 2423 “
1048 2425 1151 2469 res
1200 2406 1299 2467 ita
1344 2405 1622 2488 multaS,
1666 2403 1872 2469 falsas
1918 2424 2212 2488 praeser-

160 2497 293 2561 tim
342 2498 411 2559 et
456 2493 675 2577 inique
732 2492 1041 2557 confictas
1052 2542 1070 2575 ,
1124 2492 1418 2578 proferre
1475 2492 1552 2557 de
1606 2493 1746 2557 vita
1801 2496 1866 2556 et
1919 2493 2210 2557 moribus

162 2590 237 2650 et
275 2580 761 2648 existimatione
786 2580 873 2645 Μ.
902 2580 1097 2664 Tulli,
1134 2582 1360 2647 multis
1401 2581 1480 2644 de
1517 2581 1730 2646 causis
1768 2579 1932 2645 mihi
1966 2580 2208 2646 Fabius

162 2670 484 2738 debebit
466 2690 821 2755 1gnoscere,
858 2669 916 2733 si
952 2669 1169 2733 minus
1208 2670 1346 2734 eius
1382 2668 1596 2735 famae
1633 2690 1898 2753 parcere
1925 2669 2211 2753 videbor,

73 2778 132 2818 25
165 2782 373 2847 quam
419 2762 615 2823 antea
661 2757 971 2823 consului.
1063 2758 1175 2822 Pri
1222 2809 1236 2822 .
1285 2808 1300 2823 .
1349 2806 1363 2823 .

725 2843 1207 2929 [Desiderantur
1250 2866 1358 2911 sex
1401 2848 1656 2927 versus]

231 2988 248 3001 .
297 2958 411 3001 ore
456 2934 717 3019 putavit
764 2934 847 2999 ad
891 2934 1179 3000 officium
1220 2956 1406 2999 suum
1455 2935 1784 3019 pertinere
1836 2933 2209 2998 adversario

160 3025 356 3091 nulla
383 3024 455 3087 in
481 3044 551 3087 re
579 3046 866 3107 parcere,
912 3022 1068 3107 quid
1095 3046 1199 3104 me
1231 3026 1492 3107 oportet
1520 3022 1812 3086 Tullium
1840 3043 1961 3107 pro
1991 3021 2208 3086 Tullio

162 3116 413 3196 facere,
476 3110 743 3175 homine
804 3112 1148 3176 coniuncto
1209 3133 1463 3176 mecum
1525 3133 1656 3175 11011
1715 3110 1930 3175 minus
1993 3110 2210 3174 animo

165 3224 372 3287 quam
409 3200 717 3265 nomine?
782 3200 879 3264 Ac
918 3200 1081 3263 mihi
1117 3199 1332 3286 magis
1369 3198 1534 3263 illud
1573 3198 2004 3263 laborandum
2041 3198 2210 3262 vide-

72 3308 133 3348 30
160 3298 295 3374 tur,
342 3292 851 3390 recuperatoreS,
897 3292 989 3372 ut,
1038 3290 1211 3389 quod
1257 3291 1453 3353 antea
1496 3287 1665 3351 nihil
1711 3287 1781 3351 in
1817 3288 2020 3351 istum
2061 3286 2210 3369 dixi,

160 3380 447 3465 probare
478 3379 741 3459 possim,
776 3394 986 3460 quam
1031 3398 1109 3442 ne
1151 3376 1220 3440 in
1258 3398 1336 3441 eo
1374 3376 1832 3460 reprehendar,
1881 3373 2052 3459 quod
2090 3374 2212 3438 hoc

160 3474 468 3551 tempore
542 3464 923 3550 respondeo·
1030 3464 1278 3533 Verum
1344 3468 1412 3529 et
1474 3468 1616 3529 tum
1679 3464 1744 3529 id
1810 3463 1964 3547 feci,
2039 3462 2210 3546 quod
2248 3476 2280 3525 5

1821 3567 1892 3620 1*

2246 2735 2288 2859 'hm
