2534 3875
230 708 292 757 18

251 869 292 935 8

231 1764 294 1813 19

224 2685 294 2733 20

325 190 458 256 396
887 191 1031 247 PRO
1072 191 1133 245 L.
1175 189 1459 246 FLACCO
1498 188 1793 244 ORATIO.

328 336 444 401 sed
482 336 717 422 sagina
751 336 1039 418 tenebat,
1084 358 1156 401 se
1195 335 1363 399 velle
1399 333 1583 418 dixit,
1618 334 1684 398 id
1721 337 1977 398 sutores
2014 336 2081 397 et
2118 330 2383 396 zonarii

328 425 839 490 conclamarunt.
929 423 1075 489 Hoc
1129 422 1581 488 testimonium
1636 426 1740 487 est
1794 420 2126 487 civitatis?
2216 418 2381 505 Ego

327 514 532 577 testes
593 535 632 577 a
677 510 896 577 Sicilia
939 512 1194 595 publice
1241 511 1501 592 deduxi3
1556 532 1781 575 verum
1829 512 2017 575 erant
2060 530 2137 573 ea
2181 509 2380 571 testi-

331 601 551 665 monia
613 622 746 666 non
810 601 1178 665 concitatae
1245 599 1691 681 contionis,s
1660 599 1773 663 sed
1827 597 2025 661 iurati
2080 599 2379 661 senatuS.

332 686 544 764 Quare
599 689 732 753 iam
785 710 922 753 non
977 691 1077 752 est
1137 687 1304 752 mihi
1356 686 1688 752 contentio
1735 708 1882 750 cum
1926 688 2121 769 teste,
2176 684 2381 748 vobis
2408 699 2438 740 ⁵

330 777 681 842 videndum
729 780 849 859 est,
897 776 1113 840 sintne
1158 776 1321 841 haec
1364 774 1745 839 testimonia
1788 772 2096 858 putanda.

465 864 865 930 Adulescens
931 864 1167 948 bonne,
1239 864 1519 930 honesto
1584 863 1729 928 loco
1792 865 2017 945 natus,
2079 861 2379 925 disertus

331 975 478 1019 cum
514 952 800 1018 maximo
831 952 1377 1036 ornatissimoque
1406 951 1719 1016 comitatu
1748 952 1928 1015 venit
1954 951 2024 1015 in
2050 949 2380 1034 oppidum

331 1041 758 1124 Graecorum,
819 1041 1118 1126 postulat
1181 1040 1579 1123 contionem,
1645 1040 2001 1123 locupletes
2064 1038 2377 1102 homines

331 1133 398 1193 et
436 1150 691 1214 graves,
726 1150 810 1192 ne
849 1129 977 1193 sibi
1004 1128 1447 1211 adversentur,
1482 1127 1848 1192 testimonii
1873 1126 2379 1191 denuntiatione
2410 1141 2465 1181 1⁰

330 1216 640 1299 deterret,
705 1222 969 1300 egentes
1034 1220 1101 1281 et
1165 1218 1341 1281 leves
1406 1238 1520 1299 spe
1583 1215 1932 1301 legationis
1998 1220 2066 1279 et
2123 1214 2377 1279 viatico

330 1305 612 1389 publicO,
657 1305 916 1387 privata
963 1306 1166 1370 etiam
1210 1304 1617 1390 benignitate
1662 1304 2005 1388 prolectat.
2082 1301 2379 1386 Opifices

333 1396 401 1456 et
455 1393 862 1458 tabernarios
920 1396 1116 1477 atque
1171 1393 1358 1457 illam
1413 1414 1672 1457 omnem
1725 1392 1972 1457 faecem
2024 1391 2378 1455 civitatum

336 1481 491 1564 quid
555 1485 657 1546 est
717 1482 967 1566 negotii
1034 1481 1385 1564 concitare,
1449 1481 1519 1544 in
1572 1502 1720 1544 eum
1772 1480 2188 1564 praesertim,
2252 1479 2379 1564 qui

331 1590 540 1653 nuper
598 1591 852 1634 summo
909 1591 1055 1634 cum
1109 1569 1387 1671 imperio
1440 1568 1669 1651 fuerit,
1726 1589 1979 1632 summo
2028 1570 2249 1632 autem
2299 1568 2377 1631 in
2406 1582 2457 1623 1⁵
2516 1568 2518 1575 '

333 1679 554 1722 amore
611 1678 752 1721 esse
810 1662 1078 1741 propter
1135 1659 1351 1742 ipsum
1404 1657 1663 1742 imperii
1706 1678 1946 1721 nomen
1997 1678 2134 1722 non
2177 1660 2377 1741 potu-

335 1745 506 1810 erit?
599 1744 968 1810 Mirandum
1026 1767 1175 1810 vero
1233 1750 1335 1809 est
1387 1744 1682 1809 homines
1730 1766 1870 1828 eOS,
1930 1744 2166 1830 quibus
2214 1744 2374 1809 odio

333 1837 489 1897 sunt
519 1837 786 1898 nostrae
824 1854 1098 1917 secures,
1134 1854 1377 1898 nomen
1406 1834 1768 1914 acerbitati,
1806 1833 2144 1916 scriptura,
2182 1833 2377 1897 decu-

333 1944 505 2006 mae,
568 1922 932 2007 portorium
997 1922 1225 2003 morti,
1289 1921 1571 1986 libenter
1634 1923 1920 2006 arripere
1982 1921 2375 1987 facultatem

332 2009 654 2094 laedendi,
701 2031 1143 2095 quaecumque
1191 2011 1403 2075 detur!
1494 2010 1890 2075 Mementote
1934 2010 2169 2095 igitur,
2216 2033 2374 2075 cum
2404 2028 2455 2068 2⁰

334 2098 612 2163 audietis
648 2099 1115 2183 psephismata,
1151 2119 1285 2163 non
1313 2097 1533 2162 audire
1560 2119 1679 2163 vos
1707 2098 2103 2180 testimonia,
2140 2099 2375 2164 audire

330 2188 774 2251 temeritatem
837 2187 1047 2270 vulgi,
1112 2187 1335 2251 audire
1390 2208 1616 2251 vocem
1668 2186 1987 2250 levissimi
2040 2187 2376 2272 cuiusque,

333 2275 556 2340 audire
587 2275 934 2358 strepitum
953 2275 1425 2359 imperitorum,
1455 2274 1677 2338 audire
1697 2275 2065 2339 contionem
2084 2275 2375 2340 concita-

333 2367 471 2428 tam
517 2362 889 2427 levissimae
925 2363 1230 2428 nationis
1296 2362 1527 2447 Itaque
1563 2362 2067 2448 perscrutamini
2101 2365 2371 2448 penitus

330 2455 636 2515 naturam
705 2452 1155 2536 rationemque
1221 2451 1592 2533 criminum3
1664 2451 1797 2515 iam
1862 2451 2029 2515 nihil
2100 2456 2371 2553 praeter
2400 2469 2448 2509 25

333 2539 642 2622 speciem,
696 2539 862 2602 nihil
915 2542 1178 2640 praeter
1232 2542 1550 2604 terrorem
1606 2561 1681 2602 ac
1738 2539 1948 2604 minas
2008 2540 2373 2623 reperietis,

467 2623 589 2665 *²¹⁸*
615 2624 695 2689 In
731 2629 980 2691 aerario
1017 2627 1184 2690 nihil
1222 2627 1469 2692 habent
1506 2626 1825 2712 civitateS,
1861 2626 2084 2692 nihil
2066 2649 2134 2691 1n
2170 2631 2373 2693 vecti·

331 2713 610 2798 galibus.
718 2713 902 2779 Duae
975 2715 1264 2779 rationes
1339 2714 1769 2780 conficiendae
1841 2715 2181 2798 pecuniae,
2255 2723 2375 2782 aut

331 2823 601 2866 versura
655 2807 770 2867 aut
821 2802 1095 2886 tributo3
1156 2823 1275 2867 nec
1331 2803 1596 2868 tabulae
1642 2802 1981 2868 creditoris
2025 2804 2373 2887 proferun-

332 2894 473 2973 tur,
532 2911 651 2954 nec
709 2890 942 2955 tributi
991 2890 1313 2956 confectio
1364 2892 1500 2955 ulla
1547 2891 1876 2956 recitatur.
1955 2889 2164 2966 Quam
2210 2916 2370 2961 vero
2399 2912 2449 2952 3⁰

332 2977 528 3042 facile
563 2977 771 3043 falsas
808 2979 1098 3044 rationes
1136 2978 1377 3043 inferre
1406 2979 1520 3043 et
1500 3000 1571 3043 1n
1597 2980 1879 3058 tabulas,
1917 2980 2371 3067 quodcumque

332 3067 744 3131 commodum
782 3070 903 3146 est,
946 3067 1188 3131 referre
1227 3068 1502 3145 soleant,
1548 3089 1627 3132 ex
1664 3065 1779 3133 Cn.
1815 3066 2087 3170 Pompei
2127 3069 2370 3136 litteris

334 3153 418 3219 ad
452 3154 832 3240 Hypsaeum
869 3158 935 3219 et
969 3154 1261 3239 Hypsaei
1299 3156 1382 3219 ad
1418 3155 1801 3240 Pompeium
1831 3156 2070 3239 missis,
2107 3179 2371 3242 quaeSO,

334 3242 725 3328 cognoscite.
816 3239 1180 3307 LITTERAE
1228 3241 1499 3309 ΡοΜΡΕι
1544 3261 1636 3307 ΕΤ
1686 3244 2015 3309 HYPSAm.
2107 3243 2370 3312 Satisne

333 3331 522 3396 vobis
569 3352 920 3417 coarguere
968 3331 1072 3395 his
1120 3331 1493 3396 auctoribus
1540 3331 1930 3397 dissolutam
1967 3331 2366 3400 Graecorum
2394 3351 2445 3392 ³⁵

335 3418 869 3484 consuetudinem
965 3419 1425 3503 licentiamque
1505 3419 1947 3503 impudentem
2029 3421 2367 3488 videmur?

333 3503 480 3570 Nisi
535 3505 736 3590 forte,
793 3506 904 3591 qui
961 3505 1076 3573 Cn.
1122 3507 1536 3591 Pompeium,
1596 3507 1705 3593 qui
1760 3512 2198 3594 praesentem,
2254 3513 2367 3596 qui
