2534 3875
208 1158 312 1283 {5⁵2

316 149 449 214 510
592 150 689 204 DE
725 148 932 204 DOMO
974 149 1113 204 SUA
1151 147 1251 201 AD
1288 145 1712 202 PONTIFICES
1752 146 2019 202 ORATIO

317 315 392 358 ac
436 293 799 379 praesidem
846 291 1346 357 sceleratissime
1389 292 1649 375 pulsum
1695 313 1842 356 cum
1885 291 2206 374 viderent,
2257 313 2341 354 ex

322 382 457 446 suis
502 382 766 466 templis
814 381 885 444 in
930 381 1068 445 eius
1107 381 1296 445 aedes
1332 380 1708 465 immigrare
1744 379 2075 464 nolebant,
2119 381 2344 464 itaque

316 472 507 535 istius
562 469 1048 534 vaecordissimi
1095 473 1381 533 mentem
1427 490 1582 533 cura
1627 471 1932 552 metuque
1977 468 2343 554 terrebant3

316 580 421 622 res
466 579 621 624 vero
671 558 937 643 publica
984 579 1377 642 quamquam
1423 562 1564 621 erat
1601 557 2032 622 exterminata
2068 578 2344 640 mecum,

318 651 538 711 tamen
585 647 1057 711 obversabatur
1103 650 1257 710 ante
1304 645 1528 710 oeulos
1576 645 1955 710 extinctoria
1993 645 2095 710 sui
2140 650 2208 708 et
2255 645 2342 709 ab
2393 661 2417 700 ⁵

316 735 507 800 istius
563 734 969 799 inflammato
1026 738 1220 818 atque
1275 733 1593 798 indomito
1638 733 1858 798 furore
1903 733 2036 798 iam
2081 737 2223 798 tum
2272 755 2344 798 se

316 844 545 908 meque
591 823 941 908 repetebat.
1016 820 1227 897 Quare
1276 822 1429 906 quid
1466 825 1566 887 est
1604 822 1858 906 mirum,
1904 823 1962 886 si
1998 822 2124 887 iste
2160 826 2346 886 metu

303 913 695 996 perterritus,
752 913 968 975 furore
1027 911 1378 976 instinctus
1386 961 1405 995 ,
1471 911 1707 975 scelere
1765 931 2073 995 praeceps
2131 931 2346 994 neque

315 1001 654 1064 institutas
710 999 1135 1063 caerimonias
1189 999 1491 1082 persequi
1542 1019 1752 1083 neque
1805 1000 2076 1065 verbum
2128 999 2343 1063 ullum

317 1089 630 1153 sollemne
675 1087 893 1170 potuit
938 1087 1162 1152 effari?
2369 1105 2418 1143 10

448 1175 625 1250 Quae
670 1197 817 1240 cum
852 1175 949 1239 ita
984 1175 1132 1256 sint,
1176 1175 1534 1260 pontificeS,
1580 1179 1879 1240 revocate
1913 1175 2047 1239 iam
2085 1176 2344 1240 animos

316 1267 566 1329 vestros
622 1263 706 1328 ab
760 1263 884 1328 hac
929 1263 1157 1348 suptili
1199 1268 1430 1328 nostra
1475 1263 1913 1348 disputatione
1957 1264 2038 1328 ad
2085 1262 2344 1328 univer-

316 1375 457 1416 sam
519 1373 655 1416 rem
710 1352 1068 1436 publicam,
1130 1374 1324 1435 quam
1387 1357 1578 1417 antea
1636 1373 1784 1416 cum
1840 1353 1998 1416 viris
2055 1351 2342 1416 fortibus

316 1440 572 1522 multis,
644 1439 715 1504 in
785 1439 910 1505 hac
982 1461 1132 1504 vero
1198 1461 1393 1504 causa
1457 1440 1614 1506 solis
1672 1439 1908 1504 vestris
1981 1440 2344 1505 cervicibus

315 1491 670 1594 sustine'tis.
732 1527 939 1593 Vobis
975 1528 1261 1592 universi
1299 1533 1560 1593 senatus
1601 1533 1915 1613 perpetua
1960 1531 2416 1613 auctorita3,1⁵

315 1619 418 1681 cui
464 1622 717 1683 vosmet
762 1617 892 1701 ipsi
934 1617 1496 1702 praestantissime
1543 1639 1798 1701 semper
1839 1617 1910 1681 in
1953 1639 2100 1681 mea
2139 1638 2345 1682 causa

317 1706 712 1791 praefuistiS,
753 1705 937 1770 vobis
973 1704 1211 1769 Italiae
1246 1705 1931 1790 magnificentissimus
1966 1706 2080 1769 ille
2115 1709 2342 1771 motus

316 1793 941 1878 municipiorumque
971 1815 1339 1874 concursuS‚
1375 1793 1562 1858 vobis
1591 1815 1856 1876 campus
1876 1793 2344 1859 centuriarum-

316 1905 439 1967 que
498 1904 627 1948 una
686 1902 811 1947 vox
870 1883 1185 1967 omnium,
1248 1903 1520 1966 quarum
1580 1903 1695 1947 vos
1754 1882 2078 1967 principes
2139 1886 2342 1968 atque

315 1976 609 2037 auctores
654 1970 903 2055 fuistis,
958 1971 1143 2035 vobis
1191 1992 1413 2035 omnes
1469 1973 1843 2057 societates,
1898 1993 2121 2036 omnes
2169 1972 2343 2037 ordi-
2368 1990 2416 2029 2⁰

313 2081 458 2144 neS,
519 2080 769 2143 omnes,
824 2059 934 2143 qui
989 2063 1103 2123 aut
1158 2081 1229 2123 re
1287 2064 1400 2123 aut
1456 2082 1570 2143 spe
1625 2060 1898 2144 denique
1943 2064 2099 2125 sunt
2143 2060 2341 2145 bona,

316 2170 505 2213 omne
560 2170 749 2213 suum
806 2168 962 2231 erga
1017 2169 1227 2212 meam
1285 2148 1674 2233 dignitatem
1733 2148 2019 2213 studium
2065 2153 2132 2213 et
2175 2150 2342 2213 iudi·

314 2237 485 2301 cium
548 2258 681 2301 non
736 2236 928 2300 modo
984 2236 1431 2320 commissum,
1485 2258 1707 2301 verum
1761 2237 1959 2302 etiam
2015 2258 2344 2302 commen-

210 2326 540 2391 143datum
580 2346 720 2389 esse
758 2323 1265 2389 arbitrabuntur.
1321 2324 1613 2409 Denique
1653 2326 1780 2410 ipsi
1815 2325 1880 2389 di
1913 2326 2340 2410 immortaleS,

211 3522 312 3568 144

316 2415 427 2497 qui
472 2413 640 2477 hanc
684 2414 909 2477 urbem
957 2417 1145 2497 atque
1183 2413 1310 2478 hoc
1344 2414 1686 2497 imperium
1721 2417 2005 2495 tuentur,
2050 2419 2125 2478 ut
2161 2418 2341 2479 esset
2363 2430 2409 2470 25

315 2501 614 2565 omnibus
653 2502 955 2585 gentibus
991 2502 1491 2586 posteritatique
1526 2502 1936 2586 perspicuum
1972 2502 2191 2568 divino
2231 2525 2339 2568 me

313 2588 576 2653 numine
617 2610 756 2653 esse
792 2589 888 2652 rei
923 2590 1221 2674 publicae
1256 2589 1601 2673 redditum,
1642 2590 1880 2655 idcirco
1917 2590 2080 2655 mihi
2115 2591 2338 2655 viden-

316 2683 425 2742 tur
476 2677 759 2740 fructum
813 2677 1027 2761 ipsum
1087 2678 1336 2743 reditus
1393 2683 1459 2742 et
1514 2678 1975 2764 gratulationis
2021 2701 2206 2744 meae
2252 2680 2338 2744 ad

315 2787 576 2830 suorum
624 2764 1036 2829 sacerdotum
1080 2770 1474 2851 potestatem
1510 2766 1942 2852 iudiciumque
1978 2789 2336 2833 revocasse.

313 2853 440 2919 Hic
498 2856 599 2918 est
658 2853 829 2917 enim
890 2854 1162 2938 reditus,
1227 2856 1591 2957 pontificeS,
1653 2855 1814 2921 haec
1872 2855 2206 2921 restitutio
2263 2856 2336 2921 in
2359 2872 2406 2912 ³0

316 2943 507 3007 domo
520 2992 536 3024 ,
588 2940 658 3006 in
707 2941 993 3025 sedibus,
1046 2941 1117 3005 in
1162 2944 1322 3025 ariS,
1374 2944 1443 3007 in
1489 2944 1677 3028 socia,
1730 2944 1799 3007 in
1845 2944 1944 3008 dis
1987 2944 2336 3029 penatibus

313 3030 764 3115 reciperandi&
828 3027 1116 3105 Quorum
1152 3031 1209 3095 si
1244 3031 1370 3096 iste
1406 3032 1540 3096 suis
1581 3032 2095 3097 sceleratissimis
2131 3033 2337 3098 mani-

314 3116 437 3182 bus
502 3122 679 3184 tecta
743 3118 1052 3202 sedesque
1116 3120 1424 3184 convellit
1495 3120 1888 3205 ducibusque
1960 3121 2334 3187 consulibus

314 3211 649 3306 tamquam
704 3206 861 3270 urbe
918 3212 1110 3291 capta
1162 3206 1330 3271 hane
1375 3231 1571 3273 unam
1620 3209 1882 3274 domum
1929 3210 2116 3311 quasi
2163 3232 2332 3275 acer-

315 3294 464 3357 rimi
510 3296 1017 3379 propugnatoris
1064 3294 1189 3359 sibi
1234 3296 1572 3361 delendam
1617 3298 1897 3383 putavit,
1941 3298 2074 3363 iam
2118 3298 2223 3363 illi
2269 3298 2399 3363 di³⁵

316 3385 582 3463 penates
639 3403 716 3446 ac
767 3381 1121 3447 familiares
1176 3384 1304 3447 mei
1358 3406 1474 3469 per
1526 3406 1641 3449 vos
1696 3386 1768 3451 in
1812 3407 2021 3449 meam
2071 3384 2332 3451 domum

316 3489 565 3531 mecum
612 3472 804 3533 erunt
845 3470 1147 3535 restituti.
1229 3469 1542 3544 Quocirca
1576 3476 1663 3558 te,
1708 3472 2096 3561 Capitoline,
2143 3496 2332 3560 quem
