<?xml version="1.0" encoding="UTF-8"?>
<!DOCTYPE html PUBLIC "-//W3C//DTD XHTML 1.0 Transitional//EN"
    "http://www.w3.org/TR/xhtml1/DTD/xhtml1-transitional.dtd">
<html xmlns="http://www.w3.org/1999/xhtml" xml:lang="en" lang="en">
 <head>
  <title>
</title>
<meta http-equiv="Content-Type" content="text/html;charset=utf-8" />
  <meta name='ocr-system' content='tesseract 3.04.00' />
  <meta name='ocr-capabilities' content='ocr_page ocr_carea ocr_par ocr_line ocrx_word'/>
</head>
<body>
  <div class='ocr_page' id='page_1' title='image "./scriptaquaemans03mlgoog_0674.png"; bbox 0 0 2534 3875; ppageno 0'>
   <div class='ocr_carea' id='block_1_1' title="bbox 216 1658 282 1706">
    <p class='ocr_par' dir='ltr' id='par_1_1' title="bbox 216 1658 282 1706">
     <span class='ocr_line' id='line_1_1' title="bbox 216 1658 282 1706; baseline -0.015 0"><span class='ocrx_word' id='word_1_1' title='bbox 216 1658 282 1706; x_wconf 77' lang='lat'>51</span> 
     </span>
    </p>
   </div>
   <div class='ocr_carea' id='block_1_2' title="bbox 218 2800 284 2848">
    <p class='ocr_par' dir='ltr' id='par_1_2' title="bbox 218 2800 284 2848">
     <span class='ocr_line' id='line_1_2' title="bbox 218 2800 284 2848; baseline 0.015 -1"><span class='ocrx_word' id='word_1_2' title='bbox 218 2800 284 2848; x_wconf 82' lang='lat'>52</span> 
     </span>
    </p>
   </div>
   <div class='ocr_carea' id='block_1_3' title="bbox 331 177 1987 242">
    <p class='ocr_par' dir='ltr' id='par_1_3' title="bbox 331 177 1987 242">
     <span class='ocr_line' id='line_1_3' title="bbox 331 177 1987 242; baseline -0.006 0"><span class='ocrx_word' id='word_1_3' title='bbox 331 177 461 242; x_wconf 82' lang='lat'>536</span> <span class='ocrx_word' id='word_1_4' title='bbox 658 177 753 232; x_wconf 88' lang='lat' dir='ltr'>DE</span> <span class='ocrx_word' id='word_1_5' title='bbox 790 177 1256 233; x_wconf 82' lang='lat' dir='ltr'><strong>HARUSPICUM</strong></span> <span class='ocrx_word' id='word_1_6' title='bbox 1293 177 1667 234; x_wconf 83' lang='lat' dir='ltr'>RESPONSO</span> <span class='ocrx_word' id='word_1_7' title='bbox 1709 177 1987 233; x_wconf 83' lang='lat' dir='ltr'><strong>ORATIO.</strong></span> 
     </span>
    </p>
   </div>
   <div class='ocr_carea' id='block_1_4' title="bbox 321 321 2411 3568">
    <p class='ocr_par' dir='ltr' id='par_1_4' title="bbox 321 321 2411 3568">
     <span class='ocr_line' id='line_1_4' title="bbox 330 321 2346 407; baseline 0.001 -22"><span class='ocrx_word' id='word_1_8' title='bbox 330 322 745 407; x_wconf 88' lang='lat' dir='ltr'>optimatium</span> <span class='ocrx_word' id='word_1_9' title='bbox 817 321 1149 388; x_wconf 81' lang='lat' dir='ltr'>discordiis</span> <span class='ocrx_word' id='word_1_10' title='bbox 1222 322 1515 406; x_wconf 88' lang='lat' dir='ltr'>excitari,</span> <span class='ocrx_word' id='word_1_11' title='bbox 1588 324 1766 388; x_wconf 90' lang='lat' dir='ltr'>cuius</span> <span class='ocrx_word' id='word_1_12' title='bbox 1838 322 2026 389; x_wconf 86' lang='lat' dir='ltr'>initia</span> <span class='ocrx_word' id='word_1_13' title='bbox 2097 323 2346 388; x_wconf 87' lang='lat' dir='ltr'>furoris</span> 
     </span>
     <span class='ocr_line' id='line_1_5' title="bbox 332 410 2344 494; baseline 0.001 -20"><span class='ocrx_word' id='word_1_14' title='bbox 332 410 836 475; x_wconf 81' lang='lat' dir='ltr'>dissensionibus</span> <span class='ocrx_word' id='word_1_15' title='bbox 882 432 1131 493; x_wconf 90' lang='lat' dir='ltr'>eorum,</span> <span class='ocrx_word' id='word_1_16' title='bbox 1189 411 1298 494; x_wconf 92' lang='lat' dir='ltr'>qui</span> <span class='ocrx_word' id='word_1_17' title='bbox 1346 414 1484 474; x_wconf 93' lang='lat' dir='ltr'>tum</span> <span class='ocrx_word' id='word_1_18' title='bbox 1531 432 1570 474; x_wconf 91' lang='lat' dir='ltr'>a</span> <span class='ocrx_word' id='word_1_19' title='bbox 1613 411 1799 475; x_wconf 88' lang='lat' dir='ltr'>vobis</span> <span class='ocrx_word' id='word_1_20' title='bbox 1847 411 2122 476; x_wconf 89' lang='lat' dir='ltr'>seiuncti</span> <span class='ocrx_word' id='word_1_21' title='bbox 2167 412 2344 476; x_wconf 89' lang='lat' dir='ltr'>vide-</span> 
     </span>
     <span class='ocr_line' id='line_1_6' title="bbox 330 497 2340 584; baseline 0.001 -22"><span class='ocrx_word' id='word_1_22' title='bbox 330 499 565 563; x_wconf 77' lang='lat' dir='ltr'><strong>bantur</strong></span> <span class='ocrx_word' id='word_1_23' title='bbox 581 549 598 581; x_wconf 92' lang='lat'>,</span> <span class='ocrx_word' id='word_1_24' title='bbox 653 501 1019 564; x_wconf 88' lang='lat' dir='ltr'>sustentata</span> <span class='ocrx_word' id='word_1_25' title='bbox 1072 501 1241 564; x_wconf 89' lang='lat' dir='ltr'>sunt.</span> <span class='ocrx_word' id='word_1_26' title='bbox 1331 497 1607 582; x_wconf 83' lang='lat' dir='ltr'>Reliqua</span> <span class='ocrx_word' id='word_1_27' title='bbox 1659 499 1789 563; x_wconf 90' lang='lat' dir='ltr'>iam</span> <span class='ocrx_word' id='word_1_28' title='bbox 1845 499 2340 584; x_wconf 87' lang='lat' dir='ltr'>praecipitantis</span> 
     </span>
     <span class='ocr_line' id='line_1_7' title="bbox 329 586 2341 669; baseline 0.001 -20"><span class='ocrx_word' id='word_1_29' title='bbox 329 587 701 650; x_wconf 76' lang='lat' dir='ltr'>tribunatus</span> <span class='ocrx_word' id='word_1_30' title='bbox 747 586 944 651; x_wconf 92' lang='lat' dir='ltr'>etiam</span> <span class='ocrx_word' id='word_1_31' title='bbox 978 589 1130 669; x_wconf 88' lang='lat' dir='ltr'>post</span> <span class='ocrx_word' id='word_1_32' title='bbox 1164 586 1567 651; x_wconf 89' lang='lat' dir='ltr'>tribunatum</span> <span class='ocrx_word' id='word_1_33' title='bbox 1606 587 2074 652; x_wconf 83' lang='lat' dir='ltr'>obtrectatores</span> <span class='ocrx_word' id='word_1_34' title='bbox 2114 608 2341 652; x_wconf 89' lang='lat' dir='ltr'>eorum</span> 
     </span>
     <span class='ocr_line' id='line_1_8' title="bbox 327 673 2391 760; baseline -0.002 -21"><span class='ocrx_word' id='word_1_35' title='bbox 327 677 523 758; x_wconf 87' lang='lat' dir='ltr'>atque</span> <span class='ocrx_word' id='word_1_36' title='bbox 569 674 920 739; x_wconf 84' lang='lat' dir='ltr'>adversarii</span> <span class='ocrx_word' id='word_1_37' title='bbox 965 673 1401 757; x_wconf 80' lang='lat' dir='ltr'>defenderunt,</span> <span class='ocrx_word' id='word_1_38' title='bbox 1445 696 1526 738; x_wconf 92' lang='lat' dir='ltr'>ne</span> <span class='ocrx_word' id='word_1_39' title='bbox 1573 697 1612 738; x_wconf 90' lang='lat' dir='ltr'>a</span> <span class='ocrx_word' id='word_1_40' title='bbox 1657 695 1726 739; x_wconf 91' lang='lat' dir='ltr'>re</span> <span class='ocrx_word' id='word_1_41' title='bbox 1771 674 2032 758; x_wconf 88' lang='lat' dir='ltr'>publica</span> <span class='ocrx_word' id='word_1_42' title='bbox 2076 675 2171 739; x_wconf 87' lang='lat' dir='ltr'>rei</span> <span class='ocrx_word' id='word_1_43' title='bbox 2216 697 2338 760; x_wconf 86' lang='lat' dir='ltr'>pu·</span> <span class='ocrx_word' id='word_1_44' title='bbox 2366 694 2391 734; x_wconf 88' lang='lat'>5</span> 
     </span>
     <span class='ocr_line' id='line_1_9' title="bbox 328 761 2339 847; baseline 0.001 -22"><span class='ocrx_word' id='word_1_45' title='bbox 328 762 534 827; x_wconf 87' lang='lat' dir='ltr'>blicae</span> <span class='ocrx_word' id='word_1_46' title='bbox 568 764 772 847; x_wconf 87' lang='lat' dir='ltr'>pestis</span> <span class='ocrx_word' id='word_1_47' title='bbox 809 766 1260 844; x_wconf 74' lang='lat' dir='ltr'>removeretur,</span> <span class='ocrx_word' id='word_1_48' title='bbox 1298 762 1699 844; x_wconf 87' lang='lat' dir='ltr'>restiterunt,</span> <span class='ocrx_word' id='word_1_49' title='bbox 1737 761 1935 827; x_wconf 90' lang='lat' dir='ltr'>etiam</span> <span class='ocrx_word' id='word_1_50' title='bbox 1961 784 2043 827; x_wconf 92' lang='lat' dir='ltr'>ne</span> <span class='ocrx_word' id='word_1_51' title='bbox 2071 785 2339 828; x_wconf 89' lang='lat' dir='ltr'>causam</span> 
     </span>
     <span class='ocr_line' id='line_1_10' title="bbox 329 849 2340 934; baseline 0 -21"><span class='ocrx_word' id='word_1_52' title='bbox 329 849 593 934; x_wconf 88' lang='lat' dir='ltr'>diceret,</span> <span class='ocrx_word' id='word_1_53' title='bbox 657 851 855 915; x_wconf 89' lang='lat' dir='ltr'>etiam</span> <span class='ocrx_word' id='word_1_54' title='bbox 916 871 997 915; x_wconf 90' lang='lat' dir='ltr'>ne</span> <span class='ocrx_word' id='word_1_55' title='bbox 1059 850 1351 933; x_wconf 88' lang='lat' dir='ltr'>privatus</span> <span class='ocrx_word' id='word_1_56' title='bbox 1415 853 1604 915; x_wconf 88' lang='lat' dir='ltr'>esset.</span> <span class='ocrx_word' id='word_1_57' title='bbox 1701 849 2003 914; x_wconf 84' lang='lat' dir='ltr'>Etiamne</span> <span class='ocrx_word' id='word_1_58' title='bbox 2067 852 2134 914; x_wconf 90' lang='lat' dir='ltr'>in</span> <span class='ocrx_word' id='word_1_59' title='bbox 2190 852 2340 915; x_wconf 89' lang='lat' dir='ltr'>sinu</span> 
     </span>
     <span class='ocr_line' id='line_1_11' title="bbox 329 937 2337 1023; baseline 0 -21"><span class='ocrx_word' id='word_1_60' title='bbox 329 941 523 1022; x_wconf 92' lang='lat' dir='ltr'>atque</span> <span class='ocrx_word' id='word_1_61' title='bbox 584 938 653 1001; x_wconf 93' lang='lat' dir='ltr'>in</span> <span class='ocrx_word' id='word_1_62' title='bbox 716 938 959 1002; x_wconf 88' lang='lat' dir='ltr'>deliciis</span> <span class='ocrx_word' id='word_1_63' title='bbox 1024 938 1284 1020; x_wconf 86' lang='lat' dir='ltr'>quidam</span> <span class='ocrx_word' id='word_1_64' title='bbox 1339 938 1571 1023; x_wconf 89' lang='lat' dir='ltr'>optimi</span> <span class='ocrx_word' id='word_1_65' title='bbox 1621 937 1749 1002; x_wconf 88' lang='lat' dir='ltr'>viri</span> <span class='ocrx_word' id='word_1_66' title='bbox 1801 940 2092 1022; x_wconf 75' lang='lat' dir='ltr'>viperam</span> <span class='ocrx_word' id='word_1_67' title='bbox 2147 939 2337 1002; x_wconf 86' lang='lat' dir='ltr'>illam</span> 
     </span>
     <span class='ocr_line' id='line_1_12' title="bbox 324 1025 2336 1110; baseline 0 -20"><span class='ocrx_word' id='word_1_68' title='bbox 324 1032 709 1090; x_wconf 80' lang='lat' dir='ltr'>venenatam</span> <span class='ocrx_word' id='word_1_69' title='bbox 754 1047 829 1090; x_wconf 84' lang='lat' dir='ltr'>ac</span> <span class='ocrx_word' id='word_1_70' title='bbox 873 1025 1249 1109; x_wconf 83' lang='lat' dir='ltr'>pestiferam</span> <span class='ocrx_word' id='word_1_71' title='bbox 1293 1026 1533 1090; x_wconf 87' lang='lat' dir='ltr'>habere</span> <span class='ocrx_word' id='word_1_72' title='bbox 1578 1027 1970 1109; x_wconf 77' lang='lat' dir='ltr'>potueruut?</span> <span class='ocrx_word' id='word_1_73' title='bbox 2019 1048 2145 1110; x_wconf 88' lang='lat' dir='ltr'>quo</span> <span class='ocrx_word' id='word_1_74' title='bbox 2191 1031 2336 1090; x_wconf 85' lang='lat' dir='ltr'>tan·</span> 
     </span>
     <span class='ocr_line' id='line_1_13' title="bbox 327 1112 2411 1198; baseline 0 -20"><span class='ocrx_word' id='word_1_75' title='bbox 327 1114 470 1178; x_wconf 92' lang='lat' dir='ltr'>dem</span> <span class='ocrx_word' id='word_1_76' title='bbox 518 1113 764 1196; x_wconf 86' lang='lat' dir='ltr'>decepti</span> <span class='ocrx_word' id='word_1_77' title='bbox 809 1113 1114 1177; x_wconf 74' lang='lat' dir='ltr'>munere?</span> <span class='ocrx_word' id='word_1_78' title='bbox 1206 1112 1441 1196; x_wconf 80' lang='lat' dir='ltr'>‘Volo’,</span> <span class='ocrx_word' id='word_1_79' title='bbox 1485 1114 1813 1198; x_wconf 84' lang='lat' dir='ltr'>inquiunt,</span> <span class='ocrx_word' id='word_1_80' title='bbox 1859 1113 2050 1196; x_wconf 78' lang='lat' dir='ltr'>‘esse,</span> <span class='ocrx_word' id='word_1_81' title='bbox 2105 1115 2218 1198; x_wconf 90' lang='lat' dir='ltr'>qui</span> <span class='ocrx_word' id='word_1_82' title='bbox 2263 1115 2336 1178; x_wconf 89' lang='lat' dir='ltr'>in</span> <span class='ocrx_word' id='word_1_83' title='bbox 2365 1133 2411 1172; x_wconf 78' lang='grc' dir='ltr'>ιο</span> 
     </span>
     <span class='ocr_line' id='line_1_14' title="bbox 326 1201 2336 1285; baseline -0.001 -18"><span class='ocrx_word' id='word_1_84' title='bbox 326 1203 627 1268; x_wconf 90' lang='lat' dir='ltr'>contione</span> <span class='ocrx_word' id='word_1_85' title='bbox 688 1201 987 1264; x_wconf 88' lang='lat' dir='ltr'>detrahat</span> <span class='ocrx_word' id='word_1_86' title='bbox 1042 1201 1118 1266; x_wconf 90' lang='lat' dir='ltr'>de</span> <span class='ocrx_word' id='word_1_87' title='bbox 1172 1201 1523 1285; x_wconf 68' lang='lat' dir='ltr'>Pompeio?</span> <span class='ocrx_word' id='word_1_88' title='bbox 1624 1202 1944 1266; x_wconf 86' lang='lat' dir='ltr'>Detrahat</span> <span class='ocrx_word' id='word_1_89' title='bbox 1999 1202 2111 1267; x_wconf 90' lang='lat' dir='ltr'>ille</span> <span class='ocrx_word' id='word_1_90' title='bbox 2166 1202 2336 1266; x_wconf 89' lang='lat' dir='ltr'>vitu-</span> 
     </span>
     <span class='ocr_line' id='line_1_15' title="bbox 323 1287 2334 1374; baseline 0 -21"><span class='ocrx_word' id='word_1_91' title='bbox 323 1288 651 1372; x_wconf 79' lang='lat' dir='ltr'>perando?</span> <span class='ocrx_word' id='word_1_92' title='bbox 742 1287 960 1353; x_wconf 92' lang='lat' dir='ltr'>Velim</span> <span class='ocrx_word' id='word_1_93' title='bbox 1016 1290 1110 1354; x_wconf 90' lang='lat' dir='ltr'>sic</span> <span class='ocrx_word' id='word_1_94' title='bbox 1162 1290 1286 1355; x_wconf 92' lang='lat' dir='ltr'>hoc</span> <span class='ocrx_word' id='word_1_95' title='bbox 1339 1291 1440 1354; x_wconf 91' lang='lat' dir='ltr'>vir</span> <span class='ocrx_word' id='word_1_96' title='bbox 1497 1312 1783 1354; x_wconf 88' lang='lat' dir='ltr'>summus</span> <span class='ocrx_word' id='word_1_97' title='bbox 1841 1294 2034 1374; x_wconf 89' lang='lat' dir='ltr'>atque</span> <span class='ocrx_word' id='word_1_98' title='bbox 2083 1291 2334 1374; x_wconf 90' lang='lat' dir='ltr'>optime</span> 
     </span>
     <span class='ocr_line' id='line_1_16' title="bbox 325 1377 2333 1462; baseline 0.001 -22"><span class='ocrx_word' id='word_1_99' title='bbox 325 1377 401 1441; x_wconf 91' lang='lat' dir='ltr'>de</span> <span class='ocrx_word' id='word_1_100' title='bbox 438 1399 584 1441; x_wconf 89' lang='lat' dir='ltr'>mea</span> <span class='ocrx_word' id='word_1_101' title='bbox 622 1377 832 1441; x_wconf 85' lang='lat' dir='ltr'>salute</span> <span class='ocrx_word' id='word_1_102' title='bbox 870 1378 1137 1442; x_wconf 86' lang='lat' dir='ltr'>meritus</span> <span class='ocrx_word' id='word_1_103' title='bbox 1176 1377 1467 1462; x_wconf 88' lang='lat' dir='ltr'>accipiat,</span> <span class='ocrx_word' id='word_1_104' title='bbox 1503 1382 1578 1442; x_wconf 94' lang='lat' dir='ltr'>ut</span> <span class='ocrx_word' id='word_1_105' title='bbox 1614 1401 1653 1442; x_wconf 91' lang='lat' dir='ltr'>a</span> <span class='ocrx_word' id='word_1_106' title='bbox 1689 1399 1791 1442; x_wconf 92' lang='lat' dir='ltr'>me</span> <span class='ocrx_word' id='word_1_107' title='bbox 1827 1377 2085 1461; x_wconf 67' lang='lat' dir='ltr'>dicitur,</span> <span class='ocrx_word' id='word_1_108' title='bbox 2123 1378 2333 1442; x_wconf 87' lang='lat' dir='ltr'>dicam</span> 
     </span>
     <span class='ocr_line' id='line_1_17' title="bbox 325 1464 2333 1549; baseline 0 -20"><span class='ocrx_word' id='word_1_109' title='bbox 325 1464 578 1549; x_wconf 90' lang='lat' dir='ltr'>quidem</span> <span class='ocrx_word' id='word_1_110' title='bbox 636 1469 834 1543; x_wconf 89' lang='lat' dir='ltr'>certe,</span> <span class='ocrx_word' id='word_1_111' title='bbox 889 1465 1059 1549; x_wconf 92' lang='lat' dir='ltr'>quod</span> <span class='ocrx_word' id='word_1_112' title='bbox 1114 1466 1340 1530; x_wconf 88' lang='lat' dir='ltr'>sentio.</span> <span class='ocrx_word' id='word_1_113' title='bbox 1430 1465 1597 1529; x_wconf 91' lang='lat' dir='ltr'>Mihi</span> <span class='ocrx_word' id='word_1_114' title='bbox 1651 1466 1898 1530; x_wconf 89' lang='lat' dir='ltr'>medius</span> <span class='ocrx_word' id='word_1_115' title='bbox 1953 1465 2142 1530; x_wconf 86' lang='lat' dir='ltr'>fidius</span> <span class='ocrx_word' id='word_1_116' title='bbox 2189 1469 2333 1530; x_wconf 92' lang='lat' dir='ltr'>tum</span> 
     </span>
     <span class='ocr_line' id='line_1_18' title="bbox 323 1553 2406 1639; baseline 0 -23"><span class='ocrx_word' id='word_1_117' title='bbox 323 1553 401 1617; x_wconf 90' lang='lat' dir='ltr'>de</span> <span class='ocrx_word' id='word_1_118' title='bbox 454 1553 630 1618; x_wconf 88' lang='lat' dir='ltr'>illius</span> <span class='ocrx_word' id='word_1_119' title='bbox 686 1553 1092 1636; x_wconf 87' lang='lat' dir='ltr'>amplissima</span> <span class='ocrx_word' id='word_1_120' title='bbox 1147 1553 1466 1639; x_wconf 84' lang='lat' dir='ltr'>dignitate</span> <span class='ocrx_word' id='word_1_121' title='bbox 1521 1553 1880 1635; x_wconf 88' lang='lat' dir='ltr'>detrahere,</span> <span class='ocrx_word' id='word_1_122' title='bbox 1941 1575 2086 1618; x_wconf 90' lang='lat' dir='ltr'>cum</span> <span class='ocrx_word' id='word_1_123' title='bbox 2141 1554 2332 1617; x_wconf 89' lang='lat' dir='ltr'>illum</span> <span class='ocrx_word' id='word_1_124' title='bbox 2360 1570 2406 1610; x_wconf 82' lang='lat'>15</span> 
     </span>
     <span class='ocr_line' id='line_1_19' title="bbox 325 1639 2332 1724; baseline 0 -19"><span class='ocrx_word' id='word_1_125' title='bbox 325 1641 621 1706; x_wconf 85' lang='lat' dir='ltr'>maximis</span> <span class='ocrx_word' id='word_1_126' title='bbox 660 1641 957 1706; x_wconf 86' lang='lat' dir='ltr'>laudibus</span> <span class='ocrx_word' id='word_1_127' title='bbox 996 1640 1335 1724; x_wconf 85' lang='lat' dir='ltr'>ecferebat,</span> <span class='ocrx_word' id='word_1_128' title='bbox 1379 1641 1731 1706; x_wconf 88' lang='lat' dir='ltr'>videbatur.</span> <span class='ocrx_word' id='word_1_129' title='bbox 1798 1639 2030 1706; x_wconf 86' lang='lat' dir='ltr'>Utrum</span> <span class='ocrx_word' id='word_1_130' title='bbox 2068 1642 2332 1706; x_wconf 90' lang='lat' dir='ltr'>tandem</span> 
     </span>
     <span class='ocr_line' id='line_1_20' title="bbox 324 1727 2333 1813; baseline -0.001 -19"><span class='ocrx_word' id='word_1_131' title='bbox 324 1727 392 1794; x_wconf 85' lang='lat' dir='ltr'>C.</span> <span class='ocrx_word' id='word_1_132' title='bbox 437 1728 681 1795; x_wconf 90' lang='lat' dir='ltr'>Marius</span> <span class='ocrx_word' id='word_1_133' title='bbox 729 1729 1139 1813; x_wconf 89' lang='lat' dir='ltr'>splendidior,</span> <span class='ocrx_word' id='word_1_134' title='bbox 1190 1750 1336 1793; x_wconf 88' lang='lat' dir='ltr'>cum</span> <span class='ocrx_word' id='word_1_135' title='bbox 1381 1751 1527 1793; x_wconf 88' lang='lat' dir='ltr'>eum</span> <span class='ocrx_word' id='word_1_136' title='bbox 1573 1728 1640 1793; x_wconf 84' lang='lat' dir='ltr'>O.</span> <span class='ocrx_word' id='word_1_137' title='bbox 1688 1729 1958 1794; x_wconf 83' lang='lat' dir='ltr'>Glaucia</span> <span class='ocrx_word' id='word_1_138' title='bbox 2002 1729 2333 1812; x_wconf 89' lang='lat' dir='ltr'>laudabat,</span> 
     </span>
     <span class='ocr_line' id='line_1_21' title="bbox 324 1816 2331 1902; baseline -0 -21"><span class='ocrx_word' id='word_1_139' title='bbox 324 1839 406 1881; x_wconf 91' lang='lat' dir='ltr'>an</span> <span class='ocrx_word' id='word_1_140' title='bbox 466 1839 611 1882; x_wconf 90' lang='lat' dir='ltr'>cum</span> <span class='ocrx_word' id='word_1_141' title='bbox 667 1817 936 1882; x_wconf 87' lang='lat' dir='ltr'>eundem</span> <span class='ocrx_word' id='word_1_142' title='bbox 989 1818 1195 1881; x_wconf 88' lang='lat' dir='ltr'>iratus</span> <span class='ocrx_word' id='word_1_143' title='bbox 1250 1822 1480 1900; x_wconf 88' lang='lat' dir='ltr'>postea</span> <span class='ocrx_word' id='word_1_144' title='bbox 1523 1817 1976 1902; x_wconf 75' lang='lat' dir='ltr'>vituperabat?</span> <span class='ocrx_word' id='word_1_145' title='bbox 2065 1816 2174 1881; x_wconf 88' lang='lat' dir='ltr'>An</span> <span class='ocrx_word' id='word_1_146' title='bbox 2219 1817 2331 1882; x_wconf 83' lang='lat' dir='ltr'>ille.</span> 
     </span>
     <span class='ocr_line' id='line_1_22' title="bbox 323 1904 2332 1991; baseline 0 -22"><span class='ocrx_word' id='word_1_147' title='bbox 323 1905 581 1970; x_wconf 90' lang='lat' dir='ltr'>demens</span> <span class='ocrx_word' id='word_1_148' title='bbox 636 1910 703 1971; x_wconf 91' lang='lat' dir='ltr'>et</span> <span class='ocrx_word' id='word_1_149' title='bbox 753 1905 887 1971; x_wconf 89' lang='lat' dir='ltr'>iam</span> <span class='ocrx_word' id='word_1_150' title='bbox 939 1904 1188 1990; x_wconf 87' lang='lat' dir='ltr'>pridem</span> <span class='ocrx_word' id='word_1_151' title='bbox 1246 1905 1327 1969; x_wconf 93' lang='lat' dir='ltr'>ad</span> <span class='ocrx_word' id='word_1_152' title='bbox 1381 1927 1656 1991; x_wconf 89' lang='lat' dir='ltr'>poenam</span> <span class='ocrx_word' id='word_1_153' title='bbox 1712 1905 2103 1990; x_wconf 85' lang='lat' dir='ltr'>exitiumque</span> <span class='ocrx_word' id='word_1_154' title='bbox 2149 1927 2332 1989; x_wconf 88' lang='lat' dir='ltr'>prae-</span> 
     </span>
     <span class='ocr_line' id='line_1_23' title="bbox 324 1992 2403 2078; baseline -0.001 -19"><span class='ocrx_word' id='word_1_155' title='bbox 324 2015 472 2078; x_wconf 90' lang='lat' dir='ltr'>ceps</span> <span class='ocrx_word' id='word_1_156' title='bbox 513 1992 762 2058; x_wconf 88' lang='lat' dir='ltr'>foedior</span> <span class='ocrx_word' id='word_1_157' title='bbox 800 1997 911 2058; x_wconf 91' lang='lat' dir='ltr'>aut</span> <span class='ocrx_word' id='word_1_158' title='bbox 947 1994 1346 2078; x_wconf 88' lang='lat' dir='ltr'>inquinatior</span> <span class='ocrx_word' id='word_1_159' title='bbox 1375 1996 1446 2057; x_wconf 91' lang='lat' dir='ltr'>in</span> <span class='ocrx_word' id='word_1_160' title='bbox 1483 1992 1594 2059; x_wconf 86' lang='lat' dir='ltr'>Cn.</span> <span class='ocrx_word' id='word_1_161' title='bbox 1622 1994 1930 2077; x_wconf 90' lang='lat' dir='ltr'>Pompeio</span> <span class='ocrx_word' id='word_1_162' title='bbox 1972 1994 2326 2058; x_wconf 90' lang='lat' dir='ltr'>accusando</span> <span class='ocrx_word' id='word_1_163' title='bbox 2356 2010 2403 2049; x_wconf 79' lang='lat'>20</span> 
     </span>
     <span class='ocr_line' id='line_1_24' title="bbox 322 2080 2328 2166; baseline -0.001 -20"><span class='ocrx_word' id='word_1_164' title='bbox 322 2104 515 2166; x_wconf 92' lang='lat' dir='ltr'>quam</span> <span class='ocrx_word' id='word_1_165' title='bbox 542 2082 610 2146; x_wconf 92' lang='lat' dir='ltr'>in</span> <span class='ocrx_word' id='word_1_166' title='bbox 636 2082 934 2147; x_wconf 90' lang='lat' dir='ltr'>universo</span> <span class='ocrx_word' id='word_1_167' title='bbox 964 2086 1188 2146; x_wconf 90' lang='lat' dir='ltr'>senatu</span> <span class='ocrx_word' id='word_1_168' title='bbox 1215 2082 1638 2166; x_wconf 85' lang='lat' dir='ltr'>vituperando</span> <span class='ocrx_word' id='word_1_169' title='bbox 1666 2081 1836 2146; x_wconf 75' lang='lat' dir='ltr'>fuit?</span> <span class='ocrx_word' id='word_1_170' title='bbox 1871 2081 2042 2165; x_wconf 92' lang='lat' dir='ltr'>quod</span> <span class='ocrx_word' id='word_1_171' title='bbox 2071 2080 2328 2165; x_wconf 90' lang='lat' dir='ltr'>quidem</span> 
     </span>
     <span class='ocr_line' id='line_1_25' title="bbox 323 2169 2327 2255; baseline -0.001 -20"><span class='ocrx_word' id='word_1_172' title='bbox 323 2171 541 2253; x_wconf 88' lang='lat' dir='ltr'>miror,</span> <span class='ocrx_word' id='word_1_173' title='bbox 578 2191 722 2235; x_wconf 92' lang='lat' dir='ltr'>cum</span> <span class='ocrx_word' id='word_1_174' title='bbox 759 2171 1035 2234; x_wconf 89' lang='lat' dir='ltr'>alterum</span> <span class='ocrx_word' id='word_1_175' title='bbox 1073 2173 1332 2255; x_wconf 85' lang='lat' dir='ltr'>gratum</span> <span class='ocrx_word' id='word_1_176' title='bbox 1361 2170 1448 2233; x_wconf 89' lang='lat' dir='ltr'>sit</span> <span class='ocrx_word' id='word_1_177' title='bbox 1473 2170 1678 2252; x_wconf 76' lang='lat' dir='ltr'>irati8‚</span> <span class='ocrx_word' id='word_1_178' title='bbox 1715 2169 1993 2234; x_wconf 90' lang='lat' dir='ltr'>alterum</span> <span class='ocrx_word' id='word_1_179' title='bbox 2023 2190 2162 2233; x_wconf 88' lang='lat' dir='ltr'>esse</span> <span class='ocrx_word' id='word_1_180' title='bbox 2189 2173 2327 2233; x_wconf 91' lang='lat' dir='ltr'>tam</span> 
     </span>
     <span class='ocr_line' id='line_1_26' title="bbox 323 2257 2326 2341; baseline 0 -20"><span class='ocrx_word' id='word_1_181' title='bbox 323 2258 509 2322; x_wconf 87' lang='lat' dir='ltr'>bonis</span> <span class='ocrx_word' id='word_1_182' title='bbox 556 2257 801 2322; x_wconf 90' lang='lat' dir='ltr'>civibus</span> <span class='ocrx_word' id='word_1_183' title='bbox 848 2280 978 2322; x_wconf 91' lang='lat' dir='ltr'>non</span> <span class='ocrx_word' id='word_1_184' title='bbox 1024 2259 1341 2322; x_wconf 89' lang='lat' dir='ltr'>acerbum.</span> <span class='ocrx_word' id='word_1_185' title='bbox 1417 2257 1542 2323; x_wconf 87' lang='lat' dir='ltr'>Sed</span> <span class='ocrx_word' id='word_1_186' title='bbox 1585 2279 1667 2321; x_wconf 90' lang='lat' dir='ltr'>ne</span> <span class='ocrx_word' id='word_1_187' title='bbox 1712 2258 1779 2321; x_wconf 90' lang='lat' dir='ltr'>id</span> <span class='ocrx_word' id='word_1_188' title='bbox 1823 2258 1996 2322; x_wconf 90' lang='lat' dir='ltr'>viros</span> <span class='ocrx_word' id='word_1_189' title='bbox 2043 2257 2326 2341; x_wconf 80' lang='lat' dir='ltr'>optimos</span> 
     </span>
     <span class='ocr_line' id='line_1_27' title="bbox 324 2344 2328 2430; baseline -0.001 -20"><span class='ocrx_word' id='word_1_190' title='bbox 324 2346 562 2410; x_wconf 91' lang='lat' dir='ltr'>diutius</span> <span class='ocrx_word' id='word_1_191' title='bbox 617 2346 916 2427; x_wconf 86' lang='lat' dir='ltr'>delectet,</span> <span class='ocrx_word' id='word_1_192' title='bbox 968 2347 1190 2430; x_wconf 83' lang='lat' dir='ltr'>legant</span> <span class='ocrx_word' id='word_1_193' title='bbox 1234 2346 1401 2410; x_wconf 86' lang='lat' dir='ltr'>hanc</span> <span class='ocrx_word' id='word_1_194' title='bbox 1447 2346 1582 2409; x_wconf 89' lang='lat' dir='ltr'>eius</span> <span class='ocrx_word' id='word_1_195' title='bbox 1629 2346 2022 2429; x_wconf 89' lang='lat' dir='ltr'>contionem,</span> <span class='ocrx_word' id='word_1_196' title='bbox 2077 2344 2154 2408; x_wconf 92' lang='lat' dir='ltr'>de</span> <span class='ocrx_word' id='word_1_197' title='bbox 2203 2366 2328 2428; x_wconf 91' lang='lat' dir='ltr'>qua</span> 
     </span>
     <span class='ocr_line' id='line_1_28' title="bbox 321 2432 2398 2518; baseline -0.001 -21"><span class='ocrx_word' id='word_1_198' title='bbox 321 2435 580 2518; x_wconf 72' lang='lat' dir='ltr'>loquor,</span> <span class='ocrx_word' id='word_1_199' title='bbox 623 2435 692 2498; x_wconf 91' lang='lat' dir='ltr'>in</span> <span class='ocrx_word' id='word_1_200' title='bbox 738 2455 865 2516; x_wconf 91' lang='lat' dir='ltr'>qua</span> <span class='ocrx_word' id='word_1_201' title='bbox 910 2433 1291 2518; x_wconf 89' lang='lat' dir='ltr'>Pompeium</span> <span class='ocrx_word' id='word_1_202' title='bbox 1338 2437 1526 2498; x_wconf 89' lang='lat' dir='ltr'>ornat</span> <span class='ocrx_word' id='word_1_203' title='bbox 1571 2454 1653 2498; x_wconf 89' lang='lat' dir='ltr'>an</span> <span class='ocrx_word' id='word_1_204' title='bbox 1695 2434 1912 2517; x_wconf 89' lang='lat' dir='ltr'>potius</span> <span class='ocrx_word' id='word_1_205' title='bbox 1960 2432 2323 2497; x_wconf 76' lang='lat' dir='ltr'>deformat?</span> <span class='ocrx_word' id='word_1_206' title='bbox 2351 2449 2398 2487; x_wconf 80' lang='lat'>25</span> 
     </span>
     <span class='ocr_line' id='line_1_29' title="bbox 324 2520 2323 2605; baseline -0.001 -20"><span class='ocrx_word' id='word_1_207' title='bbox 324 2520 511 2585; x_wconf 82' lang='lat' dir='ltr'>Certe</span> <span class='ocrx_word' id='word_1_208' title='bbox 577 2522 798 2586; x_wconf 91' lang='lat' dir='ltr'>laudat</span> <span class='ocrx_word' id='word_1_209' title='bbox 860 2525 925 2586; x_wconf 91' lang='lat' dir='ltr'>et</span> <span class='ocrx_word' id='word_1_210' title='bbox 987 2543 1185 2587; x_wconf 90' lang='lat' dir='ltr'>unum</span> <span class='ocrx_word' id='word_1_211' title='bbox 1250 2543 1390 2587; x_wconf 85' lang='lat' dir='ltr'>esse</span> <span class='ocrx_word' id='word_1_212' title='bbox 1442 2522 1510 2585; x_wconf 88' lang='lat' dir='ltr'>in</span> <span class='ocrx_word' id='word_1_213' title='bbox 1563 2522 1686 2585; x_wconf 90' lang='lat' dir='ltr'>hac</span> <span class='ocrx_word' id='word_1_214' title='bbox 1741 2521 2003 2585; x_wconf 88' lang='lat' dir='ltr'>civitate</span> <span class='ocrx_word' id='word_1_215' title='bbox 2059 2520 2323 2605; x_wconf 86' lang='lat' dir='ltr'>dignum</span> 
     </span>
     <span class='ocr_line' id='line_1_30' title="bbox 323 2607 2324 2694; baseline 0 -23"><span class='ocrx_word' id='word_1_216' title='bbox 323 2608 514 2672; x_wconf 89' lang='lat' dir='ltr'>huius</span> <span class='ocrx_word' id='word_1_217' title='bbox 578 2609 833 2692; x_wconf 89' lang='lat' dir='ltr'>imperii</span> <span class='ocrx_word' id='word_1_218' title='bbox 897 2610 1109 2694; x_wconf 87' lang='lat' dir='ltr'>gloria</span> <span class='ocrx_word' id='word_1_219' title='bbox 1170 2610 1325 2675; x_wconf 91' lang='lat' dir='ltr'>dicit</span> <span class='ocrx_word' id='word_1_220' title='bbox 1387 2613 1454 2673; x_wconf 89' lang='lat' dir='ltr'>et</span> <span class='ocrx_word' id='word_1_221' title='bbox 1518 2608 1842 2694; x_wconf 85' lang='lat' dir='ltr'>significat</span> <span class='ocrx_word' id='word_1_222' title='bbox 1905 2630 1972 2673; x_wconf 90' lang='lat' dir='ltr'>se</span> <span class='ocrx_word' id='word_1_223' title='bbox 2026 2607 2124 2671; x_wconf 93' lang='lat' dir='ltr'>illi</span> <span class='ocrx_word' id='word_1_224' title='bbox 2187 2629 2324 2672; x_wconf 90' lang='lat' dir='ltr'>esse</span> 
     </span>
     <span class='ocr_line' id='line_1_31' title="bbox 324 2695 2326 2781; baseline -0.001 -20"><span class='ocrx_word' id='word_1_225' title='bbox 324 2695 783 2761; x_wconf 89' lang='lat' dir='ltr'>amicissimum</span> <span class='ocrx_word' id='word_1_226' title='bbox 839 2700 904 2759; x_wconf 91' lang='lat' dir='ltr'>et</span> <span class='ocrx_word' id='word_1_227' title='bbox 959 2697 1544 2762; x_wconf 87' lang='lat' dir='ltr'>reconciliationem</span> <span class='ocrx_word' id='word_1_228' title='bbox 1589 2718 1728 2761; x_wconf 91' lang='lat' dir='ltr'>esse</span> <span class='ocrx_word' id='word_1_229' title='bbox 1773 2697 2021 2781; x_wconf 84' lang='lat' dir='ltr'>gratiae</span> <span class='ocrx_word' id='word_1_230' title='bbox 2066 2696 2326 2760; x_wconf 89' lang='lat' dir='ltr'>factam.</span> 
     </span>
     <span class='ocr_line' id='line_1_32' title="bbox 324 2784 2325 2869; baseline -0 -19"><span class='ocrx_word' id='word_1_231' title='bbox 324 2784 507 2860; x_wconf 83' lang='lat' dir='ltr'>Quod</span> <span class='ocrx_word' id='word_1_232' title='bbox 579 2803 699 2869; x_wconf 86' lang='lat' dir='ltr'>ego</span> <span class='ocrx_word' id='word_1_233' title='bbox 776 2806 1164 2868; x_wconf 90' lang='lat' dir='ltr'>quamquam</span> <span class='ocrx_word' id='word_1_234' title='bbox 1240 2786 1395 2869; x_wconf 90' lang='lat' dir='ltr'>quid</span> <span class='ocrx_word' id='word_1_235' title='bbox 1457 2785 1544 2849; x_wconf 89' lang='lat' dir='ltr'>sit</span> <span class='ocrx_word' id='word_1_236' title='bbox 1604 2784 1847 2867; x_wconf 88' lang='lat' dir='ltr'>nescio,</span> <span class='ocrx_word' id='word_1_237' title='bbox 1920 2789 2140 2848; x_wconf 88' lang='lat' dir='ltr'>tamen</span> <span class='ocrx_word' id='word_1_238' title='bbox 2203 2784 2325 2849; x_wconf 90' lang='lat' dir='ltr'>hoc</span> 
     </span>
     <span class='ocr_line' id='line_1_33' title="bbox 325 2872 2397 2955; baseline -0.001 -18"><span class='ocrx_word' id='word_1_239' title='bbox 325 2876 570 2955; x_wconf 89' lang='lat' dir='ltr'>statu0,</span> <span class='ocrx_word' id='word_1_240' title='bbox 629 2872 825 2953; x_wconf 89' lang='lat' dir='ltr'>hunc,</span> <span class='ocrx_word' id='word_1_241' title='bbox 882 2872 938 2935; x_wconf 90' lang='lat' dir='ltr'>si</span> <span class='ocrx_word' id='word_1_242' title='bbox 993 2873 1235 2937; x_wconf 89' lang='lat' dir='ltr'>amicus</span> <span class='ocrx_word' id='word_1_243' title='bbox 1294 2876 1464 2939; x_wconf 89' lang='lat' dir='ltr'>esset</span> <span class='ocrx_word' id='word_1_244' title='bbox 1515 2872 1855 2955; x_wconf 90' lang='lat' dir='ltr'>Pompeio,</span> <span class='ocrx_word' id='word_1_245' title='bbox 1909 2872 2322 2936; x_wconf 86' lang='lat' dir='ltr'>laudaturum</span> <span class='ocrx_word' id='word_1_246' title='bbox 2348 2887 2397 2926; x_wconf 78' lang='lat'>30</span> 
     </span>
     <span class='ocr_line' id='line_1_34' title="bbox 323 2959 2322 3043; baseline -0.001 -20"><span class='ocrx_word' id='word_1_247' title='bbox 323 2961 504 3026; x_wconf 90' lang='lat' dir='ltr'>illum</span> <span class='ocrx_word' id='word_1_248' title='bbox 568 2981 697 3025; x_wconf 92' lang='lat' dir='ltr'>non</span> <span class='ocrx_word' id='word_1_249' title='bbox 758 2959 974 3025; x_wconf 88' lang='lat' dir='ltr'>fuisse.</span> <span class='ocrx_word' id='word_1_250' title='bbox 1074 2959 1239 3036; x_wconf 85' lang='lat' dir='ltr'>Quid</span> <span class='ocrx_word' id='word_1_251' title='bbox 1303 2962 1501 3043; x_wconf 87' lang='lat' dir='ltr'>enim,</span> <span class='ocrx_word' id='word_1_252' title='bbox 1565 2961 1619 3025; x_wconf 88' lang='lat' dir='ltr'>si</span> <span class='ocrx_word' id='word_1_253' title='bbox 1683 2960 1783 3024; x_wconf 89' lang='lat' dir='ltr'>illi</span> <span class='ocrx_word' id='word_1_254' title='bbox 1840 2959 2322 3023; x_wconf 89' lang='lat' dir='ltr'>inimicissimus</span> 
     </span>
     <span class='ocr_line' id='line_1_35' title="bbox 324 3047 2325 3131; baseline -0 -19"><span class='ocrx_word' id='word_1_255' title='bbox 324 3053 513 3131; x_wconf 87' lang='lat' dir='ltr'>esset,</span> <span class='ocrx_word' id='word_1_256' title='bbox 552 3049 826 3131; x_wconf 87' lang='lat' dir='ltr'>amplius</span> <span class='ocrx_word' id='word_1_257' title='bbox 865 3048 945 3113; x_wconf 91' lang='lat' dir='ltr'>ad</span> <span class='ocrx_word' id='word_1_258' title='bbox 982 3048 1117 3113; x_wconf 89' lang='lat' dir='ltr'>eius</span> <span class='ocrx_word' id='word_1_259' title='bbox 1154 3050 1408 3114; x_wconf 89' lang='lat' dir='ltr'>laudem</span> <span class='ocrx_word' id='word_1_260' title='bbox 1445 3048 1855 3114; x_wconf 91' lang='lat' dir='ltr'>minuendam</span> <span class='ocrx_word' id='word_1_261' title='bbox 1891 3047 2102 3112; x_wconf 87' lang='lat' dir='ltr'>facere</span> <span class='ocrx_word' id='word_1_262' title='bbox 2141 3051 2325 3130; x_wconf 87' lang='lat' dir='ltr'>potu-</span> 
     </span>
     <span class='ocr_line' id='line_1_36' title="bbox 321 3135 2323 3221; baseline 0 -23"><span class='ocrx_word' id='word_1_263' title='bbox 321 3136 525 3201; x_wconf 84' lang='lat' dir='ltr'>isset‘?</span> <span class='ocrx_word' id='word_1_264' title='bbox 598 3135 878 3202; x_wconf 87' lang='lat' dir='ltr'>Videant</span> <span class='ocrx_word' id='word_1_265' title='bbox 931 3137 1003 3218; x_wconf 92' lang='lat' dir='ltr'>ii,</span> <span class='ocrx_word' id='word_1_266' title='bbox 1060 3137 1168 3221; x_wconf 88' lang='lat' dir='ltr'>qui</span> <span class='ocrx_word' id='word_1_267' title='bbox 1223 3137 1406 3201; x_wconf 90' lang='lat' dir='ltr'>illum</span> <span class='ocrx_word' id='word_1_268' title='bbox 1451 3136 1758 3221; x_wconf 88' lang='lat' dir='ltr'>Pompeio</span> <span class='ocrx_word' id='word_1_269' title='bbox 1805 3135 2136 3200; x_wconf 89' lang='lat' dir='ltr'>inimicum</span> <span class='ocrx_word' id='word_1_270' title='bbox 2185 3156 2323 3199; x_wconf 89' lang='lat' dir='ltr'>esse</span> 
     </span>
     <span class='ocr_line' id='line_1_37' title="bbox 324 3222 2324 3309; baseline 0 -23"><span class='ocrx_word' id='word_1_271' title='bbox 324 3224 691 3307; x_wconf 82' lang='lat' dir='ltr'>gaudebant</span> <span class='ocrx_word' id='word_1_272' title='bbox 748 3224 828 3288; x_wconf 93' lang='lat' dir='ltr'>ob</span> <span class='ocrx_word' id='word_1_273' title='bbox 877 3246 1143 3309; x_wconf 86' lang='lat' dir='ltr'>eamque</span> <span class='ocrx_word' id='word_1_274' title='bbox 1190 3246 1452 3291; x_wconf 89' lang='lat' dir='ltr'>causam</span> <span class='ocrx_word' id='word_1_275' title='bbox 1496 3226 1565 3289; x_wconf 92' lang='lat' dir='ltr'>in</span> <span class='ocrx_word' id='word_1_276' title='bbox 1608 3228 1712 3289; x_wconf 92' lang='lat' dir='ltr'>tot</span> <span class='ocrx_word' id='word_1_277' title='bbox 1755 3222 2082 3307; x_wconf 89' lang='lat' dir='ltr'>tantisque</span> <span class='ocrx_word' id='word_1_278' title='bbox 2131 3223 2324 3287; x_wconf 90' lang='lat' dir='ltr'>scele-</span> 
     </span>
     <span class='ocr_line' id='line_1_38' title="bbox 322 3310 2398 3396; baseline 0.001 -24"><span class='ocrx_word' id='word_1_279' title='bbox 322 3311 501 3374; x_wconf 88' lang='lat' dir='ltr'>ribus</span> <span class='ocrx_word' id='word_1_280' title='bbox 578 3311 962 3376; x_wconf 89' lang='lat' dir='ltr'>conivebant</span> <span class='ocrx_word' id='word_1_281' title='bbox 1035 3317 1100 3376; x_wconf 95' lang='lat' dir='ltr'>et</span> <span class='ocrx_word' id='word_1_282' title='bbox 1163 3335 1296 3378; x_wconf 90' lang='lat' dir='ltr'>non</span> <span class='ocrx_word' id='word_1_283' title='bbox 1357 3334 1708 3396; x_wconf 87' lang='lat' dir='ltr'>numquam</span> <span class='ocrx_word' id='word_1_284' title='bbox 1771 3312 1906 3375; x_wconf 89' lang='lat' dir='ltr'>eius</span> <span class='ocrx_word' id='word_1_285' title='bbox 1971 3310 2322 3375; x_wconf 87' lang='lat' dir='ltr'>indomitos</span> <span class='ocrx_word' id='word_1_286' title='bbox 2348 3326 2398 3367; x_wconf 74' lang='lat'>3⁵</span> 
     </span>
     <span class='ocr_line' id='line_1_39' title="bbox 324 3398 2322 3483; baseline 0.001 -24"><span class='ocrx_word' id='word_1_287' title='bbox 324 3400 516 3479; x_wconf 89' lang='lat' dir='ltr'>atque</span> <span class='ocrx_word' id='word_1_288' title='bbox 570 3398 928 3464; x_wconf 87' lang='lat' dir='ltr'>ecfrenatos</span> <span class='ocrx_word' id='word_1_289' title='bbox 984 3400 1231 3465; x_wconf 88' lang='lat' dir='ltr'>furores</span> <span class='ocrx_word' id='word_1_290' title='bbox 1289 3402 1516 3483; x_wconf 89' lang='lat' dir='ltr'>plausu</span> <span class='ocrx_word' id='word_1_291' title='bbox 1571 3400 1766 3464; x_wconf 88' lang='lat' dir='ltr'>etiam</span> <span class='ocrx_word' id='word_1_292' title='bbox 1823 3420 1938 3463; x_wconf 91' lang='lat' dir='ltr'>suo</span> <span class='ocrx_word' id='word_1_293' title='bbox 1984 3419 2322 3482; x_wconf 89' lang='lat' dir='ltr'>proseque-</span> 
     </span>
     <span class='ocr_line' id='line_1_40' title="bbox 322 3482 2323 3568; baseline 0.001 -23"><span class='ocrx_word' id='word_1_294' title='bbox 322 3482 575 3567; x_wconf 88' lang='lat' dir='ltr'>bantur,</span> <span class='ocrx_word' id='word_1_295' title='bbox 623 3507 815 3568; x_wconf 91' lang='lat' dir='ltr'>quam</span> <span class='ocrx_word' id='word_1_296' title='bbox 862 3508 929 3551; x_wconf 91' lang='lat' dir='ltr'>se</span> <span class='ocrx_word' id='word_1_297' title='bbox 976 3487 1103 3552; x_wconf 88' lang='lat' dir='ltr'>cito</span> <span class='ocrx_word' id='word_1_298' title='bbox 1152 3487 1503 3551; x_wconf 87' lang='lat' dir='ltr'>inverterit.</span> <span class='ocrx_word' id='word_1_299' title='bbox 1569 3486 1757 3552; x_wconf 89' lang='lat' dir='ltr'>Nunc</span> <span class='ocrx_word' id='word_1_300' title='bbox 1805 3487 1997 3551; x_wconf 81' lang='lat' dir='ltr'>enim=</span> <span class='ocrx_word' id='word_1_301' title='bbox 2019 3487 2150 3549; x_wconf 89' lang='lat' dir='ltr'>iam</span> <span class='ocrx_word' id='word_1_302' title='bbox 2185 3486 2323 3549; x_wconf 89' lang='lat' dir='ltr'>lau-</span> 
     </span>
    </p>
   </div>
  </div>
 </body>
</html>
