2534 3875
825 177 978 233 CAP.
1020 185 1228 233 30--32
1266 184 1297 244 s
1335 185 1563 235 82—87.
2071 182 2203 247 219

173 325 316 387 toto
373 341 571 405 quam
628 322 890 406 proprie
947 344 1149 407 parva
1192 322 1323 388 frui
1370 327 1561 410 parte
1606 326 1883 391 maletis.
1976 325 2203 411 Quare,

174 410 436 474 etiamsi
499 408 583 474 ad
644 431 760 475 vos
826 416 998 475 esset
1062 411 1355 496 singulos
1418 412 1665 497 aliquid
1730 435 1806 477 ex
1862 414 1985 479 hoc
2039 436 2200 499 agro

171 501 664 580 perventurum,
720 499 832 583 qui
875 497 1061 563 vobis
1117 500 1507 584 ostenditur,
1564 500 1712 565 aliis
1768 507 2203 587 comparatur,

173 590 398 651 tamen
442 585 782 651 honestius
821 608 968 651 eum
1004 608 1121 652 vos
1159 589 1447 653 universi
1484 611 1679 673 quam
1718 590 1957 674 singuli
1994 591 2203 673 possi·

118 691 146 732 5
176 674 434 739 deretis.
525 672 716 739 Nunc
760 696 913 739 vero
970 697 1116 740 cum
1171 675 1254 741 ad
1297 698 1417 742 vos
1460 677 1629 742 nihil
1673 678 2028 778 pertineat,
2088 679 2203 743 sed

172 766 448 847 paretur
477 762 642 847 aliis,
680 763 995 848 eripiatur
1021 764 1228 847 vobiS,
1261 786 1477 829 nonne
1506 766 1834 850 acerrime,
1861 770 2202 850 tamquam

173 855 432 916 armato
469 851 667 934 hosti,
704 852 797 916 sic
833 852 982 917 huic
1020 851 1150 936 legi
1188 875 1308 938 pro
1347 855 1585 918 vestris
1622 855 1799 939 agris
1835 855 2201 919 resistetis?

307 938 632 1025 Adiungit
677 938 1017 1005 Stellatem
1072 961 1375 1025 campum
1430 963 1589 1027 agro
1640 941 1973 1027 Campano
2022 947 2088 1007 et
2132 943 2203 1007 in

172 1049 250 1093 eo
290 1027 587 1092 duodena
624 1026 965 1093 discribit
945 1051 1016 1093 111
1043 1028 1338 1113 singulos
1365 1030 1711 1095 homines
1692 1052 1937 1115 1ugera.
2001 1030 2202 1107 Quasi

93 1133 145 1172 ιο
174 1138 328 1181 vero
386 1116 653 1201 paulum
709 1116 966 1181 differat
1020 1137 1177 1201 ager
1232 1115 1603 1202 Campanus
1660 1141 1701 1183 a
1744 1118 2033 1205 Stellati3
2092 1120 2202 1183 sed
2239 1136 2308 1185 86

173 1203 556 1287 multitude,
604 1202 914 1289 Quirites,
959 1205 1313 1290 quaeritur,
1360 1227 1488 1289 qua
1531 1206 1651 1271 illa
1696 1208 1916 1272 omnia
1960 1208 2202 1293 oppida

175 1294 640 1377 compleantur.
712 1291 884 1357 Nam
933 1292 1064 1359 dixi
1102 1297 1295 1358 antea
1332 1294 1477 1379 lege
1516 1295 1829 1380 permitti,
1872 1299 1967 1379 ut,
2014 1318 2179 1381 quae
2196 1295 2305 1363 (86)

172 1380 399 1465 velint,
444 1380 813 1464 municipia,
860 1404 1020 1465 quas
1066 1382 1289 1463 velint,
1334 1385 1585 1447 veteres
1624 1383 1914 1447 colonias
1950 1384 2201 1449 colonis

175 1470 312 1534 suis
349 1472 680 1554 occupent.
753 1468 1065 1534 Calenum
1103 1470 1526 1554 municipium
1564 1472 2001 1554 complebunt,
2048 1472 2204 1537 Tea-

95 1574 147 1615 15
174 1580 332 1623 num
370 1557 761 1660 oppriment,
797 1556 1104 1643 Atellam,
1140 1556 1399 1642 Cumas,
1435 1557 1803 1643 Neapolim,
1837 1559 2203 1661 Pompeios,

173 1646 524 1711 Nuceriam
563 1647 696 1711 suis
733 1646 1075 1730 praesidiis
1114 1646 1499 1729 devincient,
1533 1646 1843 1712 Puteolos
1879 1669 2052 1728 vern,
2090 1648 2204 1731 qui

175 1757 346 1799 nunc
419 1734 490 1798 in
554 1755 673 1799 sua
735 1738 1064 1818 potestate
1129 1738 1309 1818 sunt,
1383 1757 1499 1800 suo
1563 1735 1705 1799 iure
1767 1734 2202 1836 libertateque

177 1826 476 1905 utuntur,
540 1826 722 1887 totos
775 1844 945 1888 novo
1001 1823 1246 1908 populo
1303 1827 1497 1908 atque
1558 1822 1939 1887 adventiciis
1998 1823 2201 1906 copiis

0 1880 4 1988 1
178 1911 602 1996 occupabunt.
697 1910 877 1977 Tunc
930 1912 1092 1977 illud
1137 1912 1450 1977 vexillum
1496 1909 1867 1995 Campanae
1913 1912 2202 1977 coloniae
2223 1913 2309 1978 32

98 2018 152 2060 20
177 2001 594 2066 vehementer
638 1999 789 2065 huic
833 2000 1106 2085 imperio
1143 2001 1505 2066 timendum
1543 1999 1836 2085 Capuam
1882 2023 1922 2065 a
1960 2001 2203 2065 decem-

0 2021 4 2192 !
177 2089 335 2155 viris
379 2089 721 2170 inferetur,
765 2093 920 2154 tunc
966 2093 1192 2154 contra
1236 2089 1406 2154 hanc
1450 2089 1753 2170 Romam,
1797 2110 2205 2154 communem

177 2177 459 2262 patriam
505 2177 795 2242 omnium
830 2181 1147 2260 nostrum,
1190 2177 1312 2241 illa
1348 2178 1557 2242 altera
1592 2177 1805 2242 Roma
1843 2181 2202 2261 quaeretur.

177 2265 255 2330 In
299 2265 368 2330 id
414 2265 728 2350 oppidum
762 2265 1059 2330 homines
1094 2264 1330 2329 nefarii
1366 2288 1507 2330 rem
1542 2265 1872 2350 publicam
1908 2268 2204 2330 nostram
2242 2282 2311 2332 87

179 2354 534 2419 transferre
607 2357 950 2437 conantur,
1025 2376 1152 2438 quo
1216 2353 1287 2417 in
1351 2353 1588 2439 oppido
1653 2354 1931 2418 maiores
1994 2353 2207 2418 nostri

104 2459 153 2500 2⁵
179 2443 430 2508 nullam
477 2442 741 2507 omnino
787 2463 925 2506 rem
973 2442 1299 2526 publicam
1336 2463 1479 2507 esse
1515 2442 1877 2519 voluerunt,
1924 2441 2037 2526 qui
2071 2445 2205 2506 tres

181 2532 398 2597 solum
415 2531 609 2595 urbes
627 2531 697 2595 in
715 2529 909 2596 terris
931 2531 1249 2614 omnibus,
1280 2527 1765 2615 Carthaginem,
1802 2527 2208 2614 Corinthum,

182 2619 494 2705 Capuam,
530 2622 901 2684 statuerunt
937 2640 1131 2704 posse
1158 2618 1418 2703 imperii
1445 2620 1840 2704 gravitatem
1867 2640 1943 2683 ac
1968 2640 2210 2684 nomen

183 2709 522 2773 sustinere.
614 2706 848 2772 Deleta
892 2705 1226 2792 Carthago
1275 2710 1403 2791 est,
1460 2707 1632 2791 quod
1678 2729 1824 2772 cum
1870 2707 2208 2773 hominum

183 2797 388 2882 copiis
398 2847 417 2880 ,
469 2800 611 2861 tum
665 2796 809 2880 ipsa
863 2801 1099 2861 natura
1152 2818 1227 2861 ac
1282 2797 1453 2879 1000,
1510 2797 1835 2861 succincta
1888 2797 2209 2881 portibuS,

107 2902 159 2941 ⁸⁰
186 2889 440 2950 armata
494 2883 724 2967 11111113,
779 2905 1114 2949 excurrere
1168 2906 1248 2949 ex
1310 2884 1559 2968 Africa,
1622 2883 1958 2948 imminere
2012 2883 2060 2966 †
2114 2885 2210 2947 ita

185 2972 724 3038 fructuosissimis
739 2973 971 3037 insulis
987 2972 1212 3058 populi
1226 2972 1508 3037 Romani
1522 2972 1880 3037 videbatur.
1911 2970 2209 3036 Corinthi

186 3061 538 3146 vestigium
583 3061 692 3126 vix
735 3060 1036 3126 relictum
1084 3065 1200 3125 est.
1291 3059 1456 3124 Erat
1501 3061 1674 3126 enim
1720 3060 1937 3145 posita
1981 3060 2049 3122 in
2096 3080 2209 3122 an-

187 3149 424 3234 gustiis
461 3153 658 3233 atque
694 3148 763 3212 in
797 3148 1092 3214 faucibus
1122 3147 1431 3213 Graeciae
1470 3149 1579 3232 sic,
1616 3152 1691 3213 ut
1717 3153 1895 3212 terra
1924 3145 2211 3210 claustra

189 3239 477 3304 locorum
548 3240 801 3302 teneret
867 3241 932 3302 et
995 3237 1122 3302 duo
1189 3236 1399 3301 maria
1462 3237 1741 3301 maxime
1804 3234 2211 3318 navigationi

113 3341 163 3382 ³⁵
191 3327 446 3392 diversa
508 3347 714 3409 paene
777 3325 1224 3411 coniungeret,
1288 3346 1434 3389 cum
1486 3323 1786 3409 pertenui
1840 3321 2209 3386 discrimine

189 3417 588 3515 separentur.
686 3413 890 3496 Haec,
962 3435 1126 3497 quae
1196 3413 1424 3498 procul
1490 3415 1677 3476 erant
1752 3433 1791 3474 a
1858 3413 2211 3492 conspectu

187 3501 471 3586 imperii,
515 3523 648 3567 non
693 3501 904 3567 solum
953 3501 1358 3580 adflixerunt,
1404 3499 1517 3564 sed
1564 3499 1779 3580 etiam,
1823 3519 1905 3561 ne
1953 3497 2211 3581 quando
