2534 3875
820 203 973 258 CAP.
1013 207 1152 257 6-9
1193 207 1223 268 ξ
1256 209 1484 258 14-22.
2138 201 2178 266 7

130 348 393 411 interea
456 347 528 411 in
590 347 833 412 saltum
906 347 1205 412 homines
1273 348 1514 412 electos
1581 347 1882 412 maximis
1948 347 2182 414 animis

131 439 203 500 et
268 435 523 500 viribus
592 440 658 501 et
719 435 803 500 iis
870 457 1083 520 arma,
1149 457 1315 519 quae
1373 437 1606 520 cuique
1669 434 1922 500 habilia
1987 439 2184 520 atque

131 527 297 609 apta
354 527 601 607 essent,
656 527 1020 608 comparat,
1076 545 1344 608 prorsus
1391 527 1467 588 ut
1515 523 1728 608 quivis
1773 523 2185 611 intellegeret

130 634 271 676 non
312 632 423 677 eos
463 612 545 676 ad
581 633 721 676 rem
758 613 1093 696 rusticam,
1129 634 1357 679 verum
1387 613 1471 677 ad
1499 613 1758 677 caedem
1789 634 1864 677 ac
1891 634 2182 699 pugnam

72 715 102 756 ⁶
132 701 529 785 comparari.
602 697 801 767 Brevi
845 700 963 765 illo
1002 706 1296 786 tempore
1344 698 1417 776 Q.
1456 699 1603 766 Cati
1648 699 2020 784 Aemiliani,
2065 701 2186 766 ho·
2223 699 2294 750 19

130 788 335 854 minis
396 787 685 872 honesti,
748 811 939 873 quem
999 810 1117 854 vos
1175 788 1386 854 nostis
1398 839 1415 872 ,
1477 787 1603 854 duo
1662 789 1962 854 homines
2022 789 2184 854 occi·

132 876 404 960 derunt3
442 877 651 941 multa
690 877 821 942 alia
855 877 1177 961 fecerunt3
1212 877 1460 963 passim
1497 879 1912 963 vagabantur
1941 878 2186 943 armati

127 986 271 1030 non
319 965 619 1049 obscure,
674 965 790 1030 sed
834 969 911 1030 ut
952 966 1149 1050 plane
1203 966 1588 1050 intellegere
1643 965 2045 1050 viderentur,
2101 965 2184 1030 ad

131 1075 335 1136 quarm
382 1075 521 1118 rem
567 1053 784 1138 parati
830 1058 1073 1137 essent3
1128 1074 1352 1139 agros,
1396 1054 1538 1119 vias
1586 1053 1863 1139 denique
1907 1053 2184 1120 infestas

46 1159 105 1199 ιο
132 1142 495 1207 habebant.
550 1139 753 1207 Venit
788 1143 859 1208 in
895 1142 1259 1207 Thurinum
1299 1144 1549 1207 interea
1585 1141 1862 1208 Tullius.
1935 1142 2182 1207 Deinde

130 1230 263 1298 iste
312 1234 501 1316 pater
545 1229 831 1295 familias
876 1229 1212 1295 Asiaticus
1268 1231 1529 1314 beatus,
1582 1252 1790 1297 novus
1847 1235 2070 1297 arator
2115 1235 2182 1296 et

127 1319 308 1382 idem
356 1319 720 1403 pecuariae,
766 1341 913 1384 cum
960 1319 1332 1384 ambularet
1376 1319 1446 1384 in
1493 1339 1671 1404 agm,
1718 1318 2184 1385 animadvertit

126 1407 203 1471 in
266 1405 395 1472 hac
456 1407 603 1492 ipsa
666 1407 959 1473 centuria
1020 1407 1387 1490 Populiana
1460 1407 1825 1473 aedificium
1890 1429 2024 1471 non
2085 1409 2182 1472 ita

128 1515 455 1580 magnum
503 1517 891 1580 servumque
934 1495 1021 1560 M.
1058 1494 1235 1559 Tulli
1281 1494 1636 1561 Philinum.
1711 1495 1904 1572 ‘Quid
1948 1494 2182 1579 vobis’,
2219 1495 2294 1545 20

38 1600 97 1641 1⁵
127 1585 378 1667 inquit,
437 1583 616 1648 ‘istic
670 1583 923 1670 negotii
968 1583 1039 1648 in
1083 1605 1229 1649 meo
1288 1583 1466 1649 est?'
1559 1582 1796 1649 Servus
1843 1584 2182 1666 respondit

124 1672 477 1756 pudenter,
546 1675 617 1736 at
677 1693 813 1738 non
876 1673 1104 1755 stulte,
1170 1671 1506 1737 dominum
1570 1693 1712 1736 esse
1778 1670 1861 1737 ad
1922 1671 2180 1755 villam3

126 1781 331 1844 posse
378 1781 529 1824 eum
574 1781 721 1825 cum
768 1781 845 1825 eo
892 1759 1284 1845 disceptare,
1343 1760 1401 1826 si
1448 1760 1606 1844 quid
1649 1759 1869 1827 vellet.
1958 1758 2184 1846 Rogat

124 1847 381 1913 Fabius
428 1848 857 1914 Acerronium
904 1847 1087 1931 (nam
1131 1848 1225 1913 ibi
1272 1853 1415 1913 tum
1462 1846 1662 1934 erat),
1707 1852 1782 1912 ut
1825 1869 2045 1912 secum
2093 1849 2182 1913 si-

125 1938 273 2002 mul
339 1937 563 2002 veniat
626 1939 706 2003 ad
770 1935 1079 2003 Tullium.
1179 1935 1477 2003 Venitur.
1578 1938 1683 2002 Ad
1747 1935 1978 2002 villam
2041 1944 2183 2002 erat

33 2043 94 2084 ²⁰
124 2025 408 2091 Tullius.
501 2026 815 2112 Appellat
855 2025 1127 2107 Fabius,
1176 2030 1255 2091 ut
1303 2031 1416 2091 aut
1458 2026 1601 2110 ipse
1648 2025 1939 2090 Tullium
1986 2025 2179 2091 dedu·

123 2118 312 2179 ceret
376 2117 492 2179 aut
558 2115 639 2181 ab
706 2135 783 2180 eo
848 2114 1289 2180 deduceretur.
1379 2113 1557 2179 Dicit
1621 2113 2043 2179 deducturum
2109 2136 2180 2180 se

122 2202 425 2286 Tullius,
506 2202 949 2268 vadimonium
1031 2201 1235 2268 Fabio
1318 2201 1598 2268 Romam
1684 2202 2179 2288 promissurum.

121 2291 361 2356 Manet
423 2290 493 2355 in
556 2312 634 2355 ea
696 2290 1070 2356 condicione
1116 2290 1384 2356 Fabius.
1480 2289 1742 2356 Mature
1808 2290 2177 2356 disceditur.
2213 2342 2256 2405 9

124 2377 445 2444 Proxima
489 2382 699 2462 nocte,
745 2379 878 2444 iam
924 2378 1060 2444 fere
1107 2400 1253 2443 cum
1302 2380 1416 2443 lux
1464 2378 2046 2464 adpropinquaret,
2093 2380 2175 2443 ad
2211 2418 2284 2467 21

35 2485 93 2527 25
123 2467 300 2532 illud
342 2466 722 2552 aedificium,
768 2468 847 2532 de
895 2489 1023 2552 quo
1072 2471 1268 2532 antea
1316 2467 1466 2551 dixi,
1512 2467 1682 2552 quod
1729 2471 1873 2532 erat
1917 2467 1987 2531 in
2034 2488 2176 2532 cen·

122 2556 310 2621 turia
365 2555 759 2640 Populiana,
816 2555 987 2621 servi
1044 2556 1112 2621 P.
1157 2554 1324 2619 Fabi
1381 2555 1756 2642 frequentes
1813 2556 2178 2640 armatique

121 2643 432 2727 veniunt3
485 2644 829 2709 introitum
882 2644 1011 2729 ipsi
1065 2643 1191 2707 sibi
1244 2646 1308 2708 υἱ
1361 2666 1686 2727 manuque
1743 2643 2177 2730 patefaciunt3

122 2732 435 2797 homines
492 2732 718 2819 magni
770 2732 968 2817 pretii
1027 2752 1250 2797 servos
1297 2730 1386 2797 M.
1431 2732 1607 2797 Tulli
1657 2753 1778 2798 nec
1832 2732 2176 2818 opinantes

124 2820 541 2903 adoriuntur3
599 2820 773 2905 quod
816 2820 1008 2886 facile
1053 2820 1233 2886 factu
1277 2820 1431 2904 fuit,
1489 2842 1698 2904 neque
1743 2824 1883 2885 tam
1931 2822 2176 2886 multos

36 2928 96 2967 ³0
124 2928 347 2993 neque
409 2912 849 2993 repugnantes
912 2909 1105 2974 multi
1165 2908 1408 2973 armati
1469 2909 1813 2994 paratique
1875 2910 2176 2974 occidunt

124 3001 519 3080 tantumque
548 2997 681 3062 odii
707 2996 1240 3082 crudelitatisque
1268 2997 1658 3081 habuerunt,
1703 3000 1779 3062 ut
1808 3019 1918 3063 eos
1949 3020 2174 3063 omnes

122 3085 637 3172 gurgulionibus
682 3083 951 3151 insectis
996 3086 1458 3170 relinquerent,
1501 3107 1602 3169 ne,
1647 3086 1706 3151 si
1754 3107 1944 3170 quem
1983 3086 2174 3151 semi-

120 3175 351 3239 vivum
401 3195 477 3239 ac
524 3173 883 3257 spirantem
931 3174 1129 3239 etiam
1175 3174 1624 3257 reliquissent,
1672 3174 1884 3238 minor
1929 3173 2011 3237 iis
2057 3173 2173 3239 ho-

120 3284 253 3327 nor
296 3262 680 3344 haberetur3
724 3266 1065 3347 praeterea
1097 3266 1345 3327 tectum
1385 3262 1742 3345 villamque
1782 3262 2172 3326 disturbant.

38 3369 93 3410 ss
120 3350 321 3417 Hanc
376 3372 516 3414 rem
572 3353 711 3415 tam
775 3354 1089 3435 atrocem,
1144 3355 1283 3415 tam
1337 3350 1701 3434 indignam,
1755 3354 1892 3413 tam
1946 3370 2170 3431 repen·
2211 3365 2282 3414 22

120 3440 335 3504 tinam
381 3439 647 3503 nuntiat
692 3437 779 3504 M.
825 3438 1044 3503 Tullio
1090 3438 1417 3521 Philinus,
1477 3460 1671 3522 quem
1728 3440 1918 3501 antea
1969 3437 2174 3501 nomi·

119 3526 311 3611 navi,
359 3526 474 3612 qui
522 3527 813 3612 graviter
860 3526 1119 3592 saucius
1167 3547 1202 3592 e
1248 3526 1444 3592 caede
1489 3526 1824 3608 effugerat.
1916 3523 2172 3589 Tullius
