2534 3875
823 153 979 212 CAP.
1020 162 1228 211 10—12
1267 162 1299 221 s
1336 162 1564 212 25—30.
2081 156 2211 219 441

8 208 17 375 Ι
179 304 292 365 aut
341 304 557 366 aetate
605 304 720 365 aut
761 299 1135 364 valetudine
1181 303 1374 383 esset,
1417 322 1552 365 non
1598 322 1666 365 se
1704 301 1783 366 de
1822 301 2033 365 salute
2070 323 2216 365 mea

6 381 10 497 J
177 390 573 453 sententiam
645 387 860 452 ferre?
963 386 1233 463 Quando
1308 391 1563 453 tantam
1636 388 2073 472 frequentiam
2146 391 2216 453 in

179 499 442 562 campo,
487 480 745 542 tantum
793 476 1204 559 splendorem
1251 475 1487 539 Italiae
1532 476 1737 541 totius
1786 476 2214 560 ordinumque

179 566 502 648 omnium,
560 564 817 647 quando
870 564 989 629 illa
1047 564 1371 650 dignitate
1417 567 1784 648 rogatores,
1839 563 2212 628 diribitores

125 671 152 711 ⁵
178 653 609 737 custodesque
656 651 959 717 vidistis?
1049 651 1281 735 Itaque
1324 649 1397 716 P.
1443 650 1705 717 Lentuli
1750 652 2063 717 beneficio
2111 673 2214 716 ex-

178 742 445 806 cellenti
508 744 704 824 atque
760 739 979 804 divino
1033 761 1167 805 non
1221 740 1473 805 reducti
1530 761 1752 805 sumus
1808 740 1877 803 in
1931 740 2213 824 patriam

177 830 272 894 sic
318 834 395 893 ut
438 850 572 893 non
613 828 784 891 nulli
828 827 1177 892 clarissimi
1222 828 1416 912 cives,
1462 828 1576 893 sed
1622 828 1805 913 equis
1842 828 2212 913 insignibus

177 921 246 981 et
293 938 486 981 curru
532 920 762 981 aurato
811 916 1150 1000 reportati.

311 1004 590 1069 Possum
673 1024 813 1087 ego·
873 1004 1034 1068 satis
1107 1002 1179 1067 in
1253 1001 1373 1069 Cn.
1446 1004 1829 1086 Pompeium
1902 1026 2213 1087 umquam
2252 1014 2319 1063 29

97 1113 151 1153 10
181 1097 411 1179 gratus
467 1092 718 1158 videri?
779 1090 889 1175 qui
943 1114 1074 1156 non
1131 1092 1342 1156 solum
1400 1092 1572 1176 apud
1627 1114 1773 1177 vos,
1830 1094 1942 1176 qui
1989 1114 2213 1157 omnes

178 1181 352 1245 idem
399 1179 802 1262 sentiebatis,
853 1180 964 1244 sed
1011 1180 1212 1244 etiam
1258 1179 1431 1262 apud
1475 1180 1850 1245 universum
1898 1182 2215 1265 populum

179 1270 464 1334 salutem
527 1268 756 1353 populi
808 1266 1087 1332 Romani
1151 1272 1219 1332 et
1283 1272 1735 1333 conservatam
1800 1291 1917 1353 per
1979 1291 2083 1333 me
2148 1272 2214 1333 et

179 1357 597 1422 coniunctam
644 1376 784 1421 esse
831 1378 979 1421 cum
1024 1377 1170 1419 mea
1215 1356 1481 1435 dixerit3
1533 1355 1645 1439 qui
1691 1378 1952 1421 causam
2003 1378 2214 1422 meam

178 1444 608 1529 prudentibus
656 1444 1147 1526 commendarit,
1196 1444 1537 1527 imperitos
1586 1444 1917 1509 edocuerit
1963 1445 2215 1509 eodem-

98 1550 150 1592 15
181 1555 307 1616 que
372 1536 663 1615 tempore
717 1531 1054 1614 improbos
1111 1531 1504 1595 auctoritate
1564 1553 1682 1595 sua
1736 1533 2214 1616 compresserit,

179 1621 387 1686 bonos
434 1619 763 1702 excitarit3
810 1619 919 1703 qui
965 1620 1281 1704 populum
1326 1618 1694 1683 Romanum
1742 1641 1862 1703 pro
1901 1641 2004 1683 me
2050 1624 2215 1685 tam·

180 1730 380 1792 quam
423 1729 543 1792 pro
592 1706 796 1771 fratre
844 1711 959 1771 aut
1004 1729 1123 1791 pro
1170 1711 1441 1790 parente
1485 1728 1620 1771 non
1658 1708 1872 1771 solum
1908 1707 2213 1772 hortatus

178 1797 294 1879 sit,
359 1817 585 1861 verum
651 1795 850 1861 etiam
920 1794 1305 1877 obsecrarit3
1378 1794 1490 1877 qui
1552 1814 1694 1859 cum
1746 1794 1889 1879 ipse
1942 1799 2215 1879 propter

178 1888 430 1950 metum
469 1882 904 1949 dimicationis
943 1888 1009 1948 et
1046 1871 1385 1968 sanguinis
1425 1882 1617 1948 domo
1657 1904 1726 1947 se
1763 1887 2033 1966 teneret,
2079 1883 2213 1948 iam

95 1992 151 2032 κο
178 1996 219 2038 a
275 1972 717 2057 superioribus
773 1971 1053 2036 tribunis
1103 1971 1396 2055 petierit,
1451 1976 1524 2035 ut
1570 1972 1648 2036 de
1696 1972 1908 2035 salute
1956 1993 2103 2036 mea
2148 1976 2215 2037 et

177 2061 674 2146 promulgarent
720 2063 786 2124 et
830 2058 1177 2143 referrent3
1233 2059 1345 2143 qui
1390 2060 1460 2123 in
1506 2059 1764 2123 colonia
1809 2081 2017 2144 nuper
2062 2081 2215 2124 con-

178 2149 415 2213 stituta
469 2170 616 2212 cum
669 2148 812 2231 ipse
867 2154 1123 2233 gereret
1177 2147 1667 2232 magistratum,
1720 2146 1789 2210 in
1846 2169 1975 2231 qua
2019 2169 2212 2214 nemo

177 2241 324 2301 erat
368 2241 624 2320 emptus
662 2236 1070 2318 intercessor,
1116 2237 1251 2299 vim
1291 2239 1358 2298 et
1394 2234 1844 2300 crudelitatem
1880 2235 2210 2321 privilegii

179 2325 569 2391 auctoritate
623 2322 1236 2388 honestissimorum
1284 2322 1622 2387 hominum
1670 2325 1738 2386 et
1781 2322 2063 2405 publicis
2109 2324 2212 2388 lit·

99 2429 152 2471 2⁵
181 2413 342 2478 teris
389 2411 792 2496 consignarit
834 2411 1262 2495 princepsque
1298 2409 1533 2475 Italiae
1570 2409 1777 2474 totius
1812 2410 2213 2495 praesidium

179 2501 265 2566 ad
309 2521 522 2564 meam
569 2499 848 2563 salutem
893 2498 1355 2583 inplorandum
1401 2498 1682 2582 putarit3
1728 2499 1841 2581 qui
1885 2519 2033 2563 cum
2069 2498 2211 2584 ipse

179 2588 344 2653 mihi
391 2607 645 2670 semper
691 2584 1122 2653 amicissimus
1157 2586 1412 2667 fuisset,
1458 2587 1658 2651 etiam
1695 2590 1771 2650 ut
1808 2608 1961 2652 suos
1998 2608 2211 2652 neces·
2237 2638 2319 2703 12

179 2677 388 2741 sarios
427 2675 589 2739 mihi
627 2674 870 2739 amicos
907 2675 1225 2756 redderet,
1262 2674 1635 2739 elaborarit.
1702 2672 1951 2749 Quibus
1990 2679 2211 2740 autem
2250 2716 2320 2765 30

180 2763 413 2829 officiis
468 2761 540 2828 T.
602 2761 777 2826 Anni
829 2761 1142 2826 beneficia
1196 2762 1705 2828 remunerabor}>
1761 2763 1943 2828 cuius
1999 2763 2211 2828 omnis

96 2870 153 2910 so
179 2851 380 2934 rati0,
434 2849 747 2936 cogitatio
757 2899 778 2934 ,
829 2853 1011 2915 totus
1068 2849 1341 2934 denique
1396 2850 1772 2914 tribunatus
1818 2851 1985 2915 nihil
2034 2851 2215 2915 aliud

178 2939 308 3005 fuit
360 2939 490 3003 nisi
545 2943 879 3020 constans,
939 2941 1281 3021 perpetua,
1339 2938 1562 3015 fortis,
1622 2937 1866 3002 invicta
1921 2937 2211 3003 defensio

180 3028 414 3092 salutis
472 3046 671 3091 meae.
771 3022 938 3099 Quid
994 3026 1073 3090 de
1119 3023 1187 3088 P.
1243 3024 1458 3090 Sestio
1513 3025 1791 3109 loquar?
1858 3027 1970 3108 qui
2025 3046 2211 3090 suam

181 3135 338 3200 erga
402 3135 505 3178 me
569 3112 1080 3177 benivolentiam
1145 3116 1212 3178 et
1275 3112 1469 3178 fidem
1533 3133 1667 3176 non
1732 3111 1947 3176 solum
2012 3112 2213 3177 animi

180 3204 421 3285 dolore,
467 3200 581 3266 sed
625 3202 828 3266 etiam
874 3201 1164 3286 'corporis
1209 3200 1587 3264 vulneribus
1635 3199 1937 3265 ostendit.

100 3307 156 3348 35
314 3287 526 3354 Vobis
580 3309 762 3372 vero,
818 3293 1037 3372 patres
1095 3288 1474 3372 conscripti,
1528 3286 1805 3372 singulis
1863 3290 1929 3350 et
1983 3287 2092 3373 egi
2146 3292 2213 3353 et

183 3399 380 3464 agam
448 3377 724 3462 gratias3
788 3375 1110 3440 universis
1175 3375 1282 3459 egi
1343 3375 1562 3459 initio,
1628 3378 1943 3460 quantum
2005 3377 2211 3460 potui,

182 3466 345 3530 satis
385 3467 614 3530 ornate
653 3484 844 3549 agere
881 3463 1064 3527 nullo
1103 3462 1302 3528 modo
1334 3484 1621 3547 possum.
1691 3463 1784 3528 Et
1816 3483 2213 3548 quamquam
