2534 3875
835 214 989 269 cAP.
1029 221 1236 270 29-31
1280 221 1311 281 ς,
1353 221 1579 272 ἰτ-32.
2072 217 2204 282 487

178 360 504 426 consulari
565 359 815 424 homini
879 359 948 424 P.
1006 357 1267 424 Clodius
1336 380 1561 424 eversa
1614 381 1685 424 re
1738 359 2003 445 publica
2056 361 2206 424 civi-

179 453 382 514 tatem
414 447 696 513 adimere
725 447 944 533 potuit
972 447 1246 513 concilio
1273 448 1606 530 advocatO,
1635 447 1968 513 conductis
1988 450 2203 532 operis

177 559 312 602 non
379 536 592 602 solum
653 535 1013 622 egentium,
1083 535 1196 600 sed
1255 537 1455 601 etiam
1516 557 1876 619 servorum,
1944 534 2201 603 Fidulio

181 625 486 710 principe,
537 625 650 708 qui
695 646 764 688 se
808 624 926 688 illo
978 623 1079 688 die
1117 625 1461 690 confirmat
1496 623 1745 690 Romae
1780 646 1913 688 non
1954 623 2202 689 fuisse?

119 731 151 772 5
181 713 424 788 Quodsi
477 735 610 778 non
663 711 817 796 fuit,
883 713 1035 796 quid
1092 716 1158 777 te
1215 713 1549 796 audaciae,
1604 713 1717 796 qui
1772 711 1908 776 eius
1964 735 2203 778 nomen
2240 729 2311 779 80

177 804 251 866 in
293 821 397 866 aes
441 800 786 867 incideris?
837 800 991 885 quid
1039 801 1467 886 desperatius,
1514 801 1622 886 qui
1667 823 1749 865 ne
1796 801 2201 881 ementiendo

181 890 439 974 quidem
483 889 775 974 potueris
823 892 1154 954 auctorem
1201 889 1589 954 adumbrare
1633 888 2014 954 meliorem?
2088 886 2205 954 Sin

179 982 395 1043 autem
441 977 501 1041 is
538 978 786 1060 primus
825 977 1030 1061 scivit,
1077 976 1250 1062 quod
1288 977 1477 1042 facile
1512 979 1748 1062 potuit,
1792 979 1901 1059 qui
1936 982 2205 1063 propter

177 1067 466 1151 inopiam
520 1067 679 1130 tecti
739 1067 809 1129 in
852 1065 996 1130 foro
1043 1069 1521 1150 pernoctasset,
1583 1087 1696 1130 cur
1738 1087 1872 1130 non
1918 1065 2089 1129 iuret
2135 1087 2203 1129 se

87 1174 148 1214 10
180 1154 470 1220 Gadibus
525 1153 755 1238 fuisse,
811 1175 956 1219 cum
1012 1158 1083 1218 tu
1137 1157 1204 1218 te
1260 1153 1463 1218 fuisse
1518 1153 1928 1218 Interamnae
1972 1154 2203 1237 proba-

177 1241 395 1308 veris?
485 1241 629 1307 Hoc
675 1245 748 1306 tu
785 1242 1008 1329 igitur,
1053 1243 1251 1307 homo
1296 1243 1651 1327 popularis,
1696 1242 1836 1307 iure
1884 1243 2203 1306 munitam

177 1331 512 1397 civitatem
567 1335 633 1394 et
687 1330 1059 1394 libertatem
1108 1335 1405 1395 nostram
1450 1335 1646 1416 putas
1694 1351 1835 1395 esse
1882 1334 2203 1414 oportere,

178 1425 277 1503 ut,
352 1419 407 1483 si
479 1419 745 1484 tribuno
819 1419 905 1503 pl.
970 1423 1273 1504 rogante,
1348 1417 1667 1484 ‘VEm'rls
1740 1417 2205 1502 IUBEATISNE',
2513 1436 2521 1467 ⁴

175 1507 412 1572 Fidulii
461 1510 720 1572 centum
767 1528 836 1571 se
873 1507 1038 1572 velle
1079 1510 1144 1570 et
1180 1506 1405 1572 iubere
1443 1507 1749 1586 dixerint,
1786 1507 1997 1590 possit
2034 1528 2201 1570 unus

89 1617 149 1656 15
178 1597 449 1682 quisque
518 1600 810 1660 nostrum
888 1595 1188 1660 amittere
1262 1595 1595 1660 civitatem
1607 1596 1644 1660 ‘?⁴
1758 1593 1923 1659 Tum
2000 1595 2204 1680 igitur

178 1684 455 1750 maiores
501 1685 708 1749 nostri
754 1684 1118 1769 populares
1141 1705 1277 1748 non
1321 1683 1610 1768 fuerunt,
1658 1683 1769 1768 qui
1816 1683 1892 1747 de
1940 1682 2203 1747 civitate
2241 1701 2246 1708 ·

180 1777 248 1838 et
292 1773 594 1837 libertate
632 1794 708 1837 ea
743 1772 888 1836 iura
925 1776 1298 1856 sanxerunt,
1345 1794 1509 1857 quae
1544 1793 1663 1836 nec
1699 1772 1797 1835 vis
1834 1775 2203 1855 temporum

179 1882 296 1927 nec
364 1860 662 1946 potentia
735 1860 1235 1947 magistratuum
1308 1882 1427 1926 nec
1491 1882 1709 1924 rerum
1772 1859 2203 1923 iudicatarum

177 1952 517 2015 auctoritas
549 1972 668 2015 nec
705 1949 978 2033 denique
1015 1949 1303 2013 universi
1330 1949 1556 2034 populi
1584 1948 1866 2013 Romani
1891 1952 2204 2033 potestas,

85 2058 148 2098 20
177 2061 341 2123 quae
388 2038 620 2103 ceteris
665 2040 734 2103 in
779 2038 973 2102 rebus
1021 2041 1121 2101 est
1164 2040 1468 2121 maxima,
1512 2036 1904 2102 labefactare
1949 2035 2203 2137 possit?

174 2130 270 2191 At
321 2131 396 2193 tu
443 2128 667 2208 etiam,
724 2130 984 2211 ereptor
1029 2126 1317 2191 civitatis
1330 2176 1347 2209 ,
1404 2126 1616 2211 legem
1663 2124 1740 2188 de
1787 2124 2040 2189 iniuriis
2085 2147 2199 2208 pu·
2240 2140 2305 2189 81

175 2214 364 2280 blicis
413 2215 626 2281 tulisti
663 2214 1014 2300 Anagnino
1050 2214 1268 2279 nescio
1308 2214 1409 2279 cui
1444 2213 1769 2277 Menullae
1805 2216 2204 2298 pergratam,

175 2303 288 2389 qui
343 2303 464 2368 tibi
520 2304 604 2368 ob
662 2325 805 2368 eam
846 2303 1073 2391 legem
1121 2305 1409 2367 statuam
1456 2302 1524 2365 in
1572 2302 1733 2365 meis
1781 2300 2048 2365 aedibus
2095 2322 2203 2402 po

175 2392 336 2475 suit,
389 2396 466 2457 ut
519 2392 698 2457 locus
753 2392 893 2475 ipse
950 2392 1021 2455 in
1064 2395 1254 2455 tanta
1296 2395 1413 2455 tua
1457 2390 1693 2454 iniuria
1738 2390 1953 2475 legem
2000 2392 2067 2452 et
2111 2389 2204 2451 in—

83 2500 147 2540 25
177 2480 599 2563 scriptionem
657 2484 914 2545 statuae
969 2478 1325 2563 refelleret,
1391 2500 1555 2562 quae
1611 2499 1714 2542 res
1770 2476 2203 2561 municipibus

175 2568 546 2653 Anagninis
585 2567 1021 2634 ornatissimis
1061 2567 1269 2631 multo
1308 2566 1541 2631 maiori
1580 2566 1789 2631 dolori
1814 2564 1967 2645 fuit,
2008 2586 2203 2649 quam

177 2678 344 2743 quae
415 2658 589 2722 idem
651 2657 765 2721 ille
830 2655 1153 2741 gladiator
1227 2655 1473 2719 scelera
1536 2654 1877 2740 Anagniae
1940 2653 2201 2718 fecerat.

175 2744 394 2821 Quid?
459 2746 518 2809 si
579 2766 661 2809 ne
719 2745 1031 2829 scriptum
1089 2744 1348 2827 quidem
1404 2765 1714 2827 umquam
1771 2746 1870 2807 est
1923 2742 1994 2806 in
2047 2742 2175 2806 ista
2196 2794 2309 2859 (82)

173 2836 324 2919 ipsa
375 2833 746 2918 rogatione,
800 2854 995 2916 quam
1041 2854 1109 2896 se
1155 2831 1450 2895 Fidulius
1504 2835 1706 2917 negat
1754 2830 2045 2908 scivisse,
2100 2834 2173 2894 tu

81 2942 148 2983 30
176 2926 398 2987 autem
445 2926 518 2985 ut
565 2925 712 2986 acta
755 2920 853 2986 tui
897 2921 1214 3005 praeclari
1258 2920 1632 2983 tribunatus
1679 2918 1961 2983 hominis
2001 2918 2205 3001 digni-

174 3014 316 3075 tate
347 3010 750 3089 cohonestes,
779 3008 1238 3073 auctoritatem
1268 3008 1678 3092 amplecteris
1708 3044 1791 3053 —
1824 3007 1934 3071 sed
1964 3010 2203 3087 tamen,
2241 3021 2310 3069 82

175 3099 235 3163 si
279 3098 448 3163 nihil
496 3098 573 3162 de
619 3120 722 3163 me
770 3096 999 3180 tulisti,
1044 3117 1171 3180 quo
1218 3096 1433 3161 minus
1480 3117 1690 3161 essem
1732 3116 1865 3159 non
1904 3093 2097 3159 modo
2136 3094 2205 3157 in

172 3186 414 3252 civium
475 3208 772 3270 numero,
835 3185 948 3249 sed
1013 3184 1206 3249 etiam
1267 3184 1337 3249 in
1401 3206 1476 3249 eo
1542 3186 1711 3266 loco,
1774 3184 1845 3246 in
1910 3204 2035 3266 quo
2100 3203 2204 3245 me

171 3276 457 3341 honores
502 3274 732 3359 populi
768 3272 1052 3339 Romani
1087 3274 1507 3355 collocarunt,
1553 3276 1858 3336 tamenne
1898 3292 2043 3334 eum
2089 3273 2205 3334 tua
2504 3265 2510 3321 Ι

76 3381 143 3425 35
174 3385 335 3428 voce
398 3364 702 3447 violabis,
769 3384 960 3446 quem
1015 3366 1167 3445 post
1220 3360 1543 3425 nefarium
1600 3361 1808 3425 scelus
1866 3359 2205 3423 consulum

175 3452 586 3535 superiorum
632 3455 734 3516 tot
778 3450 956 3515 vides
1003 3449 1256 3514 iudiciis
1305 3452 1589 3531 senatuS,
1633 3446 1860 3533 populi
1908 3446 2205 3528 Romani,

174 3542 415 3609 Italiae
463 3541 670 3606 totius
704 3539 1152 3623 honestatum,
1200 3558 1392 3622 quem
1438 3558 1521 3600 ne
1557 3540 1698 3601 tum
1738 3535 2013 3619 quidem,
2061 3556 2207 3599 cum
2496 3547 2499 3607 ι
