2534 3875
789 192 948 249 CAP.
987 199 1124 250 5—7
1164 201 1193 261 ς
1237 200 1463 251 11-16.
2010 197 2145 261 463

106 337 476 404 decuriatos
524 359 598 402 ac
645 337 1004 424 descriptos
1049 338 1327 403 haberes
1366 296 1687 404 exercitus
1724 340 2145 426 perditorum,

102 449 324 500 nonne
378 425 846 510 providendum
904 427 1157 491 senatui
1211 426 1367 509 fuit,
1420 449 1500 492 ne
1561 428 1631 492 in
1674 428 1845 494 hanc
1888 433 2143 494 tantam

104 513 451 580 materiem
525 513 860 580 seditionis
938 517 1103 579 iacta
1157 514 1286 579 ista
1342 515 1603 580 funesta
1664 517 1774 580 fax
1839 517 2143 582 adhaere-

107 602 368 669 sceret?

45 710 72 751 5
245 691 396 756 Fuit
457 690 662 775 igitur
727 712 922 756 causa
979 691 1277 774 capiendi
1329 693 1485 757 novi
1540 692 1812 758 consilii.
1906 693 2140 759 Videte
2180 673 2252 798 64

101 801 300 862 nunc,
344 778 670 844 fuerintne
716 781 940 864 partes
985 801 1168 844 meae
1214 801 1418 864 paene
1456 781 1861 865 praecipuae.
1936 750 2252 858 (1113111ΜΕ

101 873 252 933 tum
310 865 574 953 Sergius
643 867 758 930 ille
813 872 991 949 tuus»,
1055 889 1244 953 quem
1303 867 1579 952 Lollius,
1644 891 1835 953 quem
1892 872 2142 934 ceterae

101 958 328 1040 pestes
375 955 445 1019 in
491 953 894 1039 lapidatione
940 955 1058 1020 illa
1092 957 1537 1042 nominabant,
1584 979 1773 1040 quem
1816 979 2142 1023 annonam

101 1047 444 1129 praestare
492 1047 792 1127 oportere
840 1044 1186 1109 dicebant?
1229 1066 1443 1109 nonne
1490 1047 1638 1110 me?
1732 1044 1944 1121 Quid?
1992 1068 2141 1130 ope·

44 1151 72 1191 o
101 1153 334 1196 rarum
389 1132 506 1196 illa
559 1132 964 1196 concursatio
1025 1136 1346 1197 nocturna
1389 1154 1522 1197 non
1568 1155 1607 1198 a
1653 1137 1719 1198 te
1764 1134 1909 1218 ipso
1956 1134 2142 1198 insti-

99 1225 258 1285 tuta
313 1241 417 1284 me
472 1220 868 1284 frumentum
926 1220 1317 1305 flagitabat?
1410 1219 1607 1296 Quasi
1653 1243 1807 1286 vero
1856 1244 1977 1308 ego
2028 1226 2143 1287 aut

99 1309 205 1374 rei
240 1307 705 1373 frumentariae
751 1307 1180 1393 praefuissem
1225 1312 1341 1373 aut
1388 1330 1829 1394 compressum
1877 1310 2142 1411 aliquod

97 1397 507 1462 frumentum
561 1400 850 1460 tenerem
907 1400 1020 1461 aut
1072 1395 1139 1460 in
1199 1397 1329 1462 isto
1378 1419 1612 1483 genere
1660 1397 1923 1464 omnino
1971 1399 2141 1483 quic-

101 1507 308 1570 quam
383 1489 497 1549 aut
571 1484 902 1550 curatione
970 1489 1084 1549 aut
1143 1488 1471 1570 potestate
1538 1487 1905 1550 valuissem.
2015 1485 2142 1551 Sed

48 1591 76 1634 5
105 1574 314 1638 homo
373 1572 454 1638 ad
511 1573 770 1638 caedem
827 1573 1420 1638 inminensmeum
1464 1596 1703 1639 nomen
1750 1574 1963 1658 operis
2014 1575 2139 1640 edi-

101 1661 324 1744 derat,
377 1661 676 1745 inperitis
733 1660 1060 1726 iniecerat.
1153 1659 1317 1726 Cum
1372 1661 1448 1725 de
1504 1684 1651 1726 mea
1708 1662 2027 1748 dignitate
2073 1663 2143 1728 in

99 1750 360 1835 templo
415 1748 592 1815 Iovis
649 1748 879 1832 optimi
934 1749 1200 1813 maximi
1256 1754 1522 1814 senatus
1577 1749 2140 1835 frequentissimus

99 1860 238 1903 uno
297 1837 426 1902 isto
475 1835 894 1902 dissentiente
941 1837 1361 1919 decrevisset,
1418 1838 1634 1903 subito
1680 1839 1798 1903 illo
1845 1839 1989 1923 ipso
2038 1837 2141 1903 die

102 1926 521 1992 carissimam
561 1948 884 1991 annonam
921 1949 1037 1991 1130
1077 1927 1346 2011 opinata
1380 1927 1600 1992 vilitas
1640 1931 1987 1992 consecuta
2024 1932 2141 1992 est.

43 2035 68 2074 ο
99 2015 350 2099 Erant,
425 2016 535 2097 qui
611 2014 765 2079 deos
837 2015 1242 2079 immortales
1318 2015 1412 2097 (id
1476 2016 1646 2101 quod
1711 2036 1832 2101 ego
1898 2014 2137 2101 sentio)
2180 2032 2248 2081 15

99 2104 380 2169 numine
427 2124 544 2167 suo
583 2103 861 2167 reditum
900 2125 1116 2168 meum
1153 2104 1440 2169 dicerent
1477 2104 1961 2189 comprobasse3
2008 2126 2141 2169 non

97 2192 278 2256 nulli
331 2194 549 2255 autem
603 2191 788 2256 illam
842 2214 976 2257 rem
1036 2192 1117 2257 ad
1172 2193 1384 2276 ipsam
1438 2192 1758 2257 rationem
1815 2192 2140 2257 coniectu-

98 2301 378 2364 ramque
425 2278 852 2363 revocabant3
901 2280 1031 2363 qui,
1078 2280 1246 2364 quod
1294 2280 1363 2343 in
1399 2302 1542 2345 meo
1580 2280 1795 2344 reditu
1834 2301 1983 2364 spes
2022 2280 2144 2345 otii

99 2372 174 2433 et
233 2366 614 2433 concordiae
677 2366 803 2433 sita
848 2368 1216 2454 videbatur,
1269 2368 1340 2431 in
1386 2368 1671 2433 discessu
1720 2372 1938 2433 autem
1984 2370 2141 2434 coti-

43 2476 68 2517 5
102 2457 346 2521 dianus
393 2456 728 2521 seditionis
775 2456 993 2541 timor,
1037 2456 1168 2521 iam
1215 2478 1420 2541 paene
1457 2456 1617 2521 belli
1656 2456 1923 2540 depulso
1962 2461 2141 2521 metu

103 2546 584 2610 commutatam
621 2566 946 2611 annonam
984 2566 1124 2609 esse
1163 2544 1490 2628 dicebant3
1529 2566 1691 2629 quae
1731 2545 1883 2628 quia
1918 2567 2140 2609 rursus

99 2634 176 2697 in
227 2654 372 2697 meo
420 2632 632 2697 reditu
674 2632 853 2699 facta
897 2636 1039 2697 erat
1085 2633 1333 2718 durior,
1380 2656 1420 2697 a
1464 2655 1586 2715 me,
1632 2633 1809 2698 0111113
1860 2633 2143 2699 adventu

98 2722 256 2787 fore
312 2721 635 2785 vilitatem
697 2720 854 2786 boni
907 2720 1034 2786 viri
1079 2720 1505 2805 dictitabant,
1571 2744 1829 2787 annona
1883 2722 2139 2807 flagita-

101 2810 329 2874 batur.
401 2808 545 2892 Ego
595 2808 867 2894 denique
912 2830 1046 2873 non
1084 2810 1295 2874 solum
1332 2809 1414 2873 ab
1456 2810 1669 2893 operis
1708 2810 1839 2875 tuis
1877 2810 2142 2893 inpulsu
2182 2812 2219 2875 7

43 2918 66 2957 o
99 2902 226 2961 tuo
286 2897 696 2979 nominabar,
751 2898 863 2963 sed
919 2898 1116 2963 etiam
1172 2898 1460 2981 depulsis
1507 2920 1581 2963 ac
1628 2898 1961 2982 dissipatis
2009 2897 2140 2961 tuis

99 2983 320 3068 copiis
377 3008 417 3049 a
477 2984 720 3070 populo
766 2985 1063 3051 Romano
1110 2985 1441 3072 universo,
1498 2988 1609 3071 11111
1654 2991 1797 3051 tum
1841 2986 1912 3049 in
1957 2983 2143 3067 Capi-

99 3074 355 3139 tolium
412 3078 829 3159 convenerat,
894 3094 1040 3139 cum
1092 3074 1212 3139 illo
1269 3074 1372 3140 die
1428 3075 1640 3139 minus
1695 3072 2006 3156 valerem,
2073 3072 2145 3136 in

99 3164 414 3228 senatum
458 3162 845 3227 nominatim
882 3163 1182 3228 vocabar.
1256 3161 1424 3227 Veni
1464 3165 1866 3247 expectatus,
1913 3160 2140 3225 multis
2182 3176 2249 3225 16

95 3252 243 3315 iam
297 3250 636 3315 sententiis
684 3250 874 3315 dictis
920 3254 1190 3335 rogatus
1229 3272 1375 3315 sum
1414 3250 1829 3332 sententiam3
1878 3248 2010 3313 dixi
2046 3248 2142 3313 rei

43 3358 61 3401 5
92 3337 413 3425 publicae
471 3338 995 3422 saluberrimam,
1048 3338 1210 3403 mihi
1253 3338 1702 3404 necessariam.
1793 3335 2144 3401 Petebatur

93 3450 139 3493 a
194 3447 305 3490 me
350 3425 662 3491 frumenti
707 3426 912 3512 copia,
959 3448 1250 3492 annonae
1295 3425 1543 3508 vilitas;
1589 3446 1849 3510 possem
1898 3423 2143 3507 aliquid

91 3517 174 3580 in
256 3535 334 3579 33
399 3536 469 3579 13
530 3536 759 3603 1130113,
831 3514 1003 3582 ratio
1067 3537 1199 3581 non
1262 3514 1646 3580 habebatur.
1754 3512 2143 3599 Flagitabar
