2534 3875
273 478 356 605 ἐξ

279 1308 347 1357 40

285 2717 356 2767 41

376 176 515 241 404
845 260 850 265 .
902 194 908 199 ·
943 172 1088 227 pao
1125 173 1189 227 L.
1226 168 1509 227 FLACCO
1550 169 1843 227 ORATIO.
2502 183 2504 275 4

376 324 534 400 tam,
581 317 890 403 quoniam
927 318 1100 401 sunt,
1144 318 1220 380 ut
1255 313 1681 400 Asclepiades
1720 314 1898 399 dicit,
1941 316 2138 398 leves,
2180 314 2434 379 horum

375 406 829 473 testimonium
871 426 1009 469 non
1054 404 1535 490 pertimescam.

513 493 724 560 Venio
797 515 969 559 nunc
1043 493 1126 558 ad
1196 491 1667 575 Dorylensium
1741 492 2230 575 testimonium3
2322 491 2435 575 qui
2504 533 2506 577 4

378 584 678 672 producti
732 581 998 647 tabulas
1054 602 1125 647 se
1181 580 1477 665 publicas
1525 580 1607 646 ad
1654 577 2008 664 Speluncas
2054 578 2433 664 perdidisse
2504 586 2506 663 γ

379 674 724 739 dixerunt.'
784 668 838 735 Ο
884 673 1184 756 pastores
1229 670 1451 734 nescio
1500 690 1664 754 quos
1712 669 1981 753 cupidos
2027 668 2435 749 litterarum,
2459 682 2480 723 ⁵

379 757 1110 917 ffiffidessseffiffiussff'*
1131 757 1718 911 εἷ’,ῗῖἓὲἱαῗῗθῗέ
1766 758 2211 910 {¹33ss21‘323}?³³
2240 755 2438 911 ..5233

383 936 630 1003 versuti
677 957 818 1000 esse
864 870 1525 999 videantur.pPoena
1547 894 1690 1017 7est,
1736 938 1811 998 ut
1850 935 2100 1019 opinor,
2146 868 2437 1019 Dporylai
2506 881 2508 1035 ἶ

382 1024 648 1113 gravior
721 1045 917 1109 quam
981 1023 1154 1107 apud
1219 1021 1387 1087 alios
1451 1021 1771 1088 falsarum
1836 1026 1903 1087 et
1965 1026 2437 1107 corruptarum

379 1116 769 1179 litterarum.
861 1109 931 1177 Si
977 1132 1163 1176 veras
1211 1110 1663 1196 protulissent,
1709 1110 1999 1177 criminis
2044 1110 2216 1175 nihil
2268 1113 2435 1193 erat,
2460 1124 2505 1163 1⁰

383 1202 442 1267 si
494 1200 729 1285 falsas,
793 1203 935 1264 erat
998 1221 1228 1284 poena.
1328 1197 1776 1264 Bellissimum
1835 1203 2152 1283 putarunt
2215 1199 2435 1264 dicere
2509 1231 2510 1275 1

383 1290 678 1355 amissas.
750 1284 1105 1363 Quiescant
1148 1288 1357 1373 igitur
1403 1291 1470 1351 et
1513 1310 1620 1353 me
1664 1287 1791 1352 hoc
1836 1289 1909 1353 in
1951 1290 2131 1354 lucro
2181 1308 2436 1373 ponere

384 1381 582 1462 atque
644 1376 824 1441 aliud
883 1396 1077 1461 agere
1133 1376 1487 1461 patiantur.
1589 1374 1745 1440 Non
1802 1377 2041 1441 sinunt.
2144 1373 2437 1462 Supplet

385 1466 559 1531 enim
596 1465 724 1530 iste
759 1465 979 1529 nescio
1019 1466 1131 1549 qui
1169 1468 1237 1529 et
1274 1463 1588 1549 privatim
1625 1463 1785 1529 dicit
1822 1486 1893 1529 se
1932 1464 2210 1531 dedisse.
2290 1465 2435 1529 Hoc

385 1576 536 1621 vero
585 1554 741 1618 ferri
785 1553 966 1618 nullo
1014 1552 1207 1618 modo
1255 1555 1495 1637 potest.
1569 1550 1694 1627 Qui
1740 1552 1819 1617 de
1854 1552 2102 1618 tabulis
2140 1553 2430 1638 publicis
2458 1564 2512 1605 1⁵-

384 1644 620 1709 recitat
662 1640 765 1727 iis,
815 1662 978 1728 quae
1025 1643 1098 1706 in
1141 1640 1538 1706 accusatoris
1584 1644 1916 1725 potestate
1961 1640 2250 1726 fuerunt,
2299 1662 2433 1706 non

386 1731 580 1797 debet
633 1730 875 1795 habere
935 1729 1424 1812 auctoritatem3
1484 1729 1595 1793 sed
1652 1732 1873 1794 tamen
1930 1729 2245 1795 iudicium
2292 1729 2434 1793 fieri

385 1820 668 1903 videtur,
740 1840 888 1883 cum
960 1818 1228 1883 tabulae
1301 1817 1454 1883 illae
1518 1817 1727 1901 ipsae,
1806 1817 2196 1883 cuicuimodi
2266 1821 2435 1899 sunt,

386 1907 822 1995 proferuntur.
905 1903 1072 1972 Cum
1117 1928 1272 1972 vero
1320 1906 1397 1988 is,
1446 1927 1639 1991 quem
1682 1927 1874 1972 nemo
1922 1911 2218 1973 vestrum
2267 1906 2435 1972 vidit

388 2018 729 2080 umquam,
779 2016 1001 2078 nem0,
1056 1995 1168 2080 qui
1223 1995 1526 2060 mortalis
1586 1999 1784 2079 esset,
1840 1995 2114 2079 audivit,
2168 1999 2433 2061 tantum
2464 2019 2504 2059 20

390 2085 573 2150 dicit:
629 2082 905 2168 ‘Dedi',
951 2083 1369 2168 dubitabitis,
1421 2083 1691 2167 iudiceS,
1741 2084 1899 2167 quin
1944 2084 2027 2149 ab
2073 2084 2203 2150 hoc
2248 2086 2431 2169 igno-

388 2174 645 2239 tissimo
685 2171 949 2258 Phryge
984 2171 1472 2236 nobilissimum
1508 2171 1717 2238 civem
1753 2172 2137 2238 vindicetis?
2212 2173 2431 2257 Atque

389 2261 543 2327 huic
616 2260 827 2326 eidem
896 2282 1104 2345 nuper
1172 2263 1307 2325 tres
1374 2261 1627 2345 equites
1692 2260 1971 2326 Romani
2034 2261 2304 2326 honesti
2368 2263 2431 2325 et

393 2370 625 2436 graves
636 2400 654 2432 ,
708 2369 858 2413 cum
909 2347 980 2413 in
1033 2370 1234 2414 causa
1288 2348 1549 2414 liberali
1603 2371 1749 2414 eum
1759 2399 1779 2430 ,
1838 2351 1949 2434 qui
1998 2351 2429 2428 asserebatur,

392 2441 745 2521 cognatum
809 2458 998 2501 suum
1053 2458 1197 2502 esse
1253 2436 1521 2520 diceret,
1582 2458 1718 2502 non
1772 2438 2199 2504 crediderunt.
2306 2436 2425 2512 Qui
2450 2449 2491 2489 ἢ

390 2526 518 2590 hoc
563 2525 797 2609 evenit,
842 2529 935 2608 ut,
981 2525 1094 2608 qui
1138 2525 1428 2610 locuples
1464 2525 1656 2590 testis
1695 2526 1941 2592 doloris
1977 2531 2047 2591 et
2090 2526 2425 2612 sanguinis

394 2613 496 2678 sui
530 2634 665 2677 non
689 2612 905 2695 fuerit,
939 2613 1114 2678 idem
1153 2613 1240 2677 sit
1279 2613 1497 2700 gravis
1526 2617 1753 2680 auctor
1780 2614 2055 2680 iniuriae
2083 2614 2425 2701 publicae?

396 2700 615 2785 Atque
678 2700 788 2765 hic
841 2699 1225 2784 Dorylensis
1290 2723 1498 2786 nuper
1550 2723 1699 2767 cum
1754 2702 2133 2789 ecferretur,
2188 2723 2425 2788 magna

393 2788 766 2874 frequentia
820 2810 1258 2875 consessuque
1312 2795 1532 2856 vestro
1588 2791 1819 2857 mortis
1879 2792 2059 2858 illius
2114 2792 2427 2858 invidiam

395 2877 468 2942 in
501 2875 574 2942 L.
601 2875 904 2943 Flaccum
939 2876 1201 2943 Laelius
1240 2878 1635 2946 conferebat.
1698 2878 1887 2946 Facis
1923 2881 2183 2966 iniuste,
2229 2877 2424 2960 Laeli,
2448 2889 2494 2930 ³⁰

399 2964 457 3030 si
520 2968 714 3050 putas
776 2970 1005 3032 nostro
1070 2966 1362 3052 periculo
1426 2967 1641 3032 vivere
1706 2971 1855 3034 tuos
1915 2969 2423 3048 contubernales,

398 3052 785 3140 praesertim
851 3076 997 3119 cum
1065 3059 1180 3120 tua
1241 3055 1657 3141 neglegentia
1718 3055 1967 3122 factum
2022 3057 2423 3122 arbitremur.

398 3141 672 3207 Homini
718 3141 892 3208 enim
926 3142 1198 3228 Phrygi,
1247 3145 1358 3228 qui
1407 3143 1707 3211 arborem
1751 3167 2112 3231 numquam
2148 3146 2423 3218 vidisset,

399 3230 695 3296 fiscinam
749 3230 1023 3296 ficorum
1078 3231 1394 3298 obiecisti.
1486 3230 1685 3298 Cuius
1742 3255 1919 3300 mors
1976 3237 2043 3298 te
2101 3233 2319 3320 aliqua
2360 3251 2424 3296 re

401 3317 672 3402 levavit3
733 3320 994 3384 edacem
1041 3318 1214 3384 enim
1259 3320 1593 3406 hospitem
1639 3322 1949 3408 amisisti3
2000 3321 2233 3390 Flacco
2278 3339 2419 3386 vero
2444 3327 2487 3371 ³⁵

404 3405 559 3488 quid
612 3407 904 3492 profuit?
963 3407 1074 3492 qui
1118 3408 1327 3472 valuit
1371 3412 1511 3474 tam
1557 3408 1695 3494 diu,
1755 3410 1910 3477 dum
1954 3411 2085 3477 huc
2128 3409 2423 3497 prodiret,

404 3497 701 3560 mortuus
760 3499 861 3560 est
917 3495 1142 3561 aculeo
1201 3495 1335 3561 iam
1392 3497 1631 3564 emisso
1690 3521 1765 3566 ac
1819 3500 1993 3567 dicto
2038 3497 2423 3566 testimonio.
