2534 3875
790 948 885 1021 M.
943 946 1229 1020 TULLI
1284 946 1783 1022 CICERONIS

553 1112 885 1196 PRO
995 1112 1089 1195 A.
1193 1108 2026 1197 CAECINA

968 1268 1607 1353 ORATIO.

987 1563 1578 1625 ARGUMENTUM.

416 1681 490 1737 M.
529 1680 842 1747 Fulcinius,
879 1680 1170 1750 municeps
1206 1678 1655 1748 Tarquiniensis,
1698 1678 1980 1735 habuerat
2014 1679 2074 1733 in
2109 1680 2304 1735 matri-

273 1752 463 1809 monio
499 1750 883 1807 Caesenniam.
957 1750 1026 1805 Ei
1063 1750 1300 1805 fundum
1335 1751 1396 1804 in
1433 1768 1572 1820 agro
1600 1750 1995 1831 Tarquiniensi
2033 1750 2305 1805 vendide-

272 1826 379 1950 ἔζῗξῖ
416 1822 1222 1974 'inffinfflffissffiffiss
1230 1837 1385 1963 132?
1425 1820 2310 1975 ξῗὲᾑῶἒέκῗῖιᾱέἓὲἒὲἓὲἷῗὲ

274 1965 552 2035 quaedam
587 1964 822 2035 praedia
869 1965 1038 2032 atque
1075 1963 1346 2018 adiuncta
1382 1966 1610 2019 emerat.
1683 1962 1889 2018 Filium
1923 1979 1956 2018 e
1994 1961 2311 2019 Caesennia

273 2037 600 2106 susceperat
643 2035 945 2089 Fulcinius.
1028 2035 1172 2088 Eum
1207 2035 1455 2089 moriens
1500 2035 1843 2090 testamento
1889 2034 2104 2090 fecerat
2146 2032 2308 2089 here-

272 2107 426 2174 dem,
473 2123 638 2160 usum
684 2108 742 2160 et
775 2105 1019 2159 fructum
1067 2106 1317 2159 omnium
1362 2105 1638 2159 bonorum
1675 2122 1903 2160 suorum
1949 2103 2113 2160 uxori
2149 2106 2305 2174 lega-

273 2179 449 2244 verat,
487 2179 554 2231 ut
587 2175 867 2231 frueretur
904 2191 1018 2230 una
1054 2191 1182 2230 cum
1208 2174 1344 2230 filio.
1418 2175 1587 2231 Brevi
1613 2179 1867 2246 tempore
1946 2178 2037 2231 ost
2071 2175 2146 2231 Μ.
2175 2174 2307 2230 Ful-

272 2247 453 2302 cinius
473 2246 802 2302 adulescens
831 2249 1083 2302 mortuus
1112 2249 1259 2313 erat;
1287 2245 1555 2300 heredem
1582 2246 1797 2302 fecerat
1821 2246 1881 2301 P.
1952 2247 2307 2313 sesennium3

273 2319 433 2373 uxori
469 2318 684 2386 grande
722 2316 944 2387 pondus
982 2317 1206 2385 argenti
1242 2316 1523 2385 matrique
1559 2321 1781 2387 partem
1816 2316 2091 2371 maiorem
2126 2315 2306 2372 bono·

274 2405 399 2442 rum
426 2388 733 2457 legaverat.
789 2386 928 2442 Cum
948 2389 1100 2442 esset
1126 2386 1318 2442 auctio
1346 2386 1688 2442 hereditas-ia
1714 2388 1997 2454 instituta,
2026 2389 2311 2443 statuerat

274 2457 584 2513 Caesennia
621 2459 692 2512 de
730 2458 1040 2513 amicorum
1075 2458 1359 2512 sententia
1386 2473 1571 2513 emere
1598 2457 1837 2512 fundum
1870 2459 2033 2512 illum
2059 2457 2307 2514 Fulcini-

275 2545 461 2594 anum,
491 2528 590 2596 qui
616 2528 790 2584 fundo
821 2544 923 2583 suo
952 2527 1185 2596 antiquo
1216 2528 1511 2583 continens
1540 2530 1704 2585 esset.
1769 2528 2080 2598 Negotium
2108 2529 2309 2584 datum

275 2602 399 2654 erat
425 2599 688 2666 Aebutio,
725 2599 822 2668 qui
860 2599 981 2654 eius
1008 2599 1242 2668 negotia
1277 2599 1671 2654 administrare
1700 2602 2015 2656 consuerat.
2080 2598 2150 2654 Ei
2184 2607 2309 2656 erat

273 2667 506 2736 fundus,
545 2684 713 2738 quem
749 2670 1025 2725 mandatu
1061 2669 1400 2724 Caesenniae
1438 2669 1731 2725 dicebatur
1767 2671 1987 2738 emisse,
2026 2669 2305 2727 addictus.

272 2738 403 2793 Non
437 2740 523 2795 ita
555 2740 736 2795 multo
773 2739 906 2809 post
941 2739 1253 2795 Caesennia
1288 2740 1353 2794 A.
1395 2741 1669 2796 Caecinae
1698 2739 2068 2796 Volaterrano
2106 2757 2306 2812 nupse-

273 2811 367 2865 rat
410 2825 648 2877 eumque
695 2811 939 2866 moriens
984 2812 1328 2865 testamento
1374 2811 1642 2866 heredem
1685 2811 1900 2867 fecerat
1945 2826 2015 2866 ex
2057 2814 2307 2867 maxima

272 2881 434 2950 parte
461 2880 754 2948 bonorum,
793 2897 862 2935 ex
896 2881 1131 2935 minima
1165 2884 1329 2951 parte
1366 2880 1440 2938 Μ.
1469 2881 1801 2949 Fulcinium,
1838 2882 2105 2937 libertum
2141 2898 2305 2952 supe·

272 2950 437 3006 rioris
473 2950 606 3018 viri,
645 2968 712 3006 ex
747 2952 962 3007 minore
1000 2952 1172 3005 etiam
1209 2952 1528 3008 Aebutium.
1616 2953 1891 3008 Aebutius
1928 2952 2172 3023 primum
2207 2969 2305 3008 ne·

272 3025 510 3090 gaverat
557 3023 622 3076 A.
672 3020 970 3078 Caecinam
1019 3020 1286 3077 heredem
1336 3039 1459 3078 esse
1511 3040 1701 3092 posse,
1754 3023 1904 3092 quod
1956 3039 1993 3077 a
2036 3021 2095 3078 L.
2148 3023 2299 3080 Sulls

272 3091 662 3146 Volaterranis
708 3093 913 3147 civitas
960 3094 1111 3147 esset
1156 3092 1448 3164 adempta,
1494 3097 1616 3148 tum
1664 3110 1792 3148 eum
1826 3093 2088 3163 fundum,
2137 3110 2305 3162 quem

273 3163 618 3217 Caesenniae
654 3163 928 3217 mandatu
964 3163 1260 3219 dicebatur
1296 3164 1525 3230 emisse,
1573 3181 1733 3218 suum
1770 3180 1893 3220 esse
1936 3165 2304 3220 contenderat

274 3248 506 3302 seseque
544 3233 655 3287 sibi
692 3234 908 3289 emisse.
983 3234 1066 3288 De
1103 3233 1211 3289 hoc
1248 3233 1426 3303 igitur
1470 3233 1643 3290 fundo
1681 3251 1809 3290 cum
1848 3233 2025 3290 vellet
2058 3239 2123 3290 A.
2164 3235 2303 3291 Cae-

275 3304 402 3358 cina.
437 3305 687 3359 moribus
725 3304 954 3371 deduci,
1001 3307 1068 3358 ut
1103 3305 1160 3358 vi
1197 3307 1313 3360 ista
1346 3305 1634 3360 cotidiana
1679 3305 1836 3360 facta
1870 3305 2233 3360 interdictum
2262 3323 2306 3361 a

270 3377 531 3456 praetore
566 3377 871 3445 impetrare
899 3378 1110 3459 posset,
1147 3375 1362 3458 factum
1390 3378 1494 3458 est,
1529 3378 1597 3457 ut
1633 3392 1786 3444 eum,
1825 3393 1952 3430 cum
1979 3376 2296 3458 inofundum

271 3445 748 3584 ffiffssmiffia
784 3446 1096 3572 51⁰3?ssssss
1113 3447 2302 3587 ¹:12¹}..lisgzfifflssssffl1333000¹z²3tn¹³2⁸m1⁵ss
