2534 3875
709 223 720 236 ἱ
766 148 917 204 GAP.
960 157 1166 206 10-12
1205 157 1236 217 ς
1274 157 1500 208 25—30.
2015 156 2147 222 259

121 315 196 357 re
263 292 530 378 publica
600 293 1000 378 perniciosos
1063 294 1235 360 cives
1299 300 1511 361 morte
1574 299 1951 365 multarunt.
2040 303 2150 366 An

121 383 333 466 leges,
390 402 555 465 quae
609 381 686 446 de
734 381 967 447 civium
1016 382 1462 450 Romanorum
1510 386 1829 471 supplicio
1874 393 2145 474 rogatae

121 470 327 535 sunt?
417 469 511 534 At
562 490 918 554 numquam
972 469 1042 535 in
1094 470 1218 537 hac
1272 472 1457 556 urbe,
1514 473 1625 557 qui
1685 497 1727 540 a
1770 497 1839 540 re
1885 477 2149 561 publica

117 558 528 642 defecerunt,
584 556 820 624 civium
876 559 1020 624 iura
1071 564 1435 625 tenuerunt.
1518 563 1627 626 An
1680 562 1993 630 invidiam
2036 587 2147 651 po-

55 663 84 704 5
116 646 450 712 steritatis
511 645 748 712 times?
848 646 1258 713 Praeclaram
1324 670 1477 714 vero
1540 651 1785 736 populo
1851 652 2145 719 Romano

113 735 333 800 refers
398 734 707 821 gratiam,
773 734 885 819 qui
946 739 1043 819 te,
1104 736 1434 802 hominem
1495 759 1613 823 per
1668 742 1737 804 te
1796 741 2148 825 cognitum,

109 825 313 890 nulla
339 822 896 888 commendatione
924 824 1244 889 maiorum
1272 829 1407 889 tam
1438 830 1693 892 mature
1722 828 1805 893 ad
1823 849 2147 894 summum

107 911 472 998 imperium
508 932 624 997 per
659 910 868 976 omnis
895 912 1215 978 honorum
1242 913 1481 998 gradus
1512 916 1761 998 extulit,
1797 916 1855 981 si
1880 921 2149 1002 propter

107 999 438 1066 invidiam
492 1005 607 1065 aut
661 1000 933 1066 alicuius
977 1000 1249 1086 periculi
1294 1005 1541 1068 metum
1586 1004 1866 1069 salutem
1911 1006 2145 1072 civium

49 1109 78 1148 o
105 1096 393 1154 tuorum
438 1088 754 1175 neglegis.
819 1086 962 1173 Sed,
1009 1090 1067 1154 si
1104 1090 1249 1173 quis
1290 1093 1389 1154 est
1424 1090 1701 1156 invidiae
1738 1096 1971 1172 metus,
2014 1116 2145 1159 non
2182 1111 2250 1160 29

107 1183 226 1244 est
263 1178 710 1243 vehementius
747 1177 1116 1243 severitatis
1145 1199 1220 1242 ac
1247 1177 1653 1244 fortitudinis
1679 1180 1924 1248 invidia
1952 1205 2147 1267 quam

103 1265 402 1332 inertiae
463 1288 536 1331 ac
587 1264 917 1348 nequitiae
969 1265 1499 1351 pertimescenda.
1588 1269 1724 1352 An,
1779 1291 1927 1335 cum
1970 1271 2144 1336 bello

101 1355 496 1422 vastabitur
547 1353 772 1437 Italia,
834 1356 1238 1420 vexabuntur
1293 1355 1514 1435 urbeS,
1578 1359 1753 1422 tecta
1812 1358 2147 1442 ardebunt,

101 1451 266 1510 tum
293 1446 366 1508 te
391 1465 525 1508 non
542 1445 892 1508 existumas
911 1442 1188 1510 invidiae
1207 1443 1503 1509 incendio
1525 1444 2144 1531 conflagraturumP’

49 1551 70 1592 5
101 1533 250 1598 His
315 1553 438 1617 ego
495 1530 922 1597 sanctissimis
977 1531 1072 1596 rei
1124 1530 1423 1616 publicae
1480 1531 1743 1598 vocibus
1800 1538 1867 1598 et
1922 1557 2145 1600 eorum
2167 1537 2253 1602 12

98 1619 487 1703 hominum,
533 1619 644 1704 qui
688 1618 810 1683 hoc
854 1619 1026 1684 idem
1073 1619 1377 1702 sentiunt,
1424 1621 1750 1686 mentibus
1795 1644 2003 1707 pauca
2045 1645 2145 1687 re-

101 1708 482 1796 spondebo.
545 1707 690 1792 Ego
731 1708 786 1771 si
813 1707 936 1773 hoc
965 1707 1286 1793 optimum
1312 1707 1492 1772 factu
1520 1708 1887 1794 iudicarem,
1924 1715 2145 1794 patres

100 1795 507 1881 conscripti,
571 1794 931 1862 Catilinam
985 1800 1196 1862 morte
1265 1796 1556 1879 multari,
1616 1797 1809 1862 unius
1881 1819 2149 1864 usuram

98 1891 330 1953 horae
361 1884 710 1971 gladiatori
737 1884 850 1950 isti
879 1884 960 1951 ad
977 1883 1321 1951 vivendum
1338 1904 1472 1950 non
1492 1885 1828 1953 dedissem.
1862 1885 2147 1973 Etenim,

49 1997 64 2035 ›
97 1978 168 2043 si
229 1973 476 2039 summi
512 1973 636 2039 viri
674 1977 740 2038 et
775 1974 1124 2039 clarissimi
1158 1972 1327 2040 cives
1356 1972 1689 2039 Saturnini
1726 1978 1793 2039 et
1829 1974 2147 2041 Graccho-

93 2086 274 2131 rum
341 2065 408 2127 et
459 2060 676 2128 Flacci
739 2065 807 2126 et
867 2061 1274 2147 superiorum
1338 2062 1769 2146 complurium
1832 2066 2147 2150 sanguine

91 2174 258 2219 non
303 2149 498 2215 modo
545 2172 614 2215 se
658 2172 792 2216 non
837 2151 1384 2233 contaminarunt,
1442 2149 1555 2215 sed
1601 2151 1802 2216 etiam
1846 2151 2145 2217 honesta-

91 2243 308 2321 runt,
371 2241 544 2303 certe
602 2239 948 2304 verendum
1009 2238 1174 2303 mihi
1233 2260 1369 2303 non
1434 2242 1601 2321 erat,
1663 2261 1745 2303 ne
1814 2240 1969 2324 quid
2021 2241 2145 2307 hoc

89 2326 454 2419 parricida
499 2326 733 2392 civium
779 2326 1122 2393 interfecto
1167 2326 1450 2392 invidiae
1500 2326 1715 2407 [mihi]
1764 2327 1833 2392 in
1873 2328 2145 2414 posteri-

49 2458 54 2473 ·
89 2422 334 2485 tatem
373 2415 776 2481 redundaret.
839 2414 1082 2491 Quodsi
1119 2438 1196 2481 ea
1232 2414 1395 2479 mihi
1432 2415 1710 2479 maxime
1746 2414 2142 2498 inpenderet,

86 2514 353 2574 tamen
395 2503 518 2569 hoc
565 2504 782 2570 animo
818 2503 916 2569 fui
951 2526 1223 2589 semper,
1267 2507 1343 2567 ut
1378 2502 1688 2569 invidiam
1725 2504 1967 2570 virtute
2000 2528 2143 2591 par-

85 2602 264 2663 tam
313 2592 615 2678 gloriam,
658 2615 791 2658 non
834 2592 1144 2657 invidiam
1179 2595 1499 2676 putarem.
1572 2591 1977 2677 Quamquam
2012 2616 2145 2659 non
2181 2612 2250 2660 30

79 2682 292 2752 nulli
342 2684 494 2745 sunt
538 2682 610 2745 in
652 2681 776 2747 hoc
822 2681 1070 2764 ordine,
1117 2681 1228 2765 qui
1274 2684 1388 2745 aut
1434 2702 1537 2763 ea,
1598 2702 1761 2765 quae
1806 2682 2145 2767 inminent,

81 2794 254 2840 non
296 2768 562 2835 videant
601 2774 714 2833 aut
749 2792 842 2848 ea,
879 2792 1044 2854 quae
1071 2770 1311 2851 vident,
1348 2768 1783 2853 dissimulent3
1823 2770 1933 2854 qui
1960 2792 2144 2854 spem

81 2857 454 2929 Catilinae
482 2858 792 2923 mollibus
821 2857 1160 2923 sententiis
1189 2858 1489 2923 aluerunt
1508 2857 2145 2945 coniurationemque

75 2950 504 3019 nascentem
582 2968 714 3011 non
794 2946 1106 3011 credendo
1179 2945 1787 3027 corroboraverunt3
1870 2968 2144 3031 quorum

75 3034 519 3108 auctoritate
591 3035 784 3099 multi
845 3057 978 3099 non
1033 3036 1241 3099 solum
1295 3034 1603 3119 improbi,
1666 3056 1891 3099 verum
1947 3035 2145 3099 etia'm

69 3123 410 3214 inperiti,
451 3123 509 3187 si
544 3122 614 3187 in
641 3124 812 3189 hunc
840 3122 1460 3206 animadvertissem,
1496 3122 1844 3188 crudeliter
1872 3126 1939 3187 et
1965 3122 2143 3207 regie

69 3220 374 3284 factum
421 3232 562 3297 esse
608 3212 914 3278 dicerent.
985 3210 1174 3277 Nunc
1218 3211 1551 3295 intellego,
1599 3210 1655 3275 si
1695 3211 1838 3293 iste,
1886 3230 2011 3293 quo
2050 3212 2145 3273 in-

69 3302 366 3383 tendit,
419 3300 488 3365 in
544 3299 874 3365 Manliana
929 3304 1144 3365 castra
1186 3299 1581 3385 pervenerit,
1635 3299 1961 3363 neminem
2004 3303 2145 3363 tam

67 3394 404 3463 stultum
435 3388 595 3472 fore,
635 3388 746 3473 qui
771 3410 906 3453 non
933 3389 1146 3452 videat
1176 3386 1686 3453 coniurationem
1716 3408 1856 3451 esse
1884 3386 2145 3471 factam,

63 3481 450 3552 neminem
485 3480 626 3542 tam
660 3477 1048 3562 improbum,
1084 3476 1191 3562 qui
1233 3499 1365 3541 non
1390 3474 1691 3539 fateatur.
1756 3473 1899 3539 Hoc
1928 3478 2145 3540 autem

1722 3578 1829 3632 17*
