2534 3875
873 847 970 921 M.
1027 847 1317 920 TULLI
1372 848 1871 921 CICERONJS

358 1008 776 1112 οΒΑΤΙο,
844 1009 1067 1097 CUM
1130 1011 1540 1097 Porum
1606 988 2061 1097 GRATIAS
2117 1012 2395 1097 serr.

579 1288 1156 1350 ARGUMENTUM
1201 1290 1547 1351 VETERIS
1594 1292 1707 1350 EN
1712 1289 2169 1351 ARRATORIS

465 1395 577 1455 AB
621 1394 953 1457 ANGELO
1002 1394 1206 1456 MAIO
1253 1396 1574 1457 EDITUM
1620 1398 1727 1455 ΕΤ
1774 1396 2280 1457 SUPPLETUM.

502 1511 914 1581 Argumentum
947 1511 1116 1565 huius
1152 1512 1427 1567 orationis
1464 1512 1761 1567 Tullianae
1799 1529 2032 1581 prorsus
2070 1528 2199 1566 cum
2230 1528 2392 1582 supe-

360 1581 509 1637 riore
546 1598 841 1637 commune
879 1586 982 1637 est.
1045 1584 1365 1636 Restitutus
1403 1582 1478 1637 M.
1516 1583 1753 1650 Tullius,
1793 1583 1946 1652 quod
1984 1583 2229 1638 eandem
2268 1600 2394 1637 cau·

363 1668 482 1709 sam
511 1653 772 1709 beneficii
799 1652 1034 1707 videbat
1059 1653 1120 1707 in
1149 1670 1311 1707 suam
1340 1654 1681 1723 dignitatem
1708 1670 1885 1723 prope
1917 1656 2171 1709 omnium
2200 1655 2395 1709 favore

363 1722 576 1792 collati,
616 1741 743 1779 cum
772 1725 988 1804 gratias
1016 1725 1230 1792 egisset
1259 1726 1502 1791 senatui,
1540 1725 1715 1779 etiam
1743 1725 1955 1795 populo
1985 1728 2397 1793 consequenter

363 1795 613 1865 agendas
667 1795 977 1849 arbitratus
1032 1794 1094 1847 in
1149 1794 1470 1849 contionem
1525 1798 1801 1864 processit
1847 1798 1906 1849 et
1951 1796 2151 1850 eadem
2197 1812 2396 1866 paene,

363 1882 507 1935 quae
572 1865 723 1935 apud
787 1868 978 1934 patres
1034 1866 1383 1937 conscriptos
1442 1866 1683 1932 dixerat,
1750 1883 1899 1920 nunc
1954 1867 2128 1921 etiam
2182 1866 2394 1938 populo

365 1937 630 1992 audiente
675 1941 968 2007 percenset
1013 1938 1221 2006 magis,
1269 1941 1335 1992 ut
1371 1938 1594 2006 opinor,
1642 1937 1860 2008 gloriae
1900 1955 2036 1992 suae
2075 1939 2395 2004 consulem,

363 2011 430 2064 ut
475 2007 830 2062 existimetur
874 2009 1124 2062 omnium
1171 2009 1433 2063 ordinum
1484 2026 1759 2064 consensu
1796 2008 2087 2064 restitutus
2122 2025 2230 2063 nec
2275 2009 2397 2064 ulla

363 2096 495 2150 pars
542 2079 738 2150 populi
786 2078 860 2133 ab
898 2095 1001 2132 sua
1037 2079 1321 2147 dignitate
1358 2080 1713 2146 dissenserit,
1766 2097 1877 2148 quo
1914 2079 2186 2134 videlicet
2222 2079 2395 2136 hone-

365 2150 507 2205 stius
555 2151 834 2219 gloriatur
868 2149 1248 2204 necessarium
1288 2166 1347 2204 se
1385 2151 1630 2204 tuendae
1665 2151 1885 2218 patriae
1919 2150 2249 2205 iudicatum.
2324 2151 2397 2204 Et

364 2221 458 2275 hic
494 2220 671 2290 igitur
699 2220 1178 2275 demonstratione
1219 2221 1512 2289 qualitatis
1548 2223 1751 2290 implet
1778 2220 2198 2276 exsecutionem
2229 2221 2395 2276 simul

366 2293 426 2347 et
470 2291 746 2346 beneficia
790 2307 1236 2346 commemorans
1284 2293 1345 2346 et
1390 2293 1508 2346 vim
1554 2294 1816 2360 querelae
1852 2293 1913 2346 in
1948 2292 2225 2348 invidiam
2264 2309 2391 2348 con-

365 2361 550 2417 ferens
595 2361 975 2429 inimicorum,
1022 2363 1156 2431 quia
1200 2362 1321 2417 sive
1371 2365 1627 2417 auctores
1673 2362 1901 2418 fuerant
1935 2363 2237 2418 exsulandi
2275 2363 2391 2418 sive

367 2434 502 2502 quia
536 2431 634 2487 diu
669 2432 1003 2488 facultatem
1039 2449 1156 2488 non
1189 2433 1565 2502 permiserant
1600 2433 1937 2488 revertendi.

293 2716 327 2778 1
500 2714 683 2792 Quod
736 2721 1036 2801 precatus
1093 2741 1133 2782 a
1178 2718 1334 2782 Iove
1390 2719 1639 2802 optimo
1697 2719 1978 2784 maximo
2034 2719 2391 2805 ceterisque

299 2793 328 2840 ¹
368 2805 467 2870 dis
512 2805 996 2870 immortalibus
1045 2828 1214 2884 sum,
1261 2804 1567 2890 Quirites,
1617 2829 1692 2872 eo
1739 2811 2049 2893 tempore,
2097 2829 2247 2872 cum
2295 2831 2391 2874 me

365 2893 788 2978 fortunasque
849 2916 1027 2958 meas
1081 2916 1199 2979 pro
1255 2899 1476 2959 vestra
1531 2895 2008 2980 incolumitate,
2063 2896 2201 2961 otio
2251 2919 2391 2963 con·

369 2981 711 3067 cordiaque
749 2981 996 3064 devovi,
1032 2987 1125 3067 ut,
1165 2983 1220 3046 si
1257 3005 1436 3047 meas
1474 2985 1757 3049 rationes
1796 3006 2104 3069 umquam
2138 2989 2390 3050 vestrae

369 3070 567 3134 saluti
613 3070 1144 3155 anteposuissem,
1191 3072 1654 3156 sempiternam
1692 3094 1969 3157 poenam
2007 3073 2428 3139 sustinerem⁵

369 3179 514 3222 mea
559 3159 896 3223 voluntate
945 3163 1330 3243 susceptam,
1378 3161 1479 3224 sin
1525 3164 1592 3224 et
1638 3182 1731 3245 ea,
1779 3183 1943 3245 quae
1989 3164 2140 3225 ante
2179 3183 2393 3247 gesse-

368 3269 536 3328 ram,
596 3247 1072 3311 conservandae
1126 3247 1413 3312 civitatis
1461 3269 1657 3313 causa
1702 3250 2046 3334 gessissem
2098 3253 2165 3314 et
2211 3251 2392 3314 illam

369 3333 672 3398 miseram
745 3334 1215 3418 profectionem
1281 3340 1536 3400 vestrae
1610 3338 1841 3402 salutis
1906 3338 2119 3423 gratia
2184 3360 2390 3404 susce-

369 3421 635 3502 pissem,
684 3424 784 3503 ut,
833 3423 1004 3505 quod
1051 3423 1267 3487 odium
1318 3424 1618 3488 scelerati
1663 3426 1958 3491 homines
2006 3430 2072 3490 et
2119 3426 2390 3492 audaces

369 3508 436 3569 in
491 3528 626 3570 rem
684 3509 1014 3592 publicam
1072 3514 1137 3574 et
1192 3511 1262 3574 in
1309 3533 1531 3576 omnes
1579 3512 1785 3579 bonos
1832 3518 2218 3598 conceptum
2264 3517 2391 3581 iam
2416 3529 2453 3570 1⁰
