2534 3875
355 128 485 194 388
933 125 1075 181 PRO
1115 127 1175 181 L.
1213 124 1489 182 FLACCO
1530 124 1817 181 ORATIO.

355 274 620 355 vestris,
685 272 1070 337 vastitatem
1127 294 1167 335 a
1221 270 1513 355 templis,
1576 270 1894 354 delubris,
1949 270 2138 353 urbe,
2192 269 2419 333 Italia

357 361 788 445 depellebam,
828 360 1192 445 sperabam,
1229 358 1489 440 iudices,
1525 358 1792 423 honoris
1821 358 2041 443 potius
2070 357 2142 422 L.
2170 356 2421 423 Flacci

359 472 462 514 me
501 449 867 514 adiutorem
894 447 1190 512 futurum
1219 468 1416 531 quam
1445 446 1859 511 miseria-rum
1887 446 2419 531 deprecatorem.

361 536 548 613 Quod
602 537 777 602 enim
831 538 1004 601 esset
1058 534 1419 619 praemium
1467 535 1837 621 dignitatis,
1894 535 2065 619 quod
2110 535 2413 619 populus

359 626 694 691 Romanus
734 646 882 690 cum
918 623 1110 688 huius
1147 623 1504 688 maioribus
1542 645 1799 707 semper
1836 622 2194 706 detulisset,
2238 622 2417 687 huic
2484 638 2513 677 ⁵

360 715 731 800 denegaret,
775 734 921 777 cum
967 711 1039 777 L.
1084 710 1357 775 Flaccus
1404 714 1689 776 veterem
1716 710 2021 776 Valeriae
2068 710 2290 796 gentis
2332 712 2421 774 in

358 803 698 867 liberanda
761 801 978 886 patria
1041 800 1300 864 laudem
1364 821 1568 884 prope
1633 798 2156 885 quingentesimo
2222 821 2415 864 anno

361 890 456 955 rei
509 890 810 975 upblicae
864 888 1279 953 rettulisset?
1370 886 1497 952 Sed
1552 888 1609 952 si
1662 886 1835 953 forte
1882 886 2231 971 aliquando
2281 891 2416 951 aut

362 978 658 1043 beneficii
727 976 923 1041 huius
995 977 1399 1041 obtrectator
1473 979 1587 1040 aut
1659 975 1926 1040 virtutis
1998 975 2212 1040 hostis
2280 980 2415 1039 aut

360 1067 570 1131 laudis
608 1064 864 1131 invidus
902 1064 1281 1142 exstitisset,
1319 1063 1775 1128 existimabam
1801 1063 1874 1129 L.
1900 1062 2134 1128 Flacco
2175 1064 2413 1128 multi·
2449 1080 2511 1119 10

362 1154 608 1218 tudinis
671 1152 891 1238 potius
956 1152 1298 1237 imperitae
1361 1152 1543 1217 nullo
1609 1155 1831 1217 tamen
1894 1174 2044 1217 cum
2102 1152 2409 1237 periculo

364 1264 561 1327 quam
616 1240 1248 1326 sapientissimorum
1297 1244 1365 1305 et
1409 1239 1916 1306 lectissimorum
1961 1242 2251 1305 virorum
2297 1240 2405 1303 iu-

367 1330 604 1395 dicium
663 1350 804 1394 esse
861 1328 1284 1393 subeundum.
1374 1327 1667 1413 Etenim,
1724 1328 1957 1412 quibus
2014 1328 2405 1393 auctoribus

365 1422 434 1483 et
490 1417 936 1482 defensoribus
991 1416 1280 1482 omnium
1336 1421 1477 1481 tum
1532 1417 1711 1481 salus
1758 1420 1935 1482 esset
1977 1438 2109 1482 non
2154 1416 2403 1481 civium

365 1506 607 1588 solum,
660 1527 883 1570 verum
927 1504 1128 1569 etiam
1175 1505 1469 1591 gentium
1518 1504 1782 1569 defensa
1828 1527 1903 1569 ac
1950 1509 2231 1588 retenta,
2284 1520 2498 1569 ne-15

367 1595 609 1659 minem
658 1615 967 1678 umquam
1012 1595 1240 1677 putavi
1286 1615 1401 1677 per
1439 1614 1550 1658 eos
1588 1592 1768 1677 ipsos
1804 1593 2163 1678 periculum
2201 1593 2401 1657 huius

364 1682 646 1749 fortunis
705 1686 900 1766 atque
943 1681 1214 1746 insidias
1272 1684 1655 1745 creaturum.
1750 1679 1997 1756 Quodsi
2050 1685 2223 1747 esset
2278 1682 2403 1745 ali-

368 1772 625 1857 quando
669 1769 982 1853 futurum,
1025 1773 1101 1834 ut
1147 1768 1382 1853 aliquis
1429 1769 1507 1833 de
1543 1768 1613 1835 L.
1640 1768 1856 1834 Flacci
1900 1771 2184 1851 pernicie
2226 1771 2402 1854 cogi·

367 1863 566 1943 taret,
628 1879 994 1960 numquam
1047 1860 1271 1923 tamen
1334 1857 1729 1942 existimavi,
1790 1857 2060 1943 iudices,
2114 1856 2190 1921 D.
2239 1856 2403 1921 Lae-

369 1948 548 2032 lium,
593 1947 829 2031 optimi
873 1947 997 2012 viri
1043 1946 1273 2031 filium,
1320 1946 1569 2030 optima
1612 1946 1825 2032 ipsum
1874 1968 1990 2031 spe
2026 1947 2399 2032 praeditum
2430 1963 2487 2003 20

368 2057 661 2102 summae
726 2034 1097 2120 dignitatis,
1168 2057 1314 2099 eam
1378 2038 1829 2119 suscepturum
1899 2034 2401 2118 accusationem,

369 2147 536 2210 quae
583 2124 1046 2188 sceleratorum
1093 2122 1328 2187 civium
1374 2123 1595 2207 potius
1643 2123 1791 2189 odio
1838 2127 1906 2188 et
1950 2123 2158 2189 furori
2200 2146 2399 2207 quam

368 2213 574 2296 ipsius
612 2211 842 2276 virtuti
879 2213 1074 2296 atque
1110 2211 1455 2276 institutae
1492 2211 1971 2276 adulescentiae
2007 2212 2399 2277 conveniret.

367 2301 649 2385 Etenim,
695 2320 841 2364 cum
889 2322 929 2364 a
971 2299 1355 2364 clarissimis
1391 2299 1550 2364 viris
1587 2299 1981 2364 iustissimas
2017 2299 2397 2365 inimicitias

370 2411 563 2473 saepe
627 2410 776 2453 cum
838 2387 1003 2451 bene
1068 2388 1319 2452 meritis
1385 2387 1635 2452 civibus
1701 2387 2031 2472 depositas
2097 2408 2239 2452 esse
2302 2388 2396 2452 vi·
2424 2403 2474 2443 2⁵

370 2477 638 2560 dissem,
698 2497 832 2541 non
897 2497 1044 2539 sum
1107 2475 1468 2539 arbitratus
1524 2497 1913 2561 quemquam
1969 2476 2247 2541 amicum
2302 2476 2396 2540 rei

370 2564 686 2650 publicae,
731 2566 1164 2648 posteaquam
1208 2562 1282 2627 L.
1318 2563 1540 2628 Flacci
1586 2586 1769 2630 amor
1814 2564 1885 2628 in
1929 2565 2213 2649 patriam
2257 2585 2397 2649 per·

373 2655 630 2736 spectus
677 2655 869 2735 esset,
914 2672 1116 2716 novas
1161 2651 1315 2716 huic
1359 2651 1732 2717 inimicitias
1778 2653 1961 2717 nulla
2006 2655 2271 2735 accepta
2305 2653 2398 2716 in·

372 2740 540 2804 iuria
580 2738 1122 2804 denuntiaturum.
1188 2738 1317 2804 Sed
1353 2740 1676 2825 quoniam,
1722 2740 1985 2824 iudiceS,
2029 2740 2242 2805 multa
2275 2762 2397 2806 nos

373 2832 442 2893 et
473 2827 545 2893 in
577 2828 824 2893 nostris
861 2827 1054 2892 rebus
1091 2831 1160 2891 et
1193 2827 1263 2891 in
1299 2849 1370 2892 re
1407 2828 1669 2913 publica
1694 2827 2088 2912 fefellerunt,
2123 2827 2391 2894 ferimus
2420 2845 2470 2884 ³⁰

373 2939 477 3001 ea,
532 2938 696 3002 quae
753 2919 908 2980 sunt
959 2915 1253 2998 ferenda3
1309 2920 1566 2981 tantum
1624 2939 1664 2981 a
1719 2916 1907 2982 vobis
1961 2916 2274 3001 pet-imus,
2325 2921 2398 2981 ut

374 3005 593 3070 omnia
645 3004 742 3068 rei
795 3003 1096 3089 publicae
1151 3004 1468 3087 subsidia,
1523 3007 1739 3069 totum
1795 3009 2043 3069 statum
2096 3004 2396 3089 civitatis,

375 3114 637 3158 omnem
683 3092 1068 3158 memoriam
1113 3095 1485 3176 temporum
1532 3092 2063 3177 praeteritorum,
2118 3093 2396 3158 salutem

374 3181 843 3266 praesentium,
917 3201 1098 3263 spem
1174 3181 1575 3264 reliquorum
1638 3181 1708 3244 in
1770 3184 1991 3246 vestra
2054 3184 2395 3265 potestate,

374 3269 445 3332 in
488 3268 724 3333 vestris
773 3268 1140 3351 sententiiS,
1185 3269 1255 3332 in
1302 3269 1426 3334 hoc
1473 3291 1601 3333 uno
1647 3268 1885 3334 iudicio
1931 3270 2214 3353 positam
2259 3291 2394 3334 esse
2419 3285 2467 3326 ³⁵

377 3359 444 3420 et
491 3356 766 3420 defixam
814 3356 1078 3441 putetis
1145 3353 1216 3421 Si
1252 3379 1560 3441 umquam
1600 3377 1704 3421 res
1741 3357 2007 3440 publica
2042 3357 2393 3442 consilium,

377 3444 800 3528 gravitatem,
865 3444 1255 3530 sapientiam
1306 3447 1360 3528 [,
1379 3444 1887 3531 providentiam]
1951 3445 2233 3512 iudicum
2282 3446 2394 3510 im·
