2534 3875
766 181 919 236 CAP.
958 187 1097 236 5-7
1136 187 1167 247 ξ
1207 187 1433 237 14—19.
2030 181 2119 244 43

80 325 489 392 Caesenniae
536 325 691 391 dare
738 348 1002 410 operam
1047 347 1239 390 nemo
1295 324 1672 408 miraretur,
1731 324 1860 390 sibi
1912 345 2125 389 emere

80 437 277 480 nemo
333 418 561 500 posset
615 415 951 500 suspicari.
1041 413 1185 480 Hac
1240 413 1568 498 emptione
1621 413 1800 478 facta
1852 413 2126 498 pecunia
2164 429 2225 476 1⁰2

82 502 369 568 solvitur
431 525 472 566 a
530 500 917 586 Caesennia3
976 502 1155 568 euius
1215 501 1312 566 rei
1369 504 1563 586 putat
1619 501 1747 568 iste
1805 499 2124 566 rationem

84 590 272 654 reddi
306 611 442 656 non
477 612 689 676 posse,
726 589 899 676 quod
932 590 1077 674 ipse
1113 589 1378 654 tabulas
1419 589 1760 672 averterit3
1798 609 1868 653 se
1905 591 2125 654 autem

48 711 51 726 ·
86 679 331 742 habere
380 680 734 762 argentarii
780 679 1068 762 tabulas,
1122 679 1191 743 in
1237 676 1473 762 quibus
1521 677 1648 742 sibi
1693 697 1976 759 expensa
2021 697 2125 758 pe·

88 766 285 830 cunia
328 765 469 830 lata
515 766 603 830 sit
648 771 1039 852 acceptaque
1085 768 1311 830 relata.
1384 763 1588 840 Quasi
1632 763 1700 829 id
1747 764 1939 830 aliter
1983 763 2126 828 fieri

87 853 476 938 oportuerit.
551 853 713 920 Cum
760 855 982 920 omnia
1016 856 1113 919 ita
1146 853 1326 919 facta
1361 858 1595 936 essent,
1640 873 1834 938 quem
1870 851 1954 918 ad
1991 873 2124 918 mo·

86 943 243 1006 dum
289 964 411 1008 nos
457 941 879 1026 defendimus,
924 940 1286 1008 Caesennia
1319 940 1594 1006 fundum
1629 939 1924 1026 possedit
1958 939 2126 1005 loca-

84 1029 341 1114 vitque3
385 1051 595 1114 neque
640 1030 737 1096 ita
780 1031 988 1095 multo
1036 1033 1188 1115 post
1232 1030 1315 1095 A.
1359 1027 1679 1095 Caecinae
1723 1027 1968 1114 nupsit.
2031 1025 2126 1093 Ut

48 1141 53 1162 ·
84 1119 158 1182 in
203 1140 415 1202 pauca
459 1117 816 1200 conferam,
870 1122 1267 1184 testamento
1315 1117 1492 1184 facto
1538 1116 1774 1182 mulier
1819 1116 2126 1198 moritur3

82 1205 250 1272 facit
302 1207 605 1272 heredem
664 1228 745 1272 ex
806 1205 1046 1272 deunce
1107 1211 1178 1270 et
1235 1205 1569 1271 semuncia
1615 1203 1989 1288 Caecinam,
2048 1225 2128 1268 ex

84 1294 342 1360 duabus
381 1293 653 1359 sextulis
688 1293 775 1360 M.
812 1293 1195 1378 Fulcinium,
1233 1293 1542 1358 libertum
1583 1292 1938 1378 superioris
1985 1290 2127 1374 viri,

82 1382 381 1448 Aebutio
425 1382 749 1448 sextulam
796 1384 1107 1468 aspergit.
1196 1381 1386 1447 Hanc
1431 1381 1756 1446 sextulam
1801 1381 1920 1445 illa
1965 1401 2127 1444 mer·

83 1471 315 1536 cedem
350 1469 465 1535 isti
492 1491 634 1536 esse
661 1471 873 1536 voluit
913 1469 1320 1536 assiduitatis
1349 1474 1417 1535 et
1441 1469 1800 1552 molestiae,
1837 1469 1890 1533 si
1931 1488 2128 1552 quam

48 1561 374 1641 ·ceperat.
462 1557 598 1624 Iste
658 1562 875 1624 autem
934 1558 1061 1622 hae
1120 1559 1373 1624 sextula
1430 1578 1500 1622 se
1559 1577 1790 1622 ansam
1849 1558 2129 1620 retinere

85 1646 387 1712 omnium
430 1646 1018 1712 controversiarum
1062 1649 1276 1731 putat.

222 1733 369 1800 Iam
414 1734 730 1821 principio
777 1755 973 1800 ausus
1022 1737 1123 1799 est
1168 1734 1378 1798 dicere
1424 1754 1557 1797 non
1594 1753 1786 1817 posse
1821 1730 2128 1796 heredem
2169 1709 2236 1835 {a

87 1845 235 1888 esse
276 1821 669 1888 Caesenniae
707 1821 1073 1906 Caecinam,
1119 1821 1293 1906 quod
1327 1821 1386 1886 is
1425 1820 1745 1885 deteriore
1781 1820 1921 1885 iure
1959 1823 2132 1884 esset

87 1933 295 1995 quam
348 1910 546 1977 ceteri
600 1910 773 1977 cives
830 1914 1101 1997 propter
1144 1908 1626 1975 incommodum
1671 1906 2131 1974 Volaterrano—

46 2016 236 2065 ’rum
303 2000 875 2085 calamitatemque
938 2000 1214 2065 civilem.
1303 1998 1534 2084 Itaque
1598 1997 1796 2063 homo
1859 1996 2129 2061 timidus

84 2086 563 2171 inperitusque,
608 2087 721 2174 qui
762 2109 973 2175 neque
1019 2088 1221 2152 animi
1264 2108 1476 2170 neque
1521 2085 1780 2151 consilii
1815 2086 1980 2151 satis
2015 2084 2130 2151 ha-

85 2176 299 2258 beret,
341 2197 476 2241 non
518 2176 779 2261 putavit
826 2198 967 2241 esse
1009 2175 1185 2240 tanti
1228 2174 1687 2258 hereditatem,
1732 2177 1809 2239 ut
1852 2173 1932 2239 de
1978 2172 2130 2238 civi-

86 2267 237 2329 tate
270 2262 345 2327 in
370 2262 641 2329 dubium
669 2264 943 2348 veniret3
981 2263 1322 2346 concessit,
1355 2262 1566 2345 credo,
1591 2260 1898 2346 Aebutio,
1935 2282 2132 2345 quan-

84 2356 239 2417 tum
292 2351 499 2416 vellet
551 2352 630 2417 de
683 2352 1079 2419 Caesenniae
1134 2352 1326 2416 bonis
1385 2355 1461 2415 ut
1521 2350 1812 2415 haberet.
1900 2346 2132 2432 Immo,

46 2443 171 2504 iut
214 2438 361 2505 viro
415 2438 577 2506 forti
630 2463 707 2506 ac
760 2440 1041 2525 sapienti
1086 2440 1354 2523 dignum
1399 2438 1552 2521 fuit,
1597 2437 1694 2503 ita
1739 2435 2130 2502 calumniam

87 2526 576 2614 stultitiamque
621 2528 761 2595 eius
797 2528 1071 2594 obtrivit
1106 2549 1180 2592 ac
1216 2526 1532 2593 contudit.
1603 2524 1683 2591 In
1718 2523 2130 2610 possessione
2170 2540 2236 2587 19

84 2618 421 2681 bonorum
448 2638 595 2681 cum
623 2620 813 2699 esset,
849 2619 919 2682 et
955 2638 1099 2680 cum
1135 2615 1263 2679 iste
1293 2614 1618 2679 sextulam
1643 2634 1831 2678 suam
1858 2611 2130 2677 nimium

87 2708 553 2790 exaggeraret,
614 2706 875 2769 nomine
933 2702 1190 2767 heredis
1254 2702 1575 2767 arbitrum
1635 2699 1926 2766 familiae
1988 2700 2132 2764 her-

88 2792 442 2858 ciscundae
468 2792 847 2877 postulavit.
912 2794 1130 2875 Atque
1155 2790 1294 2855 illis
1329 2790 1553 2876 paucis
1591 2788 1836 2871 diebus,
1872 2792 2132 2873 postea-

46 2894 63 2933 >
92 2902 301 2965 quam
334 2880 515 2945 videt
546 2880 715 2945 nihil
751 2902 821 2945 se
860 2881 942 2945 ab
974 2882 1052 2945 A.
1081 2878 1360 2944 Caecina
1395 2899 1588 2963 posse
1625 2875 1844 2941 litium
1880 2881 2132 2940 terrore

90 2968 443 3052 abradere,
502 2968 754 3034 homini
810 2968 1059 3033 Romae
1116 2967 1187 3031 in
1244 2966 1392 3031 foro
1459 2964 1798 3031 denuntiat
1858 2964 2130 3029 fundum

87 3058 306 3139 illum,
350 3055 428 3121 de
466 3078 593 3142 quo
630 3060 783 3122 ante
820 3055 973 3139 dixi,
1018 3054 1199 3121 euius
1234 3055 1438 3120 istum
1475 3057 1838 3137 emptorem
1875 3050 2131 3117 demon-

91 3143 307 3209 stravi
350 3143 555 3209 fuisse
600 3144 913 3209 mandatu
958 3142 1382 3225 Caesenniae,
1438 3164 1627 3207 suum
1674 3162 1815 3205 esse
1863 3160 2128 3222 seseque

92 3232 229 3298 sibi
284 3231 537 3298 emisse.
629 3231 797 3308 Quid
852 3232 993 3297 ais?
1048 3230 1238 3295 istius
1293 3229 1409 3295 ille
1462 3230 1698 3295 fundus
1753 3232 1882 3311 est,
1938 3247 2130 3312 quem

46 3321 239 3385 ssine
285 3320 425 3385 ulla
469 3319 915 3387 controversia
959 3318 1484 3405 quadriennium,
1540 3318 1665 3382 hoc
1721 3318 1822 3380 est
1875 3336 1954 3381 ex
2001 3336 2130 3399 quo

93 3413 395 3493 tempore
428 3408 670 3475 fundus
697 3407 915 3489 veniit,
954 3408 1164 3491 quoad
1192 3406 1374 3489 vixit,
1409 3405 1702 3491 possedit
1730 3402 2130 3469 Caesennia?

94 3496 302 3561 ‘Usus
350 3496 566 3581 enim',
609 3496 841 3582 inquit,
887 3494 1047 3561 ‘eius
1092 3494 1281 3560 fundi
1325 3498 1391 3559 et
1434 3495 1686 3559 fructus
1731 3492 2132 3555 testamento
