2534 3875
294 134 423 199 180
762 132 865 187 DE
904 131 1092 187 LEGE
1129 130 1463 186 AGRARIA
1501 130 1773 185 ORATIO
1810 130 1852 186 Ι.

290 280 443 344 illos
487 277 886 342 fortissimos
932 276 1128 360 viros,
1174 275 1287 359 (1111
1334 274 1505 359 apud
1551 274 1829 339 maiores
1875 276 2141 338 nostros
2187 271 2324 337 fue-

290 370 471 450 runt,
539 366 739 449 quod,
803 385 971 449 quae
1035 363 1389 446 vectigalia
1448 362 1584 427 illis
1640 361 2016 427 consulibus
2071 361 2320 446 populo

294 454 589 519 Romano
626 456 821 537 parta
859 455 1030 533 sunt,
1076 473 1153 517 ea
1191 473 1295 515 me
1332 451 1597 516 consule
1633 472 1715 515 ne
1751 449 2020 514 retineri
2057 448 2321 533 quidem

212 522 257 647 24
293 542 586 628 potuisse
629 542 1107 606 iudicabuntur.
1178 539 1426 603 Vendit
1469 538 1702 603 Italiae
1746 538 2193 623 possessiones
2241 558 2322 601 ex

295 630 519 696 ordine
567 650 810 694 omnes,
893 626 1060 693 Sane
1107 631 1208 692 est
1252 628 1325 691 in
1371 648 1446 691 eo
1494 626 1803 712 diligens3
1847 626 2100 691 nullam
2146 625 2320 690 enim
2350 644 2379 686 5

292 718 779 804 praetermittit.
867 715 1290 799 Persequitur
1344 715 1416 779 in
1460 715 1704 780 tabulis
1750 715 2060 779 censoriis
2110 720 2322 779 totam

294 806 617 889 Siciliam3
679 806 935 870 nullum
999 804 1390 886 aedificium,
1450 803 1671 868 nullos
1735 824 1931 888 agros
1994 802 2321 887 relinquit.

294 894 592 959 Audistis
639 893 1003 958 auctionem
1049 892 1279 976 populi
1314 891 1599 956 Romani
1641 891 2077 976 proscriptam
2122 913 2164 955 a
2208 892 2323 954 tri-

293 983 470 1047 buno
530 981 770 1066 plebis,
822 980 1251 1045 constitutam
1308 980 1378 1043 in
1435 1000 1724 1044 mensem
1779 978 2181 1062 Ianuarium,
2236 982 2322 1061 et,

294 1070 510 1154 credo,
564 1091 696 1134 non
744 1067 1086 1153 dubitatis,
1150 1068 1310 1152 quin
1351 1068 1590 1133 idcirco
1636 1068 1799 1132 haec
1844 1067 2080 1132 aerarii
2124 1088 2323 1131 causa
2354 1085 2405 1125 ιο

292 1180 425 1223 11011
477 1156 883 1222 vendiderint
937 1156 1011 1239 ii,
1073 1158 1184 1240 qui
1239 1157 1442 1221 armis
1498 1160 1565 1219 et
1618 1156 1860 1220 virtute
1914 1158 2321 1239 pepererunt,

292 1250 368 1310 ut
413 1249 614 1324 esset,
660 1245 833 1329 quod
876 1266 998 1309 nos
1045 1244 1418 1329 largitionis
1466 1266 1663 1308 causa
1706 1243 2149 1309 venderemuS.

223 1350 257 1399 5
427 1332 661 1398 Videte
722 1354 920 1415 nunc,
995 1354 1122 1417 quo
1187 1332 1515 1397 adfectent
1577 1333 1705 1399 iter
1769 1333 2059 1416 apertius
2124 1354 2323 1416 quam

296 1426 506 1487 antea.
596 1420 767 1485 Nam
823 1421 1153 1505 superiore
1207 1425 1397 1505 parte
1450 1420 1616 1505 legis
1676 1441 1868 1503 quem
1924 1420 2007 1485 ad
2057 1420 2321 1483 modum

292 1509 677 1594 Pompeium
715 1512 1189 1593 oppugnarent,
1232 1531 1273 1572 a
1309 1529 1412 1572 me
1447 1507 1716 1572 indicati
1752 1512 1931 1591 sunt3
1979 1530 2151 1572 nunc
2186 1508 2325 1572 iam
2354 1525 2409 1565 15

295 1620 364 1663 se
424 1597 554 1682 ipsi
597 1597 998 1662 indicabunt.
1089 1596 1325 1661 Iubent
1369 1596 1588 1660 venire
1635 1617 1830 1681 agros
1877 1595 2324 1661 Attalensium

295 1690 487 1770 atque
543 1685 1055 1770 Olympenorum
1109 1682 1258 1769 (hos
1313 1685 1557 1768 populo
1604 1683 1900 1749 Romano
1946 1684 2023 1749 P.
2068 1681 2325 1765 Servili,

295 1773 640 1840 fortissimi
700 1773 852 1855 viri,
925 1772 1202 1837 victoria
1280 1769 1630 1859 adiunxit),
1704 1771 1931 1836 deinde
1996 1793 2190 1857 agros
2252 1772 2328 1837 in

295 1862 675 1927 Macedonia
734 1862 981 1946 regiOS,
1048 1860 1158 1946 qui
1213 1862 1455 1943 partim
1511 1858 1583 1926 Τ.
1638 1859 2015 1944 Flaminini,
2078 1860 2327 1946 partim

294 1951 366 2015 L.
410 1950 625 2034 Pauli,
681 1950 791 2032 qui
835 1949 1080 2014 Persen
1121 1949 1311 2032 vicit,
1355 1950 1597 2014 virtute
1642 1950 1822 2034 parti
1868 1953 2046 2033 sunt,
2094 1949 2325 2014 deinde
2357 1971 2412 2010 20

297 2060 527 2124 agrum
581 2038 904 2122 optimum
957 2040 1025 2100 et
1077 2035 1669 2102 fructuosissimum
1715 2036 2155 2122 Corinthium,
2212 2039 2328 2122 (1111

296 2127 367 2191 L.
411 2125 687 2191 Mummi
739 2125 1014 2209 im‘perio
1072 2148 1147 2190 ae
1201 2125 1511 2190 felicitate
1567 2125 1648 2190 ad
1692 2125 2044 2211 vectigalia
2097 2128 2328 2211 populi

295 2214 575 2280 Romani
619 2213 962 2278 adiunctus
1009 2217 1139 2296 est,
1184 2217 1337 2296 post
1393 2217 1612 2278 autem
1658 2234 1852 2298 agros
1897 2214 1968 2277 in
2004 2214 2329 2299 Hispania

298 2303 469 2387 apud
517 2300 985 2386 Carthaginem
1040 2323 1280 2366 novam
1337 2301 1611 2366 duorum
1656 2298 2031 2385 Scipionum
2088 2303 2329 2368 eximia

297 2393 538 2456 virtute
592 2411 960 2474 possessos3
1013 2392 1157 2453 tum
1210 2391 1417 2470 [vero]
1466 2389 1678 2471 ipsam
1725 2394 2009 2454 veterem
2055 2388 2327 2456 Cartha·
2357 2411 2413 2451 25

299 2479 518 2563 ginem
585 2477 898 2560 vendunt,
967 2499 1162 2561 quam
1219 2477 1291 2542 P.
1346 2476 1694 2542 Africanus
1755 2477 2069 2543 nudatam
2132 2480 2327 2544 tectis

299 2588 374 2630 ac
454 2565 796 2629 moenibus
879 2565 1014 2629 sive
1096 2565 1180 2629 ad
1248 2564 1608 2629 notandam
1685 2564 2328 2652 Carthaginiensium

299 2653 740 2717 calamitatem
795 2653 932 2717 sive
987 2653 1070 2716 ad
1124 2653 1600 2717 testificandam
1643 2657 1939 2718 nostram
1983 2655 2330 2721 victoriam

300 2741 436 2805 sive
503 2740 728 2806 oblata
790 2741 1010 2823 aliqua
1072 2740 1388 2824 religione
1453 2741 1535 2805 ad
1592 2745 1923 2806 aeternam
1985 2743 2330 2809 hominum

229 2846 262 2893 6
301 2827 682 2892 memoriam
736 2828 1158 2893 consecravit.
1256 2826 1382 2893 His
1436 2828 1802 2914 insignibus
1860 2834 2056 2916 atque
2098 2831 2328 2897 infulis
2360 2853 2421 2892 30

300 2915 560 3000 imperii
605 2915 903 3000 venditis,
950 2916 1184 3000 quibus
1231 2920 1532 2981 ornatam
1570 2918 1760 2983 nobis
1799 2919 2077 2983 maiores
2113 2921 2331 2986 nostri

301 3027 440 3069 rem
508 3003 836 3088 publicam
892 3004 1329 3082 tradiderunt,
1390 3005 1616 3070 iubent
1671 3027 1781 3071 eos
1838 3028 2035 3092 agros
2089 3008 2333 3093 venire,

302 3113 466 3177 quos
522 3113 635 3155 rex
689 3091 1104 3156 Mithridates
1160 3093 1230 3156 in
1293 3092 1767 3178 Paphlagonia,
1820 3093 2032 3160 Ponto
2080 3093 2333 3182 Cappa-

305 3180 615 3263 dociaque
687 3180 1066 3265 possederit.
1173 3179 1349 3245 Num
1424 3181 1696 3246 obscure
1758 3181 2061 3247 videntur
2124 3206 2331 3270 prope

305 3269 502 3334 hasta
555 3269 892 3352 praeconis
947 3269 1256 3334 insectari
1302 3267 1417 3334 Cn.
1461 3268 1733 3354 Pompei
1779 3272 2159 3356 exercitum,
2216 3274 2333 3357 qui
2360 3293 2421 3333 35

305 3356 524 3421 venire
577 3356 848 3421 iubeant
901 3378 1011 3422 eos
1064 3357 1245 3441 ipsos
1293 3378 1489 3442 agros
1500 3407 1517 3440 ,
1572 3358 1641 3422 in
1687 3357 1919 3442 quibus
1964 3359 2079 3424 ille
2128 3361 2333 3428 etiam

305 3466 477 3509 nunc
521 3445 768 3510 bellum
815 3448 1003 3529 gerat
1049 3448 1246 3528 atque
1293 3444 1629 3509 versetur?
