<?xml version="1.0" encoding="UTF-8"?>
<!DOCTYPE html PUBLIC "-//W3C//DTD XHTML 1.0 Transitional//EN"
    "http://www.w3.org/TR/xhtml1/DTD/xhtml1-transitional.dtd">
<html xmlns="http://www.w3.org/1999/xhtml" xml:lang="en" lang="en">
 <head>
  <title>
</title>
<meta http-equiv="Content-Type" content="text/html;charset=utf-8" />
  <meta name='ocr-system' content='tesseract 3.04.00' />
  <meta name='ocr-capabilities' content='ocr_page ocr_carea ocr_par ocr_line ocrx_word'/>
</head>
<body>
  <div class='ocr_page' id='page_1' title='image "./scriptaquaemans03mlgoog_0585.png"; bbox 0 0 2534 3875; ppageno 0'>
   <div class='ocr_carea' id='block_1_1' title="bbox 918 156 2179 225">
    <p class='ocr_par' dir='ltr' id='par_1_1' title="bbox 918 156 2179 225">
     <span class='ocr_line' id='line_1_1' title="bbox 918 156 2179 225; baseline 0.011 -14"><span class='ocrx_word' id='word_1_1' title='bbox 918 156 1072 211; x_wconf 84' lang='lat' dir='ltr'>CAP.</span> <span class='ocrx_word' id='word_1_2' title='bbox 1117 164 1144 212; x_wconf 95' lang='lat'><strong>1</strong></span> <span class='ocrx_word' id='word_1_3' title='bbox 1185 162 1215 223; x_wconf 66' lang='grc' dir='ltr'>ς,</span> <span class='ocrx_word' id='word_1_4' title='bbox 1257 164 1412 211; x_wconf 81' lang='grc'>1-4.</span> <span class='ocrx_word' id='word_1_5' title='bbox 2046 161 2179 225; x_wconf 82' lang='grc'>447</span> 
     </span>
    </p>
   </div>
   <div class='ocr_carea' id='block_1_2' title="bbox 75 301 2259 3570">
    <p class='ocr_par' dir='ltr' id='par_1_2' title="bbox 75 301 2259 3570">
     <span class='ocr_line' id='line_1_2' title="bbox 144 301 2180 390; baseline 0.001 -24"><span class='ocrx_word' id='word_1_6' title='bbox 144 302 256 366; x_wconf 91' lang='lat' dir='ltr'>diu</span> <span class='ocrx_word' id='word_1_7' title='bbox 300 302 729 385; x_wconf 71' lang='lat' dir='ltr'>continerent,</span> <span class='ocrx_word' id='word_1_8' title='bbox 774 301 842 365; x_wconf 88' lang='lat' dir='ltr'>id</span> <span class='ocrx_word' id='word_1_9' title='bbox 885 302 957 363; x_wconf 92' lang='lat' dir='ltr'>in</span> <span class='ocrx_word' id='word_1_10' title='bbox 1002 322 1105 363; x_wconf 89' lang='lat' dir='ltr'>me</span> <span class='ocrx_word' id='word_1_11' title='bbox 1153 322 1283 365; x_wconf 90' lang='lat' dir='ltr'>uno</span> <span class='ocrx_word' id='word_1_12' title='bbox 1330 302 1546 384; x_wconf 90' lang='lat' dir='ltr'>potius</span> <span class='ocrx_word' id='word_1_13' title='bbox 1591 323 1786 385; x_wconf 89' lang='lat' dir='ltr'>quam</span> <span class='ocrx_word' id='word_1_14' title='bbox 1822 303 1893 367; x_wconf 93' lang='lat' dir='ltr'>in</span> <span class='ocrx_word' id='word_1_15' title='bbox 1930 305 2180 390; x_wconf 91' lang='lat' dir='ltr'>optimo</span> 
     </span>
     <span class='ocr_line' id='line_1_3' title="bbox 143 388 2179 474; baseline 0.001 -19"><span class='ocrx_word' id='word_1_16' title='bbox 143 411 398 474; x_wconf 88' lang='lat' dir='ltr'>quoque</span> <span class='ocrx_word' id='word_1_17' title='bbox 438 394 506 453; x_wconf 89' lang='lat' dir='ltr'>et</span> <span class='ocrx_word' id='word_1_18' title='bbox 542 390 845 454; x_wconf 87' lang='lat' dir='ltr'>universa</span> <span class='ocrx_word' id='word_1_19' title='bbox 881 388 1145 453; x_wconf 85' lang='lat' dir='ltr'>civitate</span> <span class='ocrx_word' id='word_1_20' title='bbox 1182 389 1232 470; x_wconf 51' lang='grc' dir='ltr'>ἦ·</span> <span class='ocrx_word' id='word_1_21' title='bbox 1259 389 1559 454; x_wconf 87' lang='lat' dir='ltr'>deficeret</span> <span class='ocrx_word' id='word_1_22' title='bbox 1588 424 1672 436; x_wconf 85' lang='lat'>-</span> <span class='ocrx_word' id='word_1_23' title='bbox 1703 391 1828 455; x_wconf 89' lang='lat' dir='ltr'>hoc</span> <span class='ocrx_word' id='word_1_24' title='bbox 1867 392 1923 455; x_wconf 90' lang='lat' dir='ltr'>si</span> <span class='ocrx_word' id='word_1_25' title='bbox 1962 393 2179 459; x_wconf 91' lang='lat' dir='ltr'>animo</span> 
     </span>
     <span class='ocr_line' id='line_1_4' title="bbox 142 477 2180 563; baseline 0.002 -20"><span class='ocrx_word' id='word_1_26' title='bbox 142 479 212 543; x_wconf 90' lang='lat' dir='ltr'>in</span> <span class='ocrx_word' id='word_1_27' title='bbox 265 500 385 543; x_wconf 86' lang='lat' dir='ltr'>vos</span> <span class='ocrx_word' id='word_1_28' title='bbox 440 478 808 561; x_wconf 88' lang='lat' dir='ltr'>liberosque</span> <span class='ocrx_word' id='word_1_29' title='bbox 863 481 1117 541; x_wconf 87' lang='lat' dir='ltr'>vestros</span> <span class='ocrx_word' id='word_1_30' title='bbox 1170 477 1471 561; x_wconf 82' lang='lat' dir='ltr'><strong>fuissem,</strong></span> <span class='ocrx_word' id='word_1_31' title='bbox 1530 482 1605 542; x_wconf 89' lang='lat' dir='ltr'>ut</span> <span class='ocrx_word' id='word_1_32' title='bbox 1668 479 2017 563; x_wconf 88' lang='lat' dir='ltr'>aliquando</span> <span class='ocrx_word' id='word_1_33' title='bbox 2064 503 2180 547; x_wconf 87' lang='lat' dir='ltr'>vos</span> 
     </span>
     <span class='ocr_line' id='line_1_5' title="bbox 146 563 2183 650; baseline 0.001 -19"><span class='ocrx_word' id='word_1_34' title='bbox 146 570 494 650; x_wconf 86' lang='lat' dir='ltr'>patresque</span> <span class='ocrx_word' id='word_1_35' title='bbox 551 566 952 647; x_wconf 88' lang='lat' dir='ltr'>conscriptos</span> <span class='ocrx_word' id='word_1_36' title='bbox 1006 563 1403 649; x_wconf 74' lang='lat' dir='ltr'>Italiamque</span> <span class='ocrx_word' id='word_1_37' title='bbox 1449 566 1821 632; x_wconf 86' lang='lat' dir='ltr'>universam</span> <span class='ocrx_word' id='word_1_38' title='bbox 1867 570 2183 633; x_wconf 89' lang='lat' dir='ltr'>memoria</span> 
     </span>
     <span class='ocr_line' id='line_1_6' title="bbox 94 653 2181 738; baseline 0.004 -25"><span class='ocrx_word' id='word_1_39' title='bbox 94 674 118 713; x_wconf 83' lang='lat'>⁵</span> <span class='ocrx_word' id='word_1_40' title='bbox 145 656 293 736; x_wconf 91' lang='lat' dir='ltr'>mei,</span> <span class='ocrx_word' id='word_1_41' title='bbox 320 653 764 719; x_wconf 85' lang='lat' dir='ltr'>misericordia</span> <span class='ocrx_word' id='word_1_42' title='bbox 794 654 1311 738; x_wconf 84' lang='lat' dir='ltr'>desideriumque</span> <span class='ocrx_word' id='word_1_43' title='bbox 1341 657 1618 719; x_wconf 86' lang='lat' dir='ltr'>teneret:</span> <span class='ocrx_word' id='word_1_44' title='bbox 1649 656 1785 719; x_wconf 88' lang='lat' dir='ltr'>eius</span> <span class='ocrx_word' id='word_1_45' title='bbox 1817 656 2181 721; x_wconf 86' lang='lat' dir='ltr'>devotionis</span> 
     </span>
     <span class='ocr_line' id='line_1_7' title="bbox 147 741 2182 847; baseline 0 -39"><span class='ocrx_word' id='word_1_46' title='bbox 147 765 252 808; x_wconf 92' lang='lat' dir='ltr'>me</span> <span class='ocrx_word' id='word_1_47' title='bbox 291 764 433 807; x_wconf 86' lang='lat' dir='ltr'>esse</span> <span class='ocrx_word' id='word_1_48' title='bbox 473 742 843 807; x_wconf 86' lang='lat' dir='ltr'>convictum</span> <span class='ocrx_word' id='word_1_49' title='bbox 881 741 1118 806; x_wconf 90' lang='lat' dir='ltr'>iudicio</span> <span class='ocrx_word' id='word_1_50' title='bbox 1157 742 1426 807; x_wconf 89' lang='lat' dir='ltr'>deorum</span> <span class='ocrx_word' id='word_1_51' title='bbox 1463 744 1954 847; x_wconf 81' lang='lat' dir='ltr'>immortalium,</span> <span class='ocrx_word' id='word_1_52' title='bbox 2000 745 2182 809; x_wconf 87' lang='lat' dir='ltr'>testi·</span> 
     </span>
     <span class='ocr_line' id='line_1_8' title="bbox 147 828 2183 918; baseline 0.001 -23"><span class='ocrx_word' id='word_1_53' title='bbox 147 832 370 896; x_wconf 92' lang='lat' dir='ltr'>monio</span> <span class='ocrx_word' id='word_1_54' title='bbox 391 834 676 915; x_wconf 74' lang='lat' dir='ltr'>senatUS,</span> <span class='ocrx_word' id='word_1_55' title='bbox 707 852 1025 895; x_wconf 90' lang='lat' dir='ltr'>consensu</span> <span class='ocrx_word' id='word_1_56' title='bbox 1045 828 1299 913; x_wconf 88' lang='lat' dir='ltr'>Italiae,</span> <span class='ocrx_word' id='word_1_57' title='bbox 1328 830 1770 896; x_wconf 88' lang='lat' dir='ltr'>confessione</span> <span class='ocrx_word' id='word_1_58' title='bbox 1751 833 2183 918; x_wconf 88' lang='lat' dir='ltr'>mimicorum,</span> 
     </span>
     <span class='ocr_line' id='line_1_9' title="bbox 147 918 2181 1001; baseline 0 -17"><span class='ocrx_word' id='word_1_59' title='bbox 147 920 462 984; x_wconf 92' lang='lat' dir='ltr'>beneficio</span> <span class='ocrx_word' id='word_1_60' title='bbox 520 919 738 985; x_wconf 82' lang='lat' dir='ltr'>divino</span> <span class='ocrx_word' id='word_1_61' title='bbox 793 918 1281 1001; x_wconf 81' lang='lat' dir='ltr'>immortalique</span> <span class='ocrx_word' id='word_1_62' title='bbox 1341 923 1559 984; x_wconf 84' lang='lat' dir='ltr'>vestro</span> <span class='ocrx_word' id='word_1_63' title='bbox 1616 922 1897 985; x_wconf 85' lang='lat' dir='ltr'>maxime</span> <span class='ocrx_word' id='word_1_64' title='bbox 1955 923 2181 985; x_wconf 89' lang='lat' dir='ltr'>laetor.</span> 
     </span>
     <span class='ocr_line' id='line_1_10' title="bbox 149 1006 2251 1095; baseline 0 -24"><span class='ocrx_word' id='word_1_65' title='bbox 149 1006 390 1091; x_wconf 83' lang='lat' dir='ltr'>Quare,</span> <span class='ocrx_word' id='word_1_66' title='bbox 446 1007 571 1072; x_wconf 83' lang='lat' dir='ltr'>etsi</span> <span class='ocrx_word' id='word_1_67' title='bbox 625 1008 792 1071; x_wconf 89' lang='lat' dir='ltr'>nihil</span> <span class='ocrx_word' id='word_1_68' title='bbox 850 1010 950 1071; x_wconf 88' lang='lat' dir='ltr'>est</span> <span class='ocrx_word' id='word_1_69' title='bbox 1002 1006 1255 1071; x_wconf 91' lang='lat' dir='ltr'>homini</span> <span class='ocrx_word' id='word_1_70' title='bbox 1312 1008 1525 1094; x_wconf 89' lang='lat' dir='ltr'>magis</span> <span class='ocrx_word' id='word_1_71' title='bbox 1582 1010 1939 1094; x_wconf 89' lang='lat' dir='ltr'>optandum</span> <span class='ocrx_word' id='word_1_72' title='bbox 1986 1032 2181 1095; x_wconf 87' lang='lat' dir='ltr'>quam</span> <span class='ocrx_word' id='word_1_73' title='bbox 2220 1025 2251 1071; x_wconf 84' lang='lat'>2</span> 
     </span>
     <span class='ocr_line' id='line_1_11' title="bbox 76 1096 2181 1182; baseline 0.001 -21"><span class='ocrx_word' id='word_1_74' title='bbox 76 1116 123 1154; x_wconf 84' lang='grc' dir='ltr'>ιο</span> <span class='ocrx_word' id='word_1_75' title='bbox 148 1118 488 1182; x_wconf 88' lang='lat' dir='ltr'>prospera,</span> <span class='ocrx_word' id='word_1_76' title='bbox 581 1096 942 1180; x_wconf 85' lang='lat' dir='ltr'>aequabilis</span> <span class='ocrx_word' id='word_1_77' title='bbox 1024 1099 1469 1179; x_wconf 90' lang='lat' dir='ltr'>perpetuaque</span> <span class='ocrx_word' id='word_1_78' title='bbox 1548 1096 1816 1161; x_wconf 88' lang='lat' dir='ltr'>fortuna</span> <span class='ocrx_word' id='word_1_79' title='bbox 1900 1097 2181 1163; x_wconf 87' lang='lat' dir='ltr'>secundo</span> 
     </span>
     <span class='ocr_line' id='line_1_12' title="bbox 149 1183 2181 1269; baseline 0 -19"><span class='ocrx_word' id='word_1_80' title='bbox 149 1186 325 1251; x_wconf 86' lang='lat' dir='ltr'>vitae</span> <span class='ocrx_word' id='word_1_81' title='bbox 373 1184 510 1249; x_wconf 88' lang='lat' dir='ltr'>sine</span> <span class='ocrx_word' id='word_1_82' title='bbox 557 1184 696 1249; x_wconf 93' lang='lat' dir='ltr'>ulla</span> <span class='ocrx_word' id='word_1_83' title='bbox 743 1183 1095 1249; x_wconf 87' lang='lat' dir='ltr'>offensione</span> <span class='ocrx_word' id='word_1_84' title='bbox 1143 1206 1362 1268; x_wconf 90' lang='lat' dir='ltr'>cursu,</span> <span class='ocrx_word' id='word_1_85' title='bbox 1408 1188 1646 1269; x_wconf 89' lang='lat' dir='ltr'>tamen,</span> <span class='ocrx_word' id='word_1_86' title='bbox 1694 1187 1750 1249; x_wconf 89' lang='lat' dir='ltr'>si</span> <span class='ocrx_word' id='word_1_87' title='bbox 1797 1186 1958 1251; x_wconf 90' lang='lat' dir='ltr'>mihi</span> <span class='ocrx_word' id='word_1_88' title='bbox 2003 1191 2181 1251; x_wconf 81' lang='lat' dir='ltr'>tran-</span> 
     </span>
     <span class='ocr_line' id='line_1_13' title="bbox 152 1270 2183 1358; baseline 0.001 -21"><span class='ocrx_word' id='word_1_89' title='bbox 152 1274 361 1358; x_wconf 91' lang='lat' dir='ltr'>quilla</span> <span class='ocrx_word' id='word_1_90' title='bbox 416 1277 482 1337; x_wconf 90' lang='lat' dir='ltr'>et</span> <span class='ocrx_word' id='word_1_91' title='bbox 541 1273 803 1357; x_wconf 88' lang='lat' dir='ltr'>placata</span> <span class='ocrx_word' id='word_1_92' title='bbox 859 1270 1080 1336; x_wconf 90' lang='lat' dir='ltr'>omnia</span> <span class='ocrx_word' id='word_1_93' title='bbox 1123 1271 1431 1357; x_wconf 90' lang='lat' dir='ltr'>fuissent,</span> <span class='ocrx_word' id='word_1_94' title='bbox 1485 1274 1854 1338; x_wconf 84' lang='lat' dir='ltr'>incredibili</span> <span class='ocrx_word' id='word_1_95' title='bbox 1900 1275 2183 1358; x_wconf 87' lang='lat' dir='ltr'>quadam</span> 
     </span>
     <span class='ocr_line' id='line_1_14' title="bbox 152 1361 2182 1445; baseline 0 -18"><span class='ocrx_word' id='word_1_96' title='bbox 152 1366 218 1427; x_wconf 89' lang='lat' dir='ltr'>et</span> <span class='ocrx_word' id='word_1_97' title='bbox 264 1382 470 1445; x_wconf 91' lang='lat' dir='ltr'>paene</span> <span class='ocrx_word' id='word_1_98' title='bbox 516 1361 752 1444; x_wconf 87' lang='lat' dir='ltr'>divina,</span> <span class='ocrx_word' id='word_1_99' title='bbox 801 1382 930 1443; x_wconf 86' lang='lat' dir='ltr'>qua</span> <span class='ocrx_word' id='word_1_100' title='bbox 973 1382 1144 1424; x_wconf 91' lang='lat' dir='ltr'>nunc</span> <span class='ocrx_word' id='word_1_101' title='bbox 1189 1364 1410 1425; x_wconf 84' lang='lat' dir='ltr'>vestro</span> <span class='ocrx_word' id='word_1_102' title='bbox 1457 1361 1767 1426; x_wconf 88' lang='lat' dir='ltr'>beneficio</span> <span class='ocrx_word' id='word_1_103' title='bbox 1805 1362 2005 1445; x_wconf 89' lang='lat' dir='ltr'>fruor,</span> <span class='ocrx_word' id='word_1_104' title='bbox 2051 1363 2182 1427; x_wconf 83' lang='lat' dir='ltr'>lae·</span> 
     </span>
     <span class='ocr_line' id='line_1_15' title="bbox 151 1447 2183 1534; baseline 0 -19"><span class='ocrx_word' id='word_1_105' title='bbox 151 1450 338 1516; x_wconf 87' lang='lat' dir='ltr'>titiae</span> <span class='ocrx_word' id='word_1_106' title='bbox 402 1450 743 1534; x_wconf 88' lang='lat' dir='ltr'>voluptate</span> <span class='ocrx_word' id='word_1_107' title='bbox 819 1448 1186 1513; x_wconf 83' lang='lat' dir='ltr'>caruissem.</span> <span class='ocrx_word' id='word_1_108' title='bbox 1297 1447 1468 1523; x_wconf 81' lang='lat' dir='ltr'>Quid</span> <span class='ocrx_word' id='word_1_109' title='bbox 1529 1449 1779 1514; x_wconf 89' lang='lat' dir='ltr'>dulcius</span> <span class='ocrx_word' id='word_1_110' title='bbox 1844 1450 2183 1515; x_wconf 87' lang='lat' dir='ltr'>hominum</span> 
     </span>
     <span class='ocr_line' id='line_1_16' title="bbox 75 1538 2183 1624; baseline 0.003 -27"><span class='ocrx_word' id='word_1_111' title='bbox 75 1557 124 1597; x_wconf 86' lang='lat'>15</span> <span class='ocrx_word' id='word_1_112' title='bbox 154 1538 378 1624; x_wconf 85' lang='lat' dir='ltr'>generi</span> <span class='ocrx_word' id='word_1_113' title='bbox 434 1538 518 1602; x_wconf 87' lang='lat' dir='ltr'>ab</span> <span class='ocrx_word' id='word_1_114' title='bbox 572 1546 808 1602; x_wconf 89' lang='lat' dir='ltr'>natura</span> <span class='ocrx_word' id='word_1_115' title='bbox 855 1538 1078 1601; x_wconf 88' lang='lat' dir='ltr'>datum</span> <span class='ocrx_word' id='word_1_116' title='bbox 1127 1540 1228 1601; x_wconf 86' lang='lat' dir='ltr'>est</span> <span class='ocrx_word' id='word_1_117' title='bbox 1275 1558 1471 1619; x_wconf 88' lang='lat' dir='ltr'>quam</span> <span class='ocrx_word' id='word_1_118' title='bbox 1519 1538 1621 1601; x_wconf 86' lang='lat' dir='ltr'>sui</span> <span class='ocrx_word' id='word_1_119' title='bbox 1666 1538 1895 1622; x_wconf 89' lang='lat' dir='ltr'>cuique</span> <span class='ocrx_word' id='word_1_120' title='bbox 1944 1539 2183 1603; x_wconf 78' lang='lat' dir='ltr'>liberi?</span> 
     </span>
     <span class='ocr_line' id='line_1_17' title="bbox 151 1624 2185 1710; baseline -0 -19"><span class='ocrx_word' id='word_1_121' title='bbox 151 1627 312 1692; x_wconf 89' lang='lat' dir='ltr'>mihi</span> <span class='ocrx_word' id='word_1_122' title='bbox 366 1647 519 1691; x_wconf 85' lang='lat' dir='ltr'>vcro</span> <span class='ocrx_word' id='word_1_123' title='bbox 576 1630 642 1690; x_wconf 92' lang='lat' dir='ltr'>et</span> <span class='ocrx_word' id='word_1_124' title='bbox 696 1629 964 1710; x_wconf 90' lang='lat' dir='ltr'>propter</span> <span class='ocrx_word' id='word_1_125' title='bbox 1019 1624 1496 1710; x_wconf 85' lang='lat' dir='ltr'>indulgentiam</span> <span class='ocrx_word' id='word_1_126' title='bbox 1542 1648 1755 1690; x_wconf 91' lang='lat' dir='ltr'>meam</span> <span class='ocrx_word' id='word_1_127' title='bbox 1804 1631 1870 1690; x_wconf 89' lang='lat' dir='ltr'>et</span> <span class='ocrx_word' id='word_1_128' title='bbox 1914 1625 2185 1710; x_wconf 88' lang='lat' dir='ltr'>propter</span> 
     </span>
     <span class='ocr_line' id='line_1_18' title="bbox 153 1712 2185 1799; baseline 0 -20"><span class='ocrx_word' id='word_1_129' title='bbox 153 1715 474 1781; x_wconf 84' lang='lat' dir='ltr'>excellens</span> <span class='ocrx_word' id='word_1_130' title='bbox 550 1736 774 1779; x_wconf 92' lang='lat' dir='ltr'>eorum</span> <span class='ocrx_word' id='word_1_131' title='bbox 846 1714 1182 1799; x_wconf 87' lang='lat' dir='ltr'>ingenium</span> <span class='ocrx_word' id='word_1_132' title='bbox 1245 1712 1384 1778; x_wconf 85' lang='lat' dir='ltr'>vita</span> <span class='ocrx_word' id='word_1_133' title='bbox 1457 1718 1610 1777; x_wconf 87' lang='lat' dir='ltr'>sunt</span> <span class='ocrx_word' id='word_1_134' title='bbox 1674 1736 1819 1778; x_wconf 91' lang='lat' dir='ltr'>mea</span> <span class='ocrx_word' id='word_1_135' title='bbox 1883 1716 2185 1779; x_wconf 73' lang='lat' dir='ltr'>carioreS.</span> 
     </span>
     <span class='ocr_line' id='line_1_19' title="bbox 152 1802 2182 1886; baseline -0.001 -19"><span class='ocrx_word' id='word_1_136' title='bbox 152 1803 402 1869; x_wconf 86' lang='lat' dir='ltr'>Tamen</span> <span class='ocrx_word' id='word_1_137' title='bbox 455 1823 588 1868; x_wconf 90' lang='lat' dir='ltr'>non</span> <span class='ocrx_word' id='word_1_138' title='bbox 643 1806 870 1866; x_wconf 86' lang='lat' dir='ltr'>tantae</span> <span class='ocrx_word' id='word_1_139' title='bbox 924 1802 1252 1885; x_wconf 88' lang='lat' dir='ltr'>voluptati</span> <span class='ocrx_word' id='word_1_140' title='bbox 1298 1805 1486 1865; x_wconf 87' lang='lat' dir='ltr'>erant</span> <span class='ocrx_word' id='word_1_141' title='bbox 1532 1802 1843 1886; x_wconf 85' lang='lat' dir='ltr'>suscepti,</span> <span class='ocrx_word' id='word_1_142' title='bbox 1901 1806 2182 1885; x_wconf 88' lang='lat' dir='ltr'>quantae</span> 
     </span>
     <span class='ocr_line' id='line_1_20' title="bbox 151 1888 2252 1974; baseline -0.002 -16"><span class='ocrx_word' id='word_1_143' title='bbox 151 1913 324 1958; x_wconf 90' lang='lat' dir='ltr'>nunc</span> <span class='ocrx_word' id='word_1_144' title='bbox 382 1894 536 1956; x_wconf 86' lang='lat' dir='ltr'>sunt</span> <span class='ocrx_word' id='word_1_145' title='bbox 580 1890 890 1956; x_wconf 86' lang='lat' dir='ltr'>restituti.</span> <span class='ocrx_word' id='word_1_146' title='bbox 979 1888 1166 1954; x_wconf 91' lang='lat' dir='ltr'>Nihil</span> <span class='ocrx_word' id='word_1_147' title='bbox 1213 1889 1514 1974; x_wconf 90' lang='lat' dir='ltr'>cuiquam</span> <span class='ocrx_word' id='word_1_148' title='bbox 1562 1890 1689 1956; x_wconf 88' lang='lat' dir='ltr'>fuit</span> <span class='ocrx_word' id='word_1_149' title='bbox 1734 1911 2045 1974; x_wconf 87' lang='lat' dir='ltr'>umquam</span> <span class='ocrx_word' id='word_1_150' title='bbox 2089 1890 2181 1956; x_wconf 88' lang='lat' dir='ltr'>iu·</span> <span class='ocrx_word' id='word_1_151' title='bbox 2220 1904 2252 1954; x_wconf 86' lang='lat'><strong>3</strong></span> 
     </span>
     <span class='ocr_line' id='line_1_21' title="bbox 75 1979 2181 2064; baseline -0.001 -18"><span class='ocrx_word' id='word_1_152' title='bbox 75 2001 124 2039; x_wconf 85' lang='lat'>20</span> <span class='ocrx_word' id='word_1_153' title='bbox 154 1981 424 2047; x_wconf 88' lang='lat' dir='ltr'>cundius</span> <span class='ocrx_word' id='word_1_154' title='bbox 481 2003 676 2064; x_wconf 91' lang='lat' dir='ltr'>quam</span> <span class='ocrx_word' id='word_1_155' title='bbox 729 1980 894 2043; x_wconf 90' lang='lat' dir='ltr'>mihi</span> <span class='ocrx_word' id='word_1_156' title='bbox 949 2001 1128 2043; x_wconf 87' lang='lat' dir='ltr'>meus</span> <span class='ocrx_word' id='word_1_157' title='bbox 1185 1979 1417 2062; x_wconf 85' lang='lat' dir='ltr'>frater;</span> <span class='ocrx_word' id='word_1_158' title='bbox 1470 2000 1603 2043; x_wconf 90' lang='lat' dir='ltr'>non</span> <span class='ocrx_word' id='word_1_159' title='bbox 1646 1983 1785 2044; x_wconf 91' lang='lat' dir='ltr'>tam</span> <span class='ocrx_word' id='word_1_160' title='bbox 1832 1979 1899 2043; x_wconf 90' lang='lat' dir='ltr'>id</span> <span class='ocrx_word' id='word_1_161' title='bbox 1947 1979 2181 2044; x_wconf 89' lang='lat' dir='ltr'>sentie-</span> 
     </span>
     <span class='ocr_line' id='line_1_22' title="bbox 151 2067 2184 2152; baseline -0.001 -17"><span class='ocrx_word' id='word_1_162' title='bbox 151 2071 323 2152; x_wconf 87' lang='lat' dir='ltr'>bam,</span> <span class='ocrx_word' id='word_1_163' title='bbox 360 2091 507 2134; x_wconf 91' lang='lat' dir='ltr'>cum</span> <span class='ocrx_word' id='word_1_164' title='bbox 542 2068 824 2151; x_wconf 87' lang='lat' dir='ltr'>fruebar,</span> <span class='ocrx_word' id='word_1_165' title='bbox 862 2090 1057 2152; x_wconf 88' lang='lat' dir='ltr'>quam</span> <span class='ocrx_word' id='word_1_166' title='bbox 1093 2071 1255 2150; x_wconf 89' lang='lat' dir='ltr'>tum,</span> <span class='ocrx_word' id='word_1_167' title='bbox 1293 2089 1439 2132; x_wconf 91' lang='lat' dir='ltr'>cum</span> <span class='ocrx_word' id='word_1_168' title='bbox 1474 2067 1794 2147; x_wconf 86' lang='lat' dir='ltr'>carebam,</span> <span class='ocrx_word' id='word_1_169' title='bbox 1834 2071 1899 2131; x_wconf 92' lang='lat' dir='ltr'>et</span> <span class='ocrx_word' id='word_1_170' title='bbox 1927 2071 2184 2152; x_wconf 87' lang='lat' dir='ltr'>postea-</span> 
     </span>
     <span class='ocr_line' id='line_1_23' title="bbox 153 2155 2183 2243; baseline -0.001 -20"><span class='ocrx_word' id='word_1_171' title='bbox 153 2180 347 2243; x_wconf 91' lang='lat' dir='ltr'>quam</span> <span class='ocrx_word' id='word_1_172' title='bbox 420 2179 540 2222; x_wconf 84' lang='lat' dir='ltr'>vos</span> <span class='ocrx_word' id='word_1_173' title='bbox 611 2178 716 2221; x_wconf 93' lang='lat' dir='ltr'>me</span> <span class='ocrx_word' id='word_1_174' title='bbox 782 2156 882 2220; x_wconf 85' lang='lat' dir='ltr'>illi</span> <span class='ocrx_word' id='word_1_175' title='bbox 954 2160 1020 2220; x_wconf 88' lang='lat' dir='ltr'>et</span> <span class='ocrx_word' id='word_1_176' title='bbox 1091 2155 1253 2219; x_wconf 91' lang='lat' dir='ltr'>mihi</span> <span class='ocrx_word' id='word_1_177' title='bbox 1328 2176 1477 2220; x_wconf 87' lang='lat' dir='ltr'>eum</span> <span class='ocrx_word' id='word_1_178' title='bbox 1549 2155 1937 2220; x_wconf 86' lang='lat' dir='ltr'>reddidistis.</span> <span class='ocrx_word' id='word_1_179' title='bbox 2052 2155 2183 2220; x_wconf 88' lang='lat' dir='ltr'>Res</span> 
     </span>
     <span class='ocr_line' id='line_1_24' title="bbox 152 2243 2183 2329; baseline -0.002 -17"><span class='ocrx_word' id='word_1_180' title='bbox 152 2246 500 2312; x_wconf 83' lang='lat' dir='ltr'>familiaris</span> <span class='ocrx_word' id='word_1_181' title='bbox 557 2267 674 2310; x_wconf 86' lang='lat' dir='ltr'>sua</span> <span class='ocrx_word' id='word_1_182' title='bbox 729 2265 1048 2329; x_wconf 90' lang='lat' dir='ltr'>quemque</span> <span class='ocrx_word' id='word_1_183' title='bbox 1104 2245 1419 2328; x_wconf 81' lang='lat' dir='ltr'>delectat3</span> <span class='ocrx_word' id='word_1_184' title='bbox 1474 2244 1767 2328; x_wconf 91' lang='lat' dir='ltr'>reliquae</span> <span class='ocrx_word' id='word_1_185' title='bbox 1827 2265 2008 2308; x_wconf 85' lang='lat' dir='ltr'>meae</span> <span class='ocrx_word' id='word_1_186' title='bbox 2053 2243 2183 2308; x_wconf 85' lang='lat' dir='ltr'>for·</span> 
     </span>
     <span class='ocr_line' id='line_1_25' title="bbox 154 2331 2184 2419; baseline -0.002 -18"><span class='ocrx_word' id='word_1_187' title='bbox 154 2341 351 2401; x_wconf 88' lang='lat' dir='ltr'>tunae</span> <span class='ocrx_word' id='word_1_188' title='bbox 397 2335 793 2419; x_wconf 88' lang='lat' dir='ltr'>reciperatae</span> <span class='ocrx_word' id='word_1_189' title='bbox 840 2333 988 2418; x_wconf 89' lang='lat' dir='ltr'>plus</span> <span class='ocrx_word' id='word_1_190' title='bbox 1034 2332 1199 2396; x_wconf 91' lang='lat' dir='ltr'>mihi</span> <span class='ocrx_word' id='word_1_191' title='bbox 1239 2353 1413 2396; x_wconf 88' lang='lat' dir='ltr'>nunc</span> <span class='ocrx_word' id='word_1_192' title='bbox 1459 2331 1819 2416; x_wconf 87' lang='lat' dir='ltr'>voluptatis</span> <span class='ocrx_word' id='word_1_193' title='bbox 1866 2331 2184 2414; x_wconf 86' lang='lat' dir='ltr'>adferunt,</span> 
     </span>
     <span class='ocr_line' id='line_1_26' title="bbox 75 2420 2185 2509; baseline 0.001 -27"><span class='ocrx_word' id='word_1_194' title='bbox 75 2442 126 2482; x_wconf 78' lang='lat'>25</span> <span class='ocrx_word' id='word_1_195' title='bbox 155 2446 350 2509; x_wconf 84' lang='lat' dir='ltr'>quam</span> <span class='ocrx_word' id='word_1_196' title='bbox 397 2427 539 2487; x_wconf 90' lang='lat' dir='ltr'>tum</span> <span class='ocrx_word' id='word_1_197' title='bbox 574 2424 648 2488; x_wconf 77' lang='lat' dir='ltr'>in</span> <span class='ocrx_word' id='word_1_198' title='bbox 681 2421 1128 2486; x_wconf 84' lang='lat' dir='ltr'>incolumitate</span> <span class='ocrx_word' id='word_1_199' title='bbox 1166 2420 1562 2486; x_wconf 85' lang='lat' dir='ltr'>adferebant.</span> <span class='ocrx_word' id='word_1_200' title='bbox 1628 2420 1991 2504; x_wconf 90' lang='lat' dir='ltr'>Amicitiae,</span> <span class='ocrx_word' id='word_1_201' title='bbox 2038 2442 2185 2486; x_wconf 90' lang='lat' dir='ltr'>con·</span> 
     </span>
     <span class='ocr_line' id='line_1_27' title="bbox 155 2509 2187 2594; baseline -0.002 -16"><span class='ocrx_word' id='word_1_202' title='bbox 155 2511 544 2589; x_wconf 77' lang='lat' dir='ltr'>suetudineS,</span> <span class='ocrx_word' id='word_1_203' title='bbox 590 2510 977 2594; x_wconf 78' lang='lat' dir='ltr'>vicinitateS,</span> <span class='ocrx_word' id='word_1_204' title='bbox 1023 2509 1381 2593; x_wconf 88' lang='lat' dir='ltr'>clientelae,</span> <span class='ocrx_word' id='word_1_205' title='bbox 1427 2509 1564 2573; x_wconf 87' lang='lat' dir='ltr'>ludi</span> <span class='ocrx_word' id='word_1_206' title='bbox 1612 2509 1887 2592; x_wconf 90' lang='lat' dir='ltr'>denique</span> <span class='ocrx_word' id='word_1_207' title='bbox 1935 2513 2001 2573; x_wconf 89' lang='lat' dir='ltr'>et</span> <span class='ocrx_word' id='word_1_208' title='bbox 2047 2509 2187 2573; x_wconf 86' lang='lat' dir='ltr'>dies</span> 
     </span>
     <span class='ocr_line' id='line_1_28' title="bbox 153 2597 2187 2684; baseline -0.001 -19"><span class='ocrx_word' id='word_1_209' title='bbox 153 2601 306 2666; x_wconf 89' lang='lat' dir='ltr'>festi</span> <span class='ocrx_word' id='word_1_210' title='bbox 355 2600 510 2684; x_wconf 88' lang='lat' dir='ltr'>quid</span> <span class='ocrx_word' id='word_1_211' title='bbox 546 2600 864 2664; x_wconf 88' lang='lat' dir='ltr'>haberent</span> <span class='ocrx_word' id='word_1_212' title='bbox 898 2598 1279 2682; x_wconf 86' lang='lat' dir='ltr'>voluptatis,</span> <span class='ocrx_word' id='word_1_213' title='bbox 1326 2597 1603 2662; x_wconf 87' lang='lat' dir='ltr'>carendo</span> <span class='ocrx_word' id='word_1_214' title='bbox 1640 2598 1855 2683; x_wconf 87' lang='lat' dir='ltr'>magis</span> <span class='ocrx_word' id='word_1_215' title='bbox 1892 2597 2187 2662; x_wconf 88' lang='lat' dir='ltr'>intellexi</span> 
     </span>
     <span class='ocr_line' id='line_1_29' title="bbox 157 2686 2259 2774; baseline -0.002 -21"><span class='ocrx_word' id='word_1_216' title='bbox 157 2712 352 2774; x_wconf 90' lang='lat' dir='ltr'>quam</span> <span class='ocrx_word' id='word_1_217' title='bbox 396 2688 690 2753; x_wconf 77' lang='lat' dir='ltr'>fruendo,</span> <span class='ocrx_word' id='word_1_218' title='bbox 751 2686 893 2752; x_wconf 88' lang='lat' dir='ltr'>Iam</span> <span class='ocrx_word' id='word_1_219' title='bbox 939 2708 1092 2751; x_wconf 87' lang='lat' dir='ltr'>vero</span> <span class='ocrx_word' id='word_1_220' title='bbox 1139 2687 1370 2767; x_wconf 84' lang='lat' dir='ltr'>honos,</span> <span class='ocrx_word' id='word_1_221' title='bbox 1417 2686 1723 2772; x_wconf 79' lang='lat' dir='ltr'>dignitas,</span> <span class='ocrx_word' id='word_1_222' title='bbox 1771 2688 1971 2764; x_wconf 76' lang='lat' dir='ltr'>locuS,</span> <span class='ocrx_word' id='word_1_223' title='bbox 2010 2687 2184 2768; x_wconf 89' lang='lat' dir='ltr'>ord0,</span> <span class='ocrx_word' id='word_1_224' title='bbox 2222 2699 2259 2749; x_wconf 79' lang='lat'>4</span> 
     </span>
     <span class='ocr_line' id='line_1_30' title="bbox 155 2775 2189 2860; baseline -0.002 -18"><span class='ocrx_word' id='word_1_225' title='bbox 155 2777 470 2843; x_wconf 86' lang='lat' dir='ltr'>beneficia</span> <span class='ocrx_word' id='word_1_226' title='bbox 532 2782 754 2843; x_wconf 85' lang='lat' dir='ltr'>vestra</span> <span class='ocrx_word' id='word_1_227' title='bbox 817 2797 1210 2860; x_wconf 89' lang='lat' dir='ltr'>quamquam</span> <span class='ocrx_word' id='word_1_228' title='bbox 1276 2775 1439 2838; x_wconf 91' lang='lat' dir='ltr'>mihi</span> <span class='ocrx_word' id='word_1_229' title='bbox 1502 2797 1757 2858; x_wconf 87' lang='lat' dir='ltr'>semper</span> <span class='ocrx_word' id='word_1_230' title='bbox 1821 2775 2189 2839; x_wconf 87' lang='lat' dir='ltr'>clarissima</span> 
     </span>
     <span class='ocr_line' id='line_1_31' title="bbox 75 2862 2188 2950; baseline -0.004 -18"><span class='ocrx_word' id='word_1_231' title='bbox 75 2884 130 2924; x_wconf 79' lang='lat'>30</span> <span class='ocrx_word' id='word_1_232' title='bbox 155 2869 300 2932; x_wconf 88' lang='lat' dir='ltr'>visa</span> <span class='ocrx_word' id='word_1_233' title='bbox 338 2869 509 2950; x_wconf 90' lang='lat' dir='ltr'>sunt,</span> <span class='ocrx_word' id='word_1_234' title='bbox 547 2870 770 2930; x_wconf 89' lang='lat' dir='ltr'>tamen</span> <span class='ocrx_word' id='word_1_235' title='bbox 807 2886 884 2929; x_wconf 90' lang='lat' dir='ltr'>ea</span> <span class='ocrx_word' id='word_1_236' title='bbox 918 2885 1089 2928; x_wconf 91' lang='lat' dir='ltr'>nunc</span> <span class='ocrx_word' id='word_1_237' title='bbox 1117 2866 1433 2927; x_wconf 87' lang='lat' dir='ltr'>renovata</span> <span class='ocrx_word' id='word_1_238' title='bbox 1458 2863 1841 2927; x_wconf 85' lang='lat' dir='ltr'>inlustriora</span> <span class='ocrx_word' id='word_1_239' title='bbox 1867 2862 2188 2943; x_wconf 86' lang='lat' dir='ltr'>videntur,</span> 
     </span>
     <span class='ocr_line' id='line_1_32' title="bbox 155 2949 2187 3041; baseline -0.004 -21"><span class='ocrx_word' id='word_1_240' title='bbox 155 2977 350 3041; x_wconf 91' lang='lat' dir='ltr'>quam</span> <span class='ocrx_word' id='word_1_241' title='bbox 397 2955 454 3019; x_wconf 89' lang='lat' dir='ltr'>si</span> <span class='ocrx_word' id='word_1_242' title='bbox 500 2955 850 3020; x_wconf 87' lang='lat' dir='ltr'>obscurata</span> <span class='ocrx_word' id='word_1_243' title='bbox 893 2974 1027 3016; x_wconf 90' lang='lat' dir='ltr'>non</span> <span class='ocrx_word' id='word_1_244' title='bbox 1073 2958 1305 3016; x_wconf 87' lang='lat' dir='ltr'>essent.</span> <span class='ocrx_word' id='word_1_245' title='bbox 1378 2950 1534 3034; x_wconf 89' lang='lat' dir='ltr'>Ipsa</span> <span class='ocrx_word' id='word_1_246' title='bbox 1579 2956 1797 3015; x_wconf 90' lang='lat' dir='ltr'>autem</span> <span class='ocrx_word' id='word_1_247' title='bbox 1843 2950 2075 3034; x_wconf 89' lang='lat' dir='ltr'>patria,</span> <span class='ocrx_word' id='word_1_248' title='bbox 2122 2949 2187 3012; x_wconf 86' lang='lat' dir='ltr'>di</span> 
     </span>
     <span class='ocr_line' id='line_1_33' title="bbox 154 3037 2189 3142; baseline -0.004 -34"><span class='ocrx_word' id='word_1_249' title='bbox 154 3043 588 3108; x_wconf 83' lang='lat' dir='ltr'>immortales!</span> <span class='ocrx_word' id='word_1_250' title='bbox 637 3042 764 3106; x_wconf 90' lang='lat' dir='ltr'>dici</span> <span class='ocrx_word' id='word_1_251' title='bbox 809 3040 918 3106; x_wconf 86' lang='lat' dir='ltr'>vix</span> <span class='ocrx_word' id='word_1_252' title='bbox 955 3044 1177 3142; x_wconf 78' lang='lat' dir='ltr'>potest</span> <span class='ocrx_word' id='word_1_253' title='bbox 1215 3039 1369 3124; x_wconf 89' lang='lat' dir='ltr'>quid</span> <span class='ocrx_word' id='word_1_254' title='bbox 1407 3039 1720 3120; x_wconf 87' lang='lat' dir='ltr'>caritatis,</span> <span class='ocrx_word' id='word_1_255' title='bbox 1768 3037 1923 3122; x_wconf 90' lang='lat' dir='ltr'>quid</span> <span class='ocrx_word' id='word_1_256' title='bbox 1960 3037 2189 3120; x_wconf 88' lang='lat' dir='ltr'>volup-</span> 
     </span>
     <span class='ocr_line' id='line_1_34' title="bbox 154 3125 2187 3213; baseline -0.004 -17"><span class='ocrx_word' id='word_1_257' title='bbox 154 3135 317 3212; x_wconf 82' lang='lat' dir='ltr'>tatis</span> <span class='ocrx_word' id='word_1_258' title='bbox 391 3131 660 3213; x_wconf 80' lang='lat' dir='ltr'>habeat3</span> <span class='ocrx_word' id='word_1_259' title='bbox 735 3151 900 3213; x_wconf 91' lang='lat' dir='ltr'>quae</span> <span class='ocrx_word' id='word_1_260' title='bbox 965 3129 1210 3213; x_wconf 86' lang='lat' dir='ltr'>species</span> <span class='ocrx_word' id='word_1_261' title='bbox 1274 3126 1539 3210; x_wconf 89' lang='lat' dir='ltr'>Italiae,</span> <span class='ocrx_word' id='word_1_262' title='bbox 1614 3146 1777 3209; x_wconf 87' lang='lat' dir='ltr'>quae</span> <span class='ocrx_word' id='word_1_263' title='bbox 1843 3125 2187 3189; x_wconf 88' lang='lat' dir='ltr'>celebritas</span> 
     </span>
     <span class='ocr_line' id='line_1_35' title="bbox 156 3205 2189 3312; baseline -0.005 -26"><span class='ocrx_word' id='word_1_264' title='bbox 156 3205 572 3306; x_wconf 89' lang='lat' dir='ltr'>oppidorum,</span> <span class='ocrx_word' id='word_1_265' title='bbox 647 3240 812 3302; x_wconf 88' lang='lat' dir='ltr'>quae</span> <span class='ocrx_word' id='word_1_266' title='bbox 887 3217 1102 3281; x_wconf 89' lang='lat' dir='ltr'>forma</span> <span class='ocrx_word' id='word_1_267' title='bbox 1166 3216 1532 3300; x_wconf 83' lang='lat' dir='ltr'>regionum,</span> <span class='ocrx_word' id='word_1_268' title='bbox 1608 3214 1719 3297; x_wconf 91' lang='lat' dir='ltr'>qui</span> <span class='ocrx_word' id='word_1_269' title='bbox 1782 3213 1953 3298; x_wconf 88' lang='lat' dir='ltr'>agri,</span> <span class='ocrx_word' id='word_1_270' title='bbox 2024 3235 2189 3312; x_wconf 90' lang='lat' dir='ltr'>quae</span> 
     </span>
     <span class='ocr_line' id='line_1_36' title="bbox 76 3300 2190 3410; baseline -0.005 -36"><span class='ocrx_word' id='word_1_271' title='bbox 76 3324 127 3365; x_wconf 77' lang='lat'>³5</span> <span class='ocrx_word' id='word_1_272' title='bbox 154 3309 397 3394; x_wconf 74' lang='lat' dir='ltr'>frugeS,</span> <span class='ocrx_word' id='word_1_273' title='bbox 435 3330 598 3410; x_wconf 82' lang='lat' dir='ltr'>quae</span> <span class='ocrx_word' id='word_1_274' title='bbox 633 3305 1052 3392; x_wconf 91' lang='lat' dir='ltr'>pulchritudo</span> <span class='ocrx_word' id='word_1_275' title='bbox 1080 3305 1485 3388; x_wconf 81' lang='lat' dir='ltr'>u1bis‚quae</span> <span class='ocrx_word' id='word_1_276' title='bbox 1522 3301 1896 3367; x_wconf 87' lang='lat' dir='ltr'>humanitas</span> <span class='ocrx_word' id='word_1_277' title='bbox 1935 3300 2190 3384; x_wconf 86' lang='lat' dir='ltr'>civium,</span> 
     </span>
     <span class='ocr_line' id='line_1_37' title="bbox 156 3388 2191 3483; baseline -0.005 -20"><span class='ocrx_word' id='word_1_278' title='bbox 156 3421 323 3483; x_wconf 89' lang='lat' dir='ltr'>quae</span> <span class='ocrx_word' id='word_1_279' title='bbox 396 3398 491 3461; x_wconf 90' lang='lat' dir='ltr'>rei</span> <span class='ocrx_word' id='word_1_280' title='bbox 563 3395 864 3480; x_wconf 88' lang='lat' dir='ltr'>publicae</span> <span class='ocrx_word' id='word_1_281' title='bbox 938 3393 1249 3477; x_wconf 75' lang='lat' dir='ltr'>dignitas,</span> <span class='ocrx_word' id='word_1_282' title='bbox 1325 3413 1491 3475; x_wconf 87' lang='grc'>(11133</span> <span class='ocrx_word' id='word_1_283' title='bbox 1563 3395 1781 3455; x_wconf 86' lang='lat' dir='ltr'>vestra</span> <span class='ocrx_word' id='word_1_284' title='bbox 1854 3388 2191 3454; x_wconf 79' lang='lat' dir='ltr'>maiestas!</span> 
     </span>
     <span class='ocr_line' id='line_1_38' title="bbox 157 3478 2185 3570; baseline -0.004 -19"><span class='ocrx_word' id='word_1_285' title='bbox 157 3485 408 3562; x_wconf 83' lang='lat' dir='ltr'>Quibus</span> <span class='ocrx_word' id='word_1_286' title='bbox 457 3505 579 3570; x_wconf 84' lang='lat' dir='ltr'>ego</span> <span class='ocrx_word' id='word_1_287' title='bbox 619 3482 921 3548; x_wconf 90' lang='lat' dir='ltr'>omnibus</span> <span class='ocrx_word' id='word_1_288' title='bbox 961 3484 1154 3546; x_wconf 89' lang='lat' dir='ltr'>antea</span> <span class='ocrx_word' id='word_1_289' title='bbox 1191 3481 1388 3545; x_wconf 88' lang='lat' dir='ltr'>rebus</span> <span class='ocrx_word' id='word_1_290' title='bbox 1428 3480 1522 3545; x_wconf 89' lang='lat' dir='ltr'>sic</span> <span class='ocrx_word' id='word_1_291' title='bbox 1556 3478 1839 3564; x_wconf 86' lang='lat' dir='ltr'>fruebar,</span> <span class='ocrx_word' id='word_1_292' title='bbox 1886 3481 1961 3541; x_wconf 90' lang='lat' dir='ltr'>ut</span> <span class='ocrx_word' id='word_1_293' title='bbox 1994 3498 2185 3542; x_wconf 89' lang='lat' dir='ltr'>nemo</span> 
     </span>
    </p>
   </div>
  </div>
 </body>
</html>
