2534 3875
114 943 178 994 15

120 2185 183 2233 16

149 2610 184 2673 7

210 166 342 230 254
747 165 826 220 IN
865 165 927 219 L.
966 162 1372 220 CATILINAM
1410 162 1680 218 ORATIO
1722 162 1768 218 1.
1834 239 1838 244 ,

210 309 427 395 patior
502 310 712 394 sileri,
774 331 856 374 ne
910 309 981 373 in
1034 309 1159 375 hac
1214 307 1483 374 civitate
1539 308 1711 372 tanti
1764 307 2076 372 facinoris
2142 307 2245 371 in-

213 399 493 463 manitas
541 402 655 463 aut
702 397 995 462 extitisse
1042 401 1156 461 aut
1199 418 1334 461 non
1385 395 1715 461 vindicata
1753 417 1892 460 esse
1930 395 2244 460 videatur.

211 487 671 552 Praetermitto
729 486 952 551 ruinas
1006 485 1418 550 fortunarum
1477 488 1765 568 tuarum,
1821 506 1980 569 quas
2029 482 2242 548 omnis

212 575 558 660 inpendere
602 575 726 639 tibi
771 573 1105 659 proxumis
1151 572 1376 638 Idibus
1425 574 1692 656 senties3
1739 573 1821 636 ad
1867 572 1986 637 illa
2029 571 2243 654 veniO,

214 686 377 748 quae
430 685 563 728 11011
618 663 701 728 0(1
758 662 1086 747 privatam
1131 662 1562 745 ignominiam
1607 661 1917 726 vitiorum
1962 664 2243 742 tuorum,
2271 677 2303 719 5

212 775 345 817 non
384 753 464 816 ad
503 752 925 816 domesticam
955 755 1137 815 tuam
1168 749 1621 815 difficultatem
1651 771 1726 814 ac
1753 749 2242 834 turpitudinem,

215 841 330 905 sed
376 841 457 905 ad
505 861 825 904 summam
872 861 1009 904 rem
1054 838 1387 923 publicam
1434 841 1627 922 atque
1675 838 1756 903 ad
1803 838 2091 903 omnium
2125 858 2242 900 no-

219 934 427 994 strum
472 929 674 992 vitam
722 927 1125 1012 salutemque
1161 927 1504 1011 pertinent.
1577 926 1883 991 Potestne
1921 925 2046 991 tibi
2080 925 2244 990 haec

217 1017 357 1100 lux,
413 1013 725 1100 Catilina,
782 1020 896 1081 aut
949 1014 1141 1080 huius
1199 1015 1363 1080 caeli
1410 1015 1678 1101 spiritus
1725 1036 1865 1080 esse
1910 1013 2242 1097 iucunduS,

218 1127 363 1170 cum
410 1104 579 1169 scias
626 1125 765 1168 esse
811 1105 1043 1169 horum
1079 1105 1431 1188 neminem,
1487 1104 1597 1188 qui
1641 1104 1888 1169 nesciat
1923 1107 1990 1167 te
2037 1101 2243 1187 pridie
2275 1121 2335 1162 ιο

218 1192 544 1258 Kalendas
582 1190 919 1257 Ianuarias
956 1191 1199 1277 Lepido
1240 1197 1306 1257 et
1338 1192 1528 1257 Tullo
1568 1192 1944 1257 consulibus
1982 1191 2244 1255 stetisse

219 1281 289 1346 in
344 1281 607 1346 comitio
665 1303 810 1346 cum
854 1281 1018 1365 11010,
1072 1303 1338 1346 manum
1385 1281 1723 1346 consulum
1769 1285 1836 1344 et
1879 1278 2245 1364 principum

220 1369 505 1434 civitatis
571 1369 1162 1434 interficiendorum
1216 1389 1414 1435 causa
1466 1369 1822 1453 paravisse,
1887 1368 2115 1433 sceleri
2167 1388 2246 1432 ac

218 1458 425 1523 furori
479 1461 593 1523 tuo
650 1478 783 1523 non
838 1461 1121 1522 mentem
1176 1457 1465 1542 aliquam
1521 1463 1636 1522 aut
1691 1458 1994 1522 timorem
2039 1460 2246 1539 tuum,

222 1547 334 1610 sed
377 1546 709 1611 fortunam
754 1546 980 1631 populi
1025 1545 1308 1610 Romani
1353 1546 1732 1611 obstitisse?
1803 1545 1903 1611 Ac
1947 1546 2081 1610 iam
2125 1544 2247 1607 illa
2277 1562 2337 1604 1⁵
2432 1573 2438 1578 ·

222 1635 455 1700 omitto
518 1633 753 1720 (neque
801 1636 973 1699 enim
1018 1638 1171 1698 sunt
1218 1639 1334 1699 aut
1379 1635 1656 1700 obscura
1701 1637 1816 1698 aut
1859 1655 1991 1698 non
2037 1634 2248 1696 multa

221 1723 568 1788 commissa
594 1719 881 1809 postea);
918 1723 1216 1807 quotiens
1245 1727 1320 1788 tu
1349 1745 1451 1787 me
1480 1723 1909 1807 designatum,
1947 1722 2246 1806 quotiens

222 1812 553 1878 consulem
581 1812 941 1876 interficere
970 1815 1239 1876 conatus
1261 1814 1356 1876 es!
1389 1815 1549 1895 quot
1577 1833 1699 1896 ego
1728 1815 1877 1875 tuas
1896 1810 2246 1896 petitiones

221 1901 319 1965 ita
372 1900 723 1985 coniectae,
778 1903 853 1965 ut
906 1899 1105 1965 vitari
1157 1921 1352 1985 posse
1407 1921 1538 1965 non
1592 1900 1990 1983 viderentur,
2043 1919 2248 1985 parva

222 1988 503 2075 quadam
539 1989 969 2053 declinatione
1006 1992 1089 2072 et,
1124 1993 1201 2053 ut
1238 1989 1440 2073 aiunt,
1476 2010 1745 2073 corpore
1783 1988 2012 2074 effugi!
2059 1986 2246 2051 Nihil
2276 2006 2340 2047 20

224 2077 425 2163 [agis,
468 2078 665 2158 nihil]
715 2076 1087 2161 adsequeris
1135 2078 1181 2161 [,
1227 2077 1394 2141 nihil
1442 2077 1724 2158 moliris]
1771 2098 1979 2160 neque
2023 2080 2248 2139 tamen

223 2166 443 2231 conari
510 2187 585 2230 ac
652 2165 820 2230 velle
876 2165 1153 2230 desistis,
1255 2165 1566 2241 Quotiens
1621 2166 1746 2231 tibi
1799 2166 1930 2229 iam
1987 2166 2248 2229 extorta

225 2258 326 2319 est
351 2255 482 2319 ista
511 2253 645 2319 sica
673 2253 749 2318 de
777 2253 1096 2337 manibuS,
1131 2254 1431 2337 quotiens
1461 2255 1668 2335 [vero]
1701 2253 1935 2319 excidit
1962 2275 2117 2317 casu
2137 2255 2249 2318 ali-

226 2365 353 2427 quo
391 2346 457 2408 et
492 2342 717 2427 elapsa
751 2344 877 2407 est!
926 2344 1175 2422 [tamen
1212 2364 1289 2406 ea
1325 2364 1544 2407 carere
1581 2342 1822 2407 diutius
1858 2364 1990 2407 non
2028 2344 2246 2424 potes]

226 2454 391 2516 quae
448 2430 704 2513 quidem
766 2430 999 2514 quibus
1057 2431 1175 2495 abs
1221 2434 1288 2494 te
1333 2430 1596 2496 initiata
1641 2431 1966 2496 80011000
2011 2431 2248 2496 devota
2275 2448 2336 2490 25

226 2520 339 2603 sit,
393 2518 639 2599 1108010,
695 2518 867 2602 quod
925 2540 1068 2583 eam
1112 2540 1376 2583 11000880
1420 2523 1614 2603 putas
1661 2540 1803 2585 esse
1847 2520 1916 2583 in
1961 2519 2248 2584 consulis

226 2628 495 2692 corpore
554 2606 849 2691 defigere.
939 2604 1129 2671 Nunc
1173 2628 1328 2672 vero
1375 2628 1541 2691 quae
1585 2612 1701 2672 tua
1745 2611 1849 2672 est
1892 2608 2024 2672 ista
2067 2608 2248 2673 vita?

228 2694 332 2759 Sic
388 2694 559 2758 enim
616 2695 749 2759 iam
803 2698 1019 2759 tecum
1072 2695 1330 2780 loquar,
1393 2717 1527 2760 non
1579 2699 1654 2760 ut
1708 2696 1856 2761 odio
1912 2701 2248 2780 permotus

229 2805 369 2848 esse
406 2782 647 2864 videar,
691 2803 819 2866 quo
868 2782 1089 2867 debe0,
1134 2784 1246 2847 sed
1291 2786 1367 2847 ut
1412 2784 1872 2867 misericordia,
1919 2806 2084 2868 quae
2124 2785 2251 2849 tibi

226 2871 407 2936 nulla
455 2870 741 2935 debetur.
813 2868 1073 2935 Venisti
1117 2872 1314 2956 paulo
1364 2876 1515 2937 ante
1564 2874 1634 2937 in
1679 2878 1995 2938 senatum.
2087 2872 2249 2949 Quis
2276 2890 2335 2932 ³⁰

228 2964 296 3025 te
360 2981 437 3024 ex
500 2959 625 3023 hac
688 2961 879 3024 tanta
943 2958 1315 3042 frequentia
1379 2961 1609 3041 totque
1675 2960 1806 3023 tuis
1879 2961 2103 3027 amicis
2173 2983 2251 3027 ac

229 3047 609 3113 necessariis
652 3045 1008 3111 salutavit?
1065 3044 1134 3111 Si
1169 3047 1294 3112 hoc
1322 3051 1475 3131 post
1500 3047 1838 3113 hominum
1866 3050 2252 3115 memoriam

233 3136 513 3222 contigit
556 3135 825 3218 nemini,
872 3134 1049 3199 vocis
1096 3139 1396 3219 expectas
1442 3138 1922 3219 contumeliam,
1967 3159 2114 3203 cum
2160 3140 2253 3203 sis

233 3224 621 3310 gravissimo
702 3223 937 3289 iudicio
1012 3224 1483 3289 taciturnitatis
1555 3227 1950 3309 oppressus?
2065 3224 2254 3309 Quid,

234 3313 405 3397 quod
452 3313 732 3379 adventu
777 3315 893 3377 tuo
939 3312 1071 3376 ista
1108 3312 1418 3377 subsellia
1452 3313 1830 3379 vacuefacta
1865 3318 2032 3393 8111111,
2079 3279 2254 3399 quod
2279 3330 2335 3374 111

233 3422 455 3465 omnes
512 3400 913 3483 consulares,
969 3400 1080 3484 qui
1132 3401 1259 3465 tibi
1313 3422 1622 3485 persaepe
1669 3402 1750 3466 ad
1796 3364 2056 3467 caedem
2103 3425 2252 3469 con-

234 3488 449 3553 stituti
502 3488 790 3575 fuerunt,
846 3489 1039 3554 simul
1097 3494 1292 3575 atque
1347 3488 1681 3576 adsedisti,
1743 3494 1998 3574 partem
2051 3491 2254 3557 istam
