2534 3875
805 178 960 234 cAP.
999 184 1213 233 43—-45
1252 185 1283 245 6
1324 186 1621 235 121—126.
2066 182 2192 245 147

167 320 384 385 (16111(16
433 322 684 387 bonum
727 322 937 387 virum
983 320 1188 387 fuisse
1231 322 1681 408 Oppianicum,
1724 322 2059 389 hominem
2103 325 2200 390 in-

165 415 441 493 tegrum,
488 410 655 474 nihil
704 410 777 486 de
823 411 936 475 illo
984 433 1294 496 umquam
1333 433 1516 475 secus
1556 433 1697 476 esse
1736 412 2201 496 existimatum,

163 498 322 562 nihil
381 498 662 583 denique
708 500 1239 583 praeiudicatum.
1332 498 1500 564 Tum
1548 502 2006 565 auctoritatem
2054 522 2201 566 cen-

164 586 402 651 soriam
467 587 869 671 amplexato,
926 591 1069 652 tum
1114 588 1383 652 illorum
1428 588 1738 653 iudicium
1785 589 2199 653 coniunctum

117 695 300 739 scum
347 696 424 739 re
473 696 616 739 esse
662 674 1008 741 defendito.
1091 674 1267 757 Dum
1314 698 1471 741 vero
1520 698 1666 741 eum
1705 677 1907 741 fuisse
1947 676 2186 762 Oppia·
2205 696 2308 745 125

159 762 374 828 uicum
424 763 774 846 constabit,
821 763 932 847 (1111
975 764 1234 829 tabulas
1284 765 1581 848 publicas
1630 765 1965 848 municipii
2003 788 2202 830 manu

162 873 274 915 sua
330 853 705 935 corrupisse
758 852 1080 917 iudicatus
1138 853 1252 936 sit,
1308 854 1420 937 qui
1475 856 1946 918 testamentum
2002 855 2201 918 inter-

160 940 424 1021 leverit,
493 940 605 1023 qui
669 941 1012 1024 supposita
1075 962 1357 1024 persona
1421 941 1665 1006 falsum
1732 945 2201 1007 testamentum

161 1029 644 1114 obsignandum
692 1030 1032 1112 curaverit,
1081 1029 1194 1112 qui
1241 1050 1409 1113 eum,
1456 1030 1636 1095 cuius
1681 1032 1949 1095 nomine
1985 1031 2054 1095 id
2091 1032 2203 1095 ob-

95 1138 136 1177 10
162 1118 500 1202 signatum
555 1120 684 1201 est,
735 1117 1160 1200 interfecerit,
1215 1118 1327 1201 qui
1374 1120 1770 1200 avunculum
1815 1119 1935 1183 filii
1984 1120 2085 1184 sui
2131 1119 2203 1183 in

162 1205 476 1270 servitute
541 1227 616 1270 ac
678 1205 956 1270 vinculis
1017 1206 1375 1287 necaverit,
1442 1208 1553 1290 qui
1616 1208 1975 1291 municipes
2048 1228 2201 1272 suos

159 1294 659 1377 proscribendos
689 1294 1196 1378 occidendosque
1225 1295 1568 1379 curaverit,
1606 1296 1718 1378 qui
1746 1296 1883 1360 eius
1912 1318 2200 1378 uxorem,

161 1404 352 1465 quem
394 1382 736 1464 occiderat,
772 1382 844 1445 in
881 1383 1681 1466 matrimonium-duxerit,
1720 1385 1831 1469 qui
1859 1385 2203 1468 pecuniam

158 1492 273 1553 pro
315 1471 662 1535 abortione
700 1470 967 1553 dederit,
1014 1472 1125 1555 qui
1165 1492 1440 1553 socrum,
1478 1473 1591 1555 qui
1629 1493 1881 1553 uxoreS,
1922 1472 2036 1555 qui
2071 1494 2202 1537 uno

95 1578 136 1618 15
160 1564 460 1643 tempore
495 1558 722 1623 fratris
759 1580 1027 1624 uxorem
1067 1564 1493 1643 speratosque
1529 1560 1772 1624 liberos
1800 1560 2203 1644 fratremque

161 1649 396 1731 ipsum,
450 1648 561 1731 qui
607 1647 883 1731 denique
932 1670 1086 1713 suos
1134 1647 1378 1714 liberos
1424 1647 1846 1730 interfecerit,
1896 1650 2006 1731 qui
2054 1670 2202 1712 611111

159 1757 482 1800 venenum
541 1736 847 1821 privigno
909 1758 1027 1801 suo
1085 1735 1239 1801 dare
1295 1736 1522 1819 vellet,
1577 1735 1929 1801 manifesto
1980 1736 2203 1819 depre-

161 1823 402 1889 hensus
461 1824 577 1905 sit,
632 1826 814 1889 cuius
863 1824 1178 1888 ministris
1226 1825 1632 1907 consciisque
1681 1824 2009 1889 damnatis
2057 1825 2199 1907 ipse

164 1913 482 1977 adductus
526 1912 599 1976 in
641 1912 951 1978 iudicium
996 1914 1340 1998 pecuniam
1387 1914 1583 1978 iudici
1631 1913 1881 1978 dederit
1926 1912 2009 1978 ad
2057 1934 2199 1977 sen-

98 2021 140 2060 20
162 2003 408 2066 tentias
453 2001 741 2066 iudicum
788 2001 1313 2086 corrumpendas,
1361 2002 1515 2067 dum
1560 2003 1740 2085 haec,
1786 2003 2076 2085 inquam,
2125 2001 2202 2064 de

164 2089 525 2175 Oppianico
591 2091 987 2155 constabunt
1048 2111 1258 2173 neque
1323 2090 1461 2155 ullo
1528 2093 1913 2175 argumento
1974 2088 2204 2154 Cluen-

163 2179 386 2242 tianae
441 2179 755 2262 pecuniae
809 2179 1055 2243 crimen
1107 2178 1466 2261 tenebitur,
1522 2179 1677 2263 quid
1735 2183 1864 2262 est,
1919 2178 2091 2261 quod
2137 2182 2203 2241 te

163 2267 291 2331 ista
337 2267 662 2350 censoria,
710 2267 845 2331 sive
890 2267 1198 2332 voluntas
1246 2267 1381 2332 sive
1430 2266 1850 2350 opiniofuit,
1898 2265 2203 2330 adiuvare

165 2358 279 2419 aut
315 2355 490 2419 hunc
526 2355 939 2419 innocentem
979 2355 1346 2438 opprimere
1384 2376 1577 2439 posse
1614 2354 1957 2419 videatur?
2016 2353 2186 2430 Quid
2208 2335 2316 2462 ἐξ

99 2462 140 2501 25
165 2443 371 2528 igitur
419 2465 718 2509 censores
767 2443 973 2508 secuti
1013 2445 1210 2508 sunt?
1286 2443 1386 2506 Ne
1434 2443 1563 2527 ipsi
1602 2443 1881 2527 quidem,
1927 2446 2002 2506 ut
2040 2464 2184 2528 gra·
2312 2441 2318 2448 ’

163 2533 430 2596 vissime
458 2531 685 2616 dicam,
715 2533 1062 2616 quicquam
1092 2531 1269 2595 aliud
1299 2531 1515 2595 dicent
1541 2534 1805 2615 praeter
1834 2553 2201 2596 sermonem

165 2624 364 2704 atque
422 2619 687 2686 famam.
777 2619 964 2684 Nihil
1013 2641 1083 2684 se
1129 2620 1440 2703 testibus,
1492 2620 1658 2683 nihil
1702 2620 1982 2702 tabulis,
2034 2620 2203 2683 nihil

165 2709 387 2792 aliquo
464 2709 651 2793 gravi
726 2713 1111 2794 argumento
1187 2709 1607 2792 comperisse,
1684 2709 1852 2772 nihil
1928 2708 2205 2792 denique

165 2817 360 2861 causa
409 2796 675 2881 cognita
721 2798 1031 2862 statuisse
1078 2796 1313 2862 dicent.
1401 2794 1587 2871 Quod
1634 2797 1690 2860 si
1735 2799 1831 2862 ita
1874 2797 2205 2880 fecissent,

97 2902 142 2942 30
165 2889 388 2949 tamen
434 2885 502 2948 id
546 2907 679 2948 non
723 2886 820 2950 ita
863 2885 1065 2949 fixum
1113 2906 1252 2949 esse
1302 2883 1584 2968 deberet,
1629 2888 1705 2949 ut
1750 2886 2028 2950 convelli
2069 2905 2205 2948 non

165 2971 410 3037 liceret.
501 2971 656 3037 Non
715 2977 867 3038 utar
928 2972 1375 3056 exemplorum
1435 2975 1653 3058 copia,
1720 2996 1886 3057 (11166
1947 2995 2205 3037 summa

166 3066 284 3143 est,
320 3083 453 3125 non
491 3083 631 3126 rem
667 3066 973 3145 veterem,
1013 3083 1143 3126 non
1176 3061 1509 3126 hominem
1548 3064 1886 3144 potentem
1918 3062 2201 3144 aliquem

166 3154 279 3214 aut
346 3150 712 3235 gratiosum
775 3150 1122 3234 proferam.
1231 3149 1460 3234 Nuper
1522 3150 1857 3214 hominem
1919 3151 2200 3230 tenuem,

167 3237 454 3302 scribam
509 3239 906 3321 aedilicium,
972 3238 1049 3302 D.
1095 3237 1508 3319 Matrinium,
1567 3260 1715 3302 cum
1769 3236 2201 3301 defendissem

99 3341 141 3380 ³⁵
167 3325 341 3408 apud
397 3325 485 3390 M.
530 3327 789 3391 Iunium
837 3325 909 3402 Q.
955 3325 1325 3390 Publicium
1381 3330 1713 3409 praetores
1772 3329 1838 3388 et
1883 3323 1969 3388 M.
2016 3323 2199 3387 Plae-

166 3415 414 3478 torium
479 3413 546 3479 O.
612 3415 1012 3480 Flaminium
1075 3415 1315 3478 aediles
1384 3414 1669 3496 curules,
1740 3411 2062 3496 persuasi,
2119 3415 2201 3476 ’ut

167 3501 452 3567 scribam
496 3503 696 3569 iurati
743 3505 1036 3590 legerent
1083 3523 1259 3586 eum,
1310 3524 1501 3586 quem
1540 3501 1713 3564 idem
1750 3501 1864 3563 isti
1902 3519 2199 3563 censores

1775 3603 1882 3654 10*
