2534 3875
0 750 10 981 l

851 160 1008 216 CAP.
1036 168 1095 231 4,
1135 168 1166 215 5
1206 168 1235 227 s
1278 168 1502 219 10-16,
2087 162 2219 227 183

180 305 616 389 vectigalibus
655 303 1023 389 recipiatur,
1059 306 1184 371 hac
1220 306 1319 371 uti
1356 306 1773 371 decemviros.
1828 306 2028 382 Quasi
2058 330 2218 373 vero

180 415 312 458 non
358 394 816 477 intellegamus
862 394 1024 458 haec
1072 416 1182 459 eos
1228 394 1609 479 vectigalia,
1656 416 1821 477 quae
1869 393 1981 459 On.
2025 394 2219 460 Pom-

181 482 365 565 peius
413 481 797 565 adiunxerit,
841 482 1116 547 vendere
1163 485 1468 567 cogitare.

312 568 572 635 Videtis
625 569 784 649 iam,
842 573 1065 653 patres
1121 570 1503 654 conscripti,
1560 570 1863 636 omnibus
1910 572 2103 636 rebus
2144 576 2219 637 et

131 674 156 715 ⁵
183 658 395 723 modis
451 661 892 723 constructam
949 663 1016 723 et
1069 662 1519 725 coacervatam
1570 660 1909 742 pecuniam
1969 660 2216 724 decem-

181 746 475 811 viralem.
536 745 868 809 Minuetur
911 746 1105 811 huius
1143 748 1455 831 pecuniae
1492 747 1765 831 invidia3
1802 753 2216 813 consumetur

183 835 356 899 enim
412 834 482 898 in
539 854 845 918 agrorum
907 834 1367 919 emptionibus.
1449 833 1750 919 Optume.
1841 835 1999 911 Quis
2056 857 2215 921 ergo

183 927 354 987 emet
403 943 598 1007 agros
636 922 844 986 istos?
900 922 1082 987 Idem
1127 922 1501 1006 decemviri3
1548 927 1642 1007 tu,
1685 924 1900 1009 Rulle,
1946 923 2215 1009 (missos

184 1012 359 1075 enim
412 1010 584 1075 facio
642 1008 922 1094 ceteros)
977 1032 1180 1092 emes,
1235 1012 1409 1095 quod
1453 1012 1665 1095 voles,
1720 1013 1985 1096 vendeS,
2042 1012 2217 1097 quod

107 1115 158 1154 1⁰
181 1100 391 1182 voles3
445 1101 794 1183 utrumque
853 1100 1089 1163 horum
1146 1099 1375 1183 facies,
1432 1103 1659 1184 quanti
1717 1103 1919 1167 voles.
2010 1099 2217 1166 Cavet

183 1190 356 1252 enim
401 1186 504 1252 vir
551 1186 862 1270 optimus,
901 1209 982 1251 ne
1020 1191 1196 1252 emat
1233 1188 1317 1252 ab
1354 1188 1581 1254 invito.
1652 1186 1855 1264 Quasi
1890 1211 2045 1254 vero
2083 1211 2217 1255 non

183 1276 646 1359 intellegamus
695 1275 779 1339 ab
825 1276 1034 1341 invito
1079 1297 1293 1340 emere
1331 1275 1720 1342 iniuriosum
1758 1299 1918 1361 esse,
1964 1278 2047 1343 ab
2084 1300 2216 1343 non

180 1364 389 1428 invito
457 1366 937 1448 quaestuosum.
1037 1365 1365 1440 Quantum
1433 1365 1557 1429 tibi
1614 1366 1758 1450 agri
1817 1366 2079 1446 vendet,
2141 1370 2217 1430 ut

182 1452 347 1517 alios
396 1452 726 1535 omittam,
773 1472 956 1517 socer
999 1456 1181 1534 tuuS,
1239 1456 1325 1535 et,
1372 1452 1427 1516 si
1472 1472 1594 1536 ego
1642 1454 1779 1517 eius
1818 1454 2217 1537 aequitatem

105 1555 154 1595 15
183 1541 387 1605 animi
432 1542 634 1624 probe
679 1540 862 1624 novi,
921 1541 1156 1604 vendet
1199 1561 1335 1605 non
1379 1540 1668 1607 invitus?
1728 1540 1997 1605 Facient
2042 1543 2213 1607 idem

181 1629 382 1693 ceteri
427 1628 727 1711 libenter,
771 1632 848 1692 ut
883 1628 1320 1713 possessionis
1368 1629 1679 1693 invidiam
1725 1629 2000 1713 pecunia
2046 1652 2216 1694 com-

180 1720 466 1799 mutent,
511 1717 862 1801 accipiant,
918 1717 1090 1802 quod
1137 1717 1407 1801 cupiunt
1416 1767 1434 1800 ,
1493 1717 1673 1799 dent,
1720 1717 1891 1801 quod
1937 1718 2215 1782 retinere

181 1806 290 1871 vix
338 1809 636 1889 possunt.

315 1892 507 1958 Nune
551 1893 902 1978 perspicite
941 1894 1230 1959 omnium
1269 1915 1489 1959 rerum
1524 1893 1854 1960 infinitam
1890 1898 2085 1979 atque
2121 1894 2216 1959 in·

101 1999 154 2038 20
180 1982 594 2048 tolerandam
661 1983 1014 2048 licentiam.
1113 1983 1397 2048 Pecunia
1452 1989 1677 2048 coacta
1731 1986 1832 2047 est
1886 1983 1967 2047 ad
2023 2003 2217 2067 agros

181 2071 519 2154 emendos3
566 2071 616 2134 ii
659 2092 856 2155 porro
905 2072 988 2135 ab
1033 2071 1259 2135 invitis
1296 2093 1429 2136 non
1467 2074 1779 2136 ementur.
1845 2069 1915 2134 Si
1952 2085 2216 2135 consen-

181 2159 391 2224 serint
455 2179 864 2242 possessores
927 2181 1060 2224 non
1123 2159 1425 2242 vendere,
1494 2159 1649 2242 quid
1710 2160 2003 2224 futurum
2070 2160 2217 2238 est?

180 2247 526 2312 Referetur
597 2248 915 2332 pecunia?
1030 2247 1095 2313 N
1099 2269 1181 2312 on
1253 2248 1423 2313 licet.
1529 2247 1895 2332 Exigetur‘?
1994 2246 2216 2312 Vetat.

180 2333 431 2400 Verum
477 2338 647 2418 esto;
691 2335 857 2400 nihil
897 2340 1014 2419 est,
1052 2336 1222 2415 quod
1257 2358 1392 2400 non
1429 2335 1558 2400 emi
1594 2337 1825 2419 possit,
1862 2333 1921 2399 si
1956 2338 2218 2400 tantum

99 2439 153 2480 25
183 2424 315 2507 deS,
361 2427 682 2508 quantum
727 2424 885 2488 velit
930 2423 1246 2488 venditor.
1326 2421 1691 2507 Spoliemus
1738 2425 1964 2488 orbem
2010 2428 2218 2488 terra·

180 2534 356 2593 rum,
422 2511 777 2577 vendamus
831 2512 1206 2597 vectigalia,
1273 2511 1675 2576 effundamus
1731 2511 2079 2596 aerarium,
2143 2516 2219 2577 ut

181 2601 599 2684 locupletatis
647 2605 762 2665 aut
805 2600 1085 2666 invidiae
1123 2604 1236 2664 aut
1273 2600 1689 2686 pestilentiae
1726 2601 2217 2684 possessoribus

183 2689 331 2774 agri
373 2693 598 2752 tamen
644 2692 961 2753 emantur.
1173 2698 1178 2703 “

318 2775 488 2851 Quid
531 2778 718 2841 tum?
767 2799 930 2861 quae
977 2777 1102 2841 erit
1137 2777 1207 2841 in
1242 2777 1410 2842 istos
1449 2797 1646 2860 agros
1682 2776 1999 2860 deductio,
2045 2799 2212 2862 quae

101 2879 158 2922 ³⁰
185 2865 394 2929 totius
429 2865 527 2928 rei
571 2866 740 2930 ratio
778 2870 973 2951 atque
1010 2865 1405 2949 descriptio?
1472 2864 1951 2949 ‘Deducentur',
1988 2866 2217 2950 inquit,

187 2951 545 3018 ‘coloniae’.
641 2953 827 3028 Quo?
888 2975 1164 3037 quorum
1223 2953 1607 3018 hominum?
1677 2953 1749 3016 in
1803 2975 1967 3038 quae
2022 2954 2217 3018 loca?

187 3041 346 3117 Quis
395 3041 568 3106 enim
613 3063 748 3106 non
789 3041 968 3106 videt
1011 3043 1080 3106 in
1126 3041 1399 3106 coloniis
1446 3063 1586 3106 esse
1620 3041 1783 3106 haec
1817 3041 2037 3105 omnia
2073 3063 2220 3105 con-

187 3128 574 3194 sideranda?
664 3127 813 3193 Tibi
859 3151 978 3194 nos
989 3179 1004 3212 ,
1049 3129 1269 3212 Rulle,
1316 3133 1383 3193 et
1428 3129 1575 3193 istis
1621 3129 1753 3193 tuis
1797 3129 2030 3192 harum
2078 3150 2218 3192 om-

185 3217 368 3282 nium
427 3239 644 3282 rerum
709 3217 1268 3282 machinatoribus
1322 3219 1534 3282 totam
1588 3216 1849 3280 Italiam
1903 3215 2218 3279 inermem

107 3321 160 3363 ³⁵
188 3307 548 3370 tradituros
601 3305 1019 3389 existimasti,
1073 3327 1268 3389 quam
1328 3304 1669 3389 praesidiis
1726 3303 2218 3387 confirmaretiS,

187 3394 465 3460 coloniis
541 3395 971 3478 occuparetis,
1044 3393 1349 3458 omnibus
1411 3393 1645 3458 vinclis
1720 3390 2085 3455 devinctam
2150 3395 2217 3455 et

189 3481 611 3546 constrictam
659 3482 1013 3546 teneretis?
1061 3480 1219 3545 -Ubi
1267 3480 1439 3544 enim
1485 3482 1766 3560 cavetur,
1811 3499 1891 3542 ne
1937 3478 2007 3542 in
2050 3478 2217 3544 Iani·

2253 535 2323 659 ia

2258 1909 2333 1959 15

2253 2794 2323 2843 16
