2534 3875
253 114 342 176 50
805 110 948 167 PRO
988 113 1053 166 A.
1094 109 1417 166 CAECINA
1456 109 1744 165 ORATIO.

256 254 516 340 quidem
563 255 713 339 ipsa
759 255 816 319 si
863 256 1047 340 sequi
1090 256 1423 337 volumuS,
1471 276 1599 339 quo
1648 254 1841 318 modo
1888 256 1963 318 tu
2010 253 2315 338 deiceris.

256 366 404 408 cum
451 365 674 408 servus
721 347 872 407 tuus
921 343 1238 415 deicitur?
1330 341 1577 407 Verum
1622 342 1720 407 ita
1776 346 1903 426 est,
1957 341 2057 406 uti
2112 341 2312 425 dicis;

254 436 323 496 te
351 431 670 496 deiectum
699 432 900 496 debeo
929 431 1329 515 intellegere,
1368 430 1627 495 etiamsi
1664 434 1882 495 tactus
1910 452 2041 494 non
2078 429 2311 495 fueris,

257 518 536 585 Nonne?
619 520 763 605 Age
816 542 1016 601 nunc,
1078 520 1134 583 si
1187 540 1269 583 ne
1324 522 1587 584 tuorum
1644 519 1903 602 quidem
1952 522 2313 603 quisquam

255 608 400 673 loco
456 609 676 672 motus
733 607 860 671 erit
905 612 1098 691 atque
1147 628 1371 671 omnes
1416 606 1489 672 in
1534 607 1800 671 aedibus
1848 606 2176 671 adservati
2224 628 2310 671 ac
2341 623 2374 665 5

257 697 518 781 retenti,
562 699 638 760 tu
685 697 864 761 solus
910 695 1281 779 prohibitus
1330 698 1399 759 et
1443 718 1482 759 a
1520 695 1651 758 tuis
1690 694 1959 759 aedibus
1994 694 2063 758 vi
2101 697 2309 777 atque

261 786 458 849 armis
509 784 929 867 proterritus,
974 786 1195 848 utrum
1241 784 1412 848 hanc
1458 783 1785 847 actionem
1830 782 2123 866 habebis,
2169 805 2312 867 qua

257 894 378 937 nos
405 872 510 936 usi
537 894 782 955 sumus,
819 894 904 936 an
932 872 1128 936 aliam
1159 871 1535 974 quampiam
1573 893 1658 935 an
1694 870 1959 936 omnino
1996 871 2308 935 nullam‘?

259 959 533 1025 Nullam
580 982 722 1024 esse
769 960 1092 1025 actionem
1138 960 1349 1024 dicere
1405 960 1474 1023 in
1529 982 1599 1023 re
1653 964 1789 1024 tam
1846 959 2092 1044 insigni
2134 962 2309 1023 tam-

262 1070 385 1133 que
442 1049 651 1113 atroci
702 1070 912 1132 neque
969 1048 1351 1131 prudentiae
1405 1069 1615 1133 neque
1674 1047 2084 1113 auctoritatis
2143 1051 2307 1111 tuae
2344 1066 2404 1106 ιο

263 1140 386 1220 est3
436 1137 566 1200 alia
613 1138 669 1200 si
715 1158 879 1220 quae
927 1136 1092 1201 forte
1132 1141 1250 1220 est,
1298 1158 1462 1221 quae
1499 1157 1620 1200 nos
1656 1135 1917 1221 fugerit,
1963 1136 2083 1219 dic,
2130 1157 2308 1220 quae

153 1244 222 1293 38
262 1226 374 1308 sit3
421 1225 611 1309 cupio
659 1225 921 1290 discere.
1012 1223 1192 1289 Haec
1247 1224 1305 1288 si
1360 1229 1484 1308 est,
1541 1247 1669 1308 qua
1722 1245 1842 1288 nos
1898 1225 2001 1288 usi
2055 1245 2307 1305 sumuS,

260 1317 327 1377 te
372 1312 582 1377 iudice
628 1313 964 1378 vincamus
1009 1334 1272 1377 necesse
1320 1316 1441 1377 est.
1510 1311 1663 1377 Non
1710 1312 1880 1376 enim
1926 1333 2169 1394 vereor,
2214 1334 2306 1376 ne

258 1402 384 1467 hoc
429 1401 632 1485 dicaS,
685 1402 757 1465 in
811 1402 1034 1466 eadem
1092 1423 1289 1466 causa
1333 1402 1557 1465 eodem
1603 1400 1951 1465 interdicto
1996 1404 2062 1465 te
2109 1421 2305 1484 opor-

260 1493 398 1555 tere
444 1490 725 1575 restitui,
772 1488 1114 1555 Caecinam
1161 1512 1295 1554 non
1332 1492 1651 1574 oportere.
1722 1488 1988 1553 Etenim
2025 1489 2129 1553 cui
2164 1509 2305 1553 non
2342 1508 2402 1548 15

259 1579 676 1663 perspicuum
732 1582 832 1643 est
879 1579 960 1643 ad
1005 1578 1327 1643 incertum
1382 1578 1673 1643 revocari
1727 1577 1925 1661 bona,
1980 1576 2305 1661 fortunae,

260 1667 706 1750 possessiones
755 1667 1064 1750 omnium,
1111 1666 1170 1730 si
1214 1665 1354 1730 ulla
1401 1688 1478 1729 ex
1514 1669 1703 1750 parte
1742 1665 2069 1730 sententia
2103 1664 2303 1729 huius

260 1754 590 1819 interdicti
657 1755 990 1819 deminuta
1053 1759 1168 1819 aut
1230 1754 1565 1818 infirmata
1611 1754 1721 1830 sit,
1787 1754 1845 1818 si
1908 1752 2303 1817 auctoritate

259 1843 551 1907 virorum
600 1844 836 1907 talium
890 1844 990 1907 vis
1048 1846 1453 1907 armatorum
1506 1842 1848 1907 hominum
1892 1841 2132 1906 iudicio
2182 1841 2293 1905 ad-

258 1931 544 2016 probata
593 1931 917 2014 videatur,
971 1931 1042 1995 in
1095 1953 1223 2016 quo
1279 1930 1516 1998 iudicio
1563 1953 1697 1996 non
1742 1930 1821 1995 de
1868 1929 2065 1996 armis
2115 1930 2299 1994 dubi·
2333 1949 2399 1990 20

258 2024 501 2102 tatum,
567 2020 678 2084 sed
735 2020 812 2084 de
868 2019 1083 2084 verbis
1139 2021 1507 2104 quaesitum
1564 2041 1705 2084 esse
1762 2019 2057 2083 dicatur?
2147 2017 2300 2082 Isne

262 2108 433 2190 apud
487 2129 605 2174 vos
663 2107 987 2173 obtinebit
1043 2129 1307 2172 causam
1364 2130 1576 2192 suam,
1638 2107 1751 2192 qui
1806 2129 1874 2172 se
1930 2107 2027 2172 ita
2083 2105 2302 2171 defen-

262 2195 456 2260 derit:
515 2195 768 2261 eReieci
815 2217 936 2282 ego
983 2200 1050 2259 te
1099 2197 1370 2260 armatis
1416 2196 1819 2276 hominibuS,
1864 2217 1997 2259 non
2044 2193 2300 2276 deieci',

260 2289 337 2348 ut
389 2288 650 2349 tantum
703 2284 953 2349 facinus
1007 2304 1142 2348 non
1195 2285 1264 2348 in
1321 2285 1650 2368 aequitate
1707 2282 2127 2366 defensionis„
2184 2283 2303 2347 sed

151 2389 222 2438 39
260 2371 332 2435 in
377 2394 506 2436 una
552 2372 778 2436 littera
822 2373 1097 2437 latuisse
1143 2372 1484 2436 videatur?
1558 2371 1847 2437 Huiusce
1883 2371 1978 2436 rei
2013 2393 2129 2436 vos
2168 2375 2301 2436 sta·
2332 2389 2397 2431 25

262 2459 460 2522 tuetis
519 2461 770 2524 nullam
831 2482 974 2525 esse
1033 2460 1384 2544 actionem,
1442 2461 1693 2524 nullum
1761 2459 2139 2544 experiundi
2196 2460 2301 2524 ius

262 2547 710 2630 constitutum,
749 2549 859 2632 qui
888 2548 1221 2613 obstiterit
1250 2549 1523 2612 armatis
1561 2548 1950 2625 hominibus,
1991 2547 2103 2632 qui
2130 2549 2301 2612 mul-

260 2635 539 2700 titudine
587 2640 812 2700 coacta
857 2658 989 2701 non
1033 2636 1326 2718 introitu,
1374 2637 1485 2701 sed
1533 2636 1797 2701 omnino
1846 2637 2029 2700 aditu
2077 2657 2299 2720 quem-

157 2725 241 2788 14
258 2723 437 2808 piam
483 2723 938 2807 prohibuerit?
1023 2723 1193 2799 Quid
1239 2725 1442 2808 ergo?
1488 2724 1613 2788 hoc
1662 2747 1858 2809 quam
1903 2725 2102 2788 habet
2138 2725 2296 2808 vim,

261 2814 335 2875 ut
375 2811 615 2875 distare
655 2812 899 2894 aliquid
937 2816 1052 2876 aut
1089 2833 1166 2875 ex
1204 2812 1426 2897 aliqua
1462 2816 1649 2895 parte
1688 2813 1945 2877 differre
1981 2813 2301 2896 videatur,
2330 2831 2395 2872 so

260 2903 507 2982 utrum,
551 2899 781 2983 pedem
830 2922 974 2964 cum
1021 2899 1307 2964 intulero
1354 2904 1551 2983 atque
1607 2903 1675 2964 in
1730 2901 2142 2984 possessione
2188 2922 2300 2966 ve—

261 2989 532 3072 stigium
576 2987 815 3069 fecero,
872 2992 1012 3051 tum
1060 2989 1349 3072 expellar
1397 3010 1471 3053 ac
1519 2989 1783 3068 deiciar,
1830 3010 1915 3053 an
1960 2989 2185 3053 eadem
2231 2990 2303 3054 vi

261 3081 330 3140 et
381 3076 587 3140 isdem
644 3077 845 3140 armis
903 3075 1065 3140 mihi
1121 3079 1273 3140 ante
1330 3082 1731 3160 occurratur,
1786 3099 1867 3141 ne
1923 3099 2054 3142 non
2101 3077 2298 3143 modo

259 3165 533 3248 intrare,
598 3186 823 3229 verum
879 3164 1170 3249 aspicere
1227 3168 1343 3228 aut
1398 3166 1686 3248 aspirare
1741 3166 2035 3249 possim?
2128 3164 2302 3241 Quid

259 3251 385 3318 hoc
431 3253 510 3317 ab
559 3252 676 3317 illo
725 3253 965 3336 differt,
1023 3255 1098 3316 ut
1144 3252 1256 3316 ille
1307 3259 1580 3338 cogatur
1626 3255 1995 3337 restituere,
2043 3255 2155 3339 qui
2200 3255 2297 3318 in·
2330 3273 2388 3316 ss

259 3361 557 3423 gressum
613 3342 961 3426 expulerit,
1021 3341 1159 3426 ille,
1219 3342 1332 3426 qui
1392 3341 1865 3427 ingredientem
1921 3343 2300 3427 reppulerit,

151 3443 221 3493 40
257 3449 391 3493 non
436 3430 754 3516 cogatur?
828 3430 1080 3514 Videte,
1125 3451 1244 3516 per
1290 3429 1445 3496 deos
1492 3429 1924 3495 immortales!
1975 3431 2149 3515 quod
2193 3433 2299 3496 ius
