2534 3875
587 139 738 195 CAP.
778 147 989 196 30-32
1028 148 1058 208 ς
1097 148 1329 199 82-87.
1846 146 1973 210 133

0 314 34 366 ε,
102 283 244 367 qui,
291 284 464 369 quod
511 285 713 350 stulte
761 286 955 350 alteri
1000 286 1180 352 venit
1215 286 1286 351 in
1330 292 1635 372 mentem,
1682 311 1975 374 compro-

0 395 35 435 ·.
163 372 377 437 Istam
433 374 950 439 conciliationem
1011 376 1262 461 gratiae
1321 375 1625 441 Staienus
1680 380 1823 441 tum
1876 400 1973 442 re-

0 460 95 524 ,ti
157 482 262 542 re,
317 484 462 525 cum
506 461 806 527 faucibus
851 467 1283 547 premeretur,
1339 465 1763 551 excogitavit,
1820 465 1974 548 sive,

10 549 352 613 homines
399 553 542 614 tum
585 549 1040 635 loquebantur,
1087 575 1128 617 a
1164 552 1234 617 P.
1263 550 1561 639 Cethego
1600 552 1973 619 admonitus

0 661 121 702 tm
167 637 349 701 dedit
387 637 864 703 conciliationis
905 639 1158 725 gratiae
1194 640 1509 707 fabulam.
1562 641 1737 706 Nam
1773 642 1974 707 fuisse
2012 661 2079 709 35

0 748 88 790 10
186 729 331 789 tum
411 725 749 791 hominum
833 749 1198 792 sermonem
1280 729 1607 794 recordari
1678 731 1975 815 potestiS,

0 816 318 898 zhegum,
365 815 540 899 quod
586 814 920 880 hominem
959 817 1205 882 odisset
1243 821 1311 881 et
1349 818 1523 902 quod
1559 819 1700 883 eius
1735 819 1975 903 impro-

0 906 214 968 atem
270 902 517 967 versari
572 904 646 967 in
700 926 770 968 re
826 904 1093 988 publica
1133 906 1346 970 nollet
1392 910 1459 971 εὴ
1506 906 1681 991 quod
1724 906 1976 972 videret

0 1014 55 1055 n
73 1041 99 1074 ,
154 990 272 1074 qui
317 1012 386 1055 se
434 992 516 1055 ab
563 1013 675 1057 reo
722 993 1080 1077 pecuniam,
1127 1016 1275 1059 cum
1321 993 1513 1059 iudex
1559 999 1758 1079 esset,
1804 996 1974 1060 clam

0 1101 120 1164 *ue
165 1083 356 1144 extra
393 1080 685 1144 ordinem
723 1082 1050 1165 accepisse
1102 1082 1439 1147 confessus
1479 1087 1671 1163 esset,
1717 1083 1976 1148 salvum

2 1192 49 1233 e
109 1189 257 1232 non
301 1189 514 1251 posse,
557 1169 772 1233 minus
820 1170 880 1234 ei
925 1169 1116 1234 fidele
1163 1171 1509 1235 consilium
1555 1172 1823 1237 dedisse.
1895 1171 1977 1236 In

0 1281 24 1322 ³
101 1255 168 1320 si
229 1255 566 1339 improbus
622 1255 952 1343 Cethegus
1003 1257 1160 1341 -fuit,
1220 1259 1481 1324 videtur
1535 1259 1698 1324 mihi
1753 1260 1975 1324 adver-

0 1347 177 1409 ·ium
238 1366 570 1411 removere
616 1345 929 1429 voluisse3
987 1345 1090 1410 sin
1145 1352 1290 1411 erat
1344 1349 1480 1412 eius
1538 1347 1716 1412 modi
1763 1370 1977 1431 causa,

20 1432 360 1498 Staienus
414 1455 718 1498 nummos
775 1456 843 1499 se
892 1433 1215 1519 accepisse
1260 1456 1503 1519 negare
1554 1458 1687 1501 non
1731 1442 1975 1521 posset,

0 1522 88 1586 [il
153 1525 377 1585 autem
434 1525 576 1586 erat
630 1521 1058 1606 periculosius
1111 1544 1233 1588 nec
1286 1524 1546 1608 turpius
1603 1547 1826 1607 quam,
1892 1525 1975 1588 ad

0 1632 128 1675 am
209 1631 347 1673 rem
415 1611 803 1695 accepisset,
871 1611 1194 1694 confiteri,
1260 1633 1395 1676 non
1470 1615 1571 1676 est
1629 1612 1974 1676 consilium

0 1696 219 1782 thegi
300 1698 918 1782 reprehendendum.
1036 1698 1283 1763 Verum
1359 1698 1493 1764 alia
1564 1722 1761 1764 causa
1832 1703 1974 1764 tum
2012 1717 2080 1765 Et:-

0 1786 187 1853 tieni
234 1785 384 1869 fuit,
439 1786 573 1850 alia
626 1809 827 1870 nunc,
881 1786 1071 1870 Acci,
1124 1790 1241 1852 tua
1300 1791 1419 1852 est.
1520 1786 1645 1852 Ille
1700 1810 1849 1852 cum
1903 1810 1974 1853 re

0 1877 365 1958 meretur,
438 1874 884 1959 quodcumque
958 1875 1228 1959 diceret,
1300 1876 1643 1942 honestius
1717 1877 1977 1960 diceret,

0 1987 126 2030 am
191 1962 277 2046 si,
331 1963 503 2048 quod
557 1967 701 2028 erat
754 1964 1030 2048 factum,
1082 1964 1431 2051 fateretur3
1486 1969 1554 2030 te
1609 1988 1764 2030 vero
1810 1965 1977 2030 illud

0 2075 122 2136 tn,
175 2052 351 2135 quod
395 2055 537 2116 tum
583 2053 921 2137 explosum
969 2056 1036 2117 et
1082 2054 1360 2118 eiectum
1398 2056 1517 2138 est,
1561 2076 1734 2119 nunc
1769 2056 1973 2118 rettu-

0 2163 79 2207 3e
140 2139 447 2205 demiror.
521 2138 648 2215 Qui
696 2141 871 2205 enim
915 2144 1179 2226 poterat
1224 2146 1369 2206 tum
1412 2142 1484 2205 in
1520 2144 1802 2227 gratiam
1837 2142 1975 2206 red-

70 2251 238 2293 cum
284 2227 639 2312 Oppianico
690 2227 1057 2314 Cluentius,
1112 2231 1223 2315 qui
1281 2253 1427 2295 cum
1480 2232 1737 2295 matre?
1808 2230 1975 2295 Hae-

0 2321 120 2384 ›at
159 2316 236 2379 in
269 2316 516 2381 tabulis
555 2317 832 2400 publicis
869 2340 1018 2382 reus
1057 2323 1124 2383 et
1156 2322 1524 2402 accusator3
1563 2318 1975 2384 condemnati

0 2409 122 2472 mt
171 2402 483 2484 Fabricii3
538 2426 658 2470 nec
711 2406 882 2470 elabi
937 2405 1067 2471 alio
1125 2412 1503 2472 accusatore
1556 2410 1818 2491 poterat
1862 2406 1975 2471 Al·

0 2517 70 2560 ts
138 2514 266 2557 nec
312 2494 450 2557 sine
496 2493 860 2579 ignominia
897 2495 1260 2560 calumniae
1306 2496 1674 2579 relinquere
1721 2517 1976 2560 accusa·
1996 2546 2083 2610 32

0 2604 186 2649 nem
253 2579 610 2646 Cluentius.
710 2581 820 2646 An
880 2587 957 2647 ut
1016 2583 1625 2668 praevaricaretur?
1689 2606 1847 2649 nam
1909 2584 1977 2648 id
2014 2626 2080 2670 a?

0 2691 197 2755 oque
270 2671 350 2735 ad
426 2671 967 2755 corrumpendum
1039 2672 1352 2737 iudicium
1424 2673 1729 2756 pertinet.
1849 2670 1975 2737 Sed

0 2760 82 2824 id
137 2780 306 2842 opus
354 2761 496 2822 erat
541 2759 621 2823 ad
671 2781 814 2824 eam
859 2782 1000 2823 rem
1045 2759 1254 2825 iudice
1303 2760 1683 2843 sequestre?
1730 2764 1797 2826 et
1844 2782 1977 2824 om-

0 2871 80 2913 ιο
139 2868 340 2930 quam
386 2846 473 2911 ob
520 2868 660 2910 rem
705 2850 851 2912 tota
894 2848 1026 2912 ista
1062 2870 1167 2913 res
1204 2870 1325 2932 per
1360 2846 1697 2913 Staienum
1734 2850 1977 2933 potius,

0 2935 271 3002 minem
343 2935 426 2999 ab
500 2938 778 3020 utroque
850 2935 1352 3020 alienissimum,
1439 2936 1977 3020 sordidissimum,

0 3021 420 3111 rpissimum,
472 3045 668 3108 quam
712 3045 831 3108 per
875 3025 1121 3088 bonum
1167 3025 1451 3109 aliquem
1499 3025 1713 3089 virum
1759 3045 1975 3109 agere-

0 3139 16 3178 .·
80 3115 156 3176 et
207 3111 487 3176 amicum
532 3112 1096 3197 necessariumque
1134 3114 1589 3178 communem?
1655 3111 1781 3177 Sed
1822 3113 1977 3195 quid

0 3225 39 3268 o
117 3199 284 3264 haec
336 3200 633 3284 pluribus
690 3201 880 3282 quasi
925 3201 1004 3265 de
1041 3222 1111 3264 re
1159 3200 1439 3266 obscura
1484 3201 1746 3285 disputo
1757 3249 1774 3282 ,
1830 3222 1977 3264 cum

0 3312 68 3354 za
113 3289 409 3372 pecunia,
448 3310 615 3372 quae
645 3286 910 3363 Staieno
950 3289 1103 3353 data
1139 3292 1261 3372 est,
1296 3310 1567 3353 numero
1606 3292 1681 3352 ac
1719 3309 1975 3352 summa

0 3402 59 3461 a,
114 3396 254 3439 non
299 3376 494 3441 modo
543 3380 791 3461 quanta
824 3375 1044 3457 fuerit,
1091 3377 1205 3441 sed
1242 3377 1441 3441 etiam
1478 3377 1562 3441 ad
1599 3397 1796 3459 quam
1834 3397 1975 3439 rem

0 3464 153 3544 erit,
202 3464 550 3529 ostendat?
620 3461 912 3529 Sedecim
959 3465 1101 3530 dico
1146 3465 1411 3548 iudiceS,
1457 3468 1533 3528 ut
1579 3462 1973 3548 Oppianicus
