2534 3875
822 180 974 237 CAP.
1013 187 1225 236 31-34
1262 187 1293 248 s
1332 187 1559 238 ‹ss-⁷1.
2009 183 2142 250 329

117 345 254 390 esse
309 325 581 408 multos,
634 345 792 390 num
837 329 952 391 aut
997 324 1417 391 criminosum
1464 325 1553 390 sit
1599 329 1712 392 aut
1757 327 2143 411 mirandum,

117 435 240 496 qua
281 412 352 478 in
389 412 654 478 civitate
692 414 910 499 rogati
945 413 1319 479 infimorum
1354 413 1693 480 hominum
1731 414 1902 481 filios
1939 438 2143 501 prope

117 501 192 565 de
235 505 428 568 nocte
474 523 551 566 ex
596 500 831 566 ultima
879 523 1072 586 saepe
1117 493 1279 567 urbe
1327 501 1670 568 deductum
1714 502 1934 568 venire
1976 505 2143 568 sole-

119 611 329 673 amuS,
372 589 442 654 in
489 611 566 654 ea
608 609 742 654 non
789 610 929 654 esse
977 592 1287 676 gravatos
1331 589 1629 655 homines
1675 590 1937 692 prodire
1981 591 2145 656 hora

73 695 90 736 5
116 677 359 742 tertia
339 699 408 742 m
435 699 734 760 campum
762 676 1095 762 Martium,
1131 678 1517 763 praesertim
1544 678 1698 743 talis
1725 678 1851 744 viri
1879 680 2142 744 nomine

114 766 430 850 rogatos?
503 764 716 842 Quid?
763 766 820 830 si
857 788 1080 831 omnes
1119 767 1463 831 societates
1502 770 1834 848 venerunt,
1870 789 2143 852 quarum

115 876 192 919 ex
219 875 492 919 numero
521 854 716 918 multi
745 853 970 918 sedent
997 853 1268 937 iudices3
1307 854 1458 939 quid
1474 853 1509 920 Ῥ
1538 855 1596 919 si
1622 854 1818 920 multi
1844 854 2142 920 homines

111 943 326 1007 nostri
361 942 606 1008 ordinis
643 941 1118 1026 honestissimi;
1159 942 1359 1026 quid?
1398 943 1457 1007 si
1490 943 1610 1008 illa
1646 942 2143 1026 officiosissima,

114 1053 277 1115 quae
298 1031 620 1095 neminem
639 1031 891 1115 patitur
906 1052 1040 1095 non
1059 1030 1329 1096 honeste
1348 1030 1414 1095 in
1436 1032 1663 1096 urbem
1681 1031 1973 1116 introire,
2000 1034 2145 1096 tota

73 1121 300 1184 »natio
347 1118 866 1203 candidatorum,
923 1118 979 1182 si
1024 1119 1299 1204 denique
1344 1119 1486 1204 ipse
1534 1124 1871 1185 accusator
1915 1123 2146 1185 noster

111 1206 468 1273 Postumus
516 1207 779 1272 obviam
825 1229 972 1272 cum
1015 1207 1182 1271 bene
1219 1229 1459 1292 magna
1494 1212 1756 1273 caterva
1794 1229 1911 1273 sua
1946 1208 2144 1289 venit,

113 1297 270 1381 quid
352 1295 556 1360 habet
634 1295 767 1360 ista
848 1295 1200 1360 multitudo
1276 1285 1771 1361 admirationis?
1890 1295 2143 1360 Omitto

111 1384 406 1468 clientes,
442 1383 712 1468 vicinos,
747 1382 1043 1468 tribules,
1077 1384 1431 1449 exercitum
1468 1387 1684 1450 totum
1720 1383 1995 1468 Luculli,
2032 1384 2145 1468 qui

111 1473 194 1538 ad
259 1472 671 1557 triumphum
733 1493 851 1556 per
904 1492 1014 1536 eos
1071 1471 1206 1536 dies
1261 1475 1559 1558 venerat3
1621 1472 1744 1538 hoe
1798 1472 1970 1557 dioc,
2022 1472 2145 1536 fre·

73 1577 82 1618 ἰ
111 1561 452 1647 quentiam
497 1560 566 1625 in
611 1561 741 1626 isto
785 1559 1000 1625 officio
1037 1559 1398 1645 gratuitam
1434 1582 1567 1626 non
1603 1561 1797 1626 modo
1836 1560 2145 1646 dignitati

107 1651 359 1714 nullius
397 1670 724 1733 umquam,
761 1649 873 1714 sed
909 1669 993 1712 ne
1029 1649 1352 1713 voluntati
1390 1648 1650 1734 quidem
1688 1648 1987 1714 defuisse.
2050 1647 2145 1712 At
2182 1673 2251 1723 ἰο

111 1738 537 1804 sectabantur
608 1737 815 1802 multi.
931 1734 1108 1801 Doce
1181 1737 1501 1820 mercede;
1582 1736 1930 1802 concedam
2004 1757 2144 1801 esse

109 1827 380 1892 crimen.
443 1825 586 1891 Hoc
633 1825 891 1909 quidem
937 1827 1190 1890 remoto
1229 1825 1383 1909 quid
1418 1824 1887 1910 reprehendis?
1954 1823 2143 1900 ‘Quid
2165 1825 2253 1890 34

111 1938 279 2001 opus
329 1913 473 1999 est',
517 1913 751 1999 inquit,
797 1912 1321 1979 ‘sectatoribus‘P’
1387 1912 1450 1978 A
1496 1935 1601 1979 me
1646 1916 1719 1979 tu
1765 1913 1832 1978 id
1870 1913 2145 1999 quaeris,

73 2004 274 2088 »quid
333 2024 496 2088 opus
553 2003 642 2067 sit
687 2024 790 2085 e0,
843 2024 971 2085 quo
1021 2024 1277 2087 semper
1320 2003 1420 2067 usi
1468 2002 1733 2068 sumus?
1825 2001 2143 2067 Homines

108 2096 345 2157 tenues
399 2113 601 2156 unum
646 2091 892 2155 habent
933 2090 1005 2155 in
1047 2094 1349 2155 nostrum
1396 2089 1687 2155 ordinem
1734 2094 1849 2155 aut
1893 2112 2145 2177 prome-

107 2180 301 2245 rendi
357 2184 472 2245 aut
524 2178 847 2245 referendi
902 2178 1202 2243 beneficii
1247 2178 1491 2263 locum,
1555 2178 1724 2243 hanc
1777 2180 1847 2243 in
1899 2178 2142 2243 nostris

105 2268 544 2353 petitionibus
582 2289 850 2352 operam
889 2269 1084 2350 atque
1121 2266 1647 2331 adsectationem.
1711 2264 1937 2351 Neque
1971 2266 2143 2331 enim
2228 2258 2343 2341 xl

104 2357 252 2422 fieri
316 2359 540 2441 potest
600 2376 807 2440 neque
871 2355 1341 2438 postulandum
1396 2358 1494 2419 est
1551 2377 1592 2419 a
1644 2354 1833 2419 nobis
1891 2358 2006 2420 aut
2058 2355 2142 2420 ab

73 2480 76 2495 ·
104 2446 444 2529 equitibus
473 2444 803 2525 RomaniS,
826 2447 915 2513 ,ut
951 2465 1102 2509 suos
1138 2442 1537 2508 necessarios
1574 2442 2007 2525 [candidatos]
2038 2443 2143 2507 ad-

103 2536 447 2599 sectentur
499 2535 678 2597 totos
735 2531 898 2614 dies3
955 2554 995 2596 a
1050 2531 1285 2615 quibus
1333 2531 1392 2595 si
1436 2530 1666 2596 domus
1711 2534 1939 2596 nostra
1982 2532 2143 2596 cele-

100 2623 364 2704 bratur,
411 2620 465 2684 si
510 2620 838 2685 interdum
886 2620 968 2685 ad
1011 2618 1228 2685 forum
1276 2619 1667 2704 deducimur,
1712 2620 1770 2684 si
1806 2642 1935 2685 uno
1973 2619 2143 2684 basi-

101 2710 278 2775 licae
329 2708 544 2791 spatio
589 2708 1030 2791 honestamur,
1076 2708 1423 2793 diligenter
1468 2708 1805 2773 observari
1845 2708 2143 2773 videmur

102 2802 173 2862 et
222 2796 388 2880 coli3
430 2798 803 2862 tenuiorum
850 2797 1211 2861 amicorum
1255 2799 1325 2861 et
1365 2817 1499 2860 non
1544 2800 2002 2881 occupatorum
2042 2799 2143 2861 est

100 2886 242 2951 ista
293 2884 678 2967 adsiduitas,
729 2906 1006 2970 quorum
1051 2884 1240 2967 copia
1286 2884 1475 2949 bonis
1521 2885 1681 2949 viris
1728 2888 1796 2949 et
1837 2884 2141 2949 beneficis

99 2976 339 3040 deesse
393 2995 526 3039 non
581 2974 766 3039 solet.
859 2971 1017 3038 Noli
1070 2972 1274 3058 igitur
1329 2972 1575 3058 eripere
1628 2972 1801 3037 hunc
1854 2972 2143 3036 inferiori
2181 2988 2243 3037 ’τι

96 3062 338 3149 generi
389 3062 726 3127 hominum
781 3061 1067 3127 fructum
1123 3060 1368 3162 officii,-
1402 3060 1594 3145 Cat05
1652 3061 1790 3125 sine
1837 3082 1975 3142 eos,
2032 3061 2143 3144 qui

97 3150 334 3217 omnia
391 3172 429 3214 a
473 3151 664 3215 nobis
711 3154 1008 3235 sperant,
1060 3149 1304 3214 habere
1350 3148 1530 3233 ipsos
1578 3170 1830 3233 quoque
1879 3147 2145 3231 aliquid,

98 3239 290 3324 quod
352 3238 542 3303 nobis
605 3239 896 3304 tribuere
953 3238 1226 3321 possint.
1338 3237 1406 3301 Si
1467 3235 1635 3299 nihil
1700 3236 1827 3299 erit
1886 3240 2144 3320 praeter

94 3330 410 3413 ipsorum
438 3326 842 3430 suffragium,
868 3331 1061 3391 tenue
1090 3329 1208 3409 est,
1237 3324 1295 3389 si
1320 3324 1368 3405 †
1390 3326 1465 3387 ut
1493 3324 1951 3409 suffragantur,
1976 3324 2143 3387 nihil

94 3418 340 3483 valent
383 3416 623 3499 gratia3
666 3416 796 3500 ipsi
841 3414 1113 3499 denique
1159 3417 1234 3478 ut
1269 3412 1484 3477 solent
1518 3411 1721 3495 loqui,
1764 3432 1897 3475 non
1934 3410 2143 3477 dicere

89 3526 226 3593 pro
291 3503 512 3590 nobis,
566 3525 699 3569 non
755 3502 1100 3591 spondere,
1161 3524 1296 3569 non
1349 3521 1579 3565 vocare
1636 3499 1897 3565 domum
1954 3520 2142 3565 suam
