2534 3875
813 192 967 247 CAP.
999 198 1140 247 ‘2-5
1178 198 1208 257 ὅ
1240 199 1434 248 4-11.
2084 192 2169 255 77

115 336 298 413 velit,
347 336 474 401 sed
523 356 854 421 emergere
918 358 997 400 ex
1051 336 1269 419 patrio
1325 356 1531 423 regno
1579 340 1775 422 atque
1819 338 1891 402 in
1933 337 2172 403 vestris

116 424 598 510 vectigalibuS,
651 424 776 489 hoc
823 427 926 490 est
966 424 1038 488 in
1087 424 1286 490 Asiae
1331 425 1502 507 luce,
1547 424 1816 491 versari.
1908 425 2171 490 Etenim
2210 442 2265 491 8·

116 511 333 577 adhuc
391 512 495 577 ita
548 513 764 577 nostri
822 534 969 577 cum
1015 513 1133 577 illo
1180 534 1338 599 rege
1382 512 1854 579 contenderunt
1898 513 2174 599 impera-

113 604 316 681 toreS,
354 605 438 665 ut
474 600 561 665 ab
598 600 716 665 illo
743 599 1032 686 insignia
1056 600 1387 683 victoriae,
1424 621 1558 666 non
1584 600 1928 667 victoriam
1956 623 2175 687 repor-

67 705 90 744 5
111 694 360 753 tarent.
431 687 899 772 Triumphavit
943 688 1012 752 L.
1059 686 1261 769 Sulla,
1306 689 1740 774 triumphavit
1784 688 1854 753 L.
1900 688 2176 754 Murena

112 776 190 840 de
235 775 667 860 Mithridate,
722 776 850 840 duo
903 738 1261 841 fortissimi,
1306 777 1434 841 viri
1490 782 1557 842 et
1612 777 1852 842 summi
1898 778 2174 863 impera-

110 868 329 949 tores,
397 863 513 930 sed
556 864 656 929 ita
699 864 1208 949 triumpharunt,
1251 869 1329 929 ut
1371 865 1487 929 ille
1532 866 1763 951 pulsus
1808 870 2176 950 superatus-

114 973 241 1037 que
293 957 636 1037 regnaret.
726 950 974 1017 Verum
1020 957 1245 1018 tamen
1290 953 1424 1018 illis
1468 953 1981 1039 imperatoribus
2027 954 2173 1019 laus

115 1045 218 1104 est
264 1040 654 1124 tribuenda,
713 1040 886 1125 quod
932 1045 1235 1126 egerunt,
1281 1041 1472 1106 venia
1518 1041 1759 1125 danda,
1805 1042 1978 1127 quod
2023 1043 2175 1106 reli-

51 1145 92 1184 ω
117 1133 435 1212 querunt,
470 1133 817 1214 propterea
854 1130 1026 1215 quod
1062 1130 1146 1193 ab
1185 1150 1262 1194 eo
1300 1129 1474 1194 bello
1512 1129 1823 1195 Sullam
1804 1152 1874 1195 m
1909 1128 2174 1195 Italiam

115 1238 222 1282 res
270 1217 575 1302 publica,
618 1215 958 1283 Murenam
1007 1215 1189 1281 Sulla
1232 1217 1582 1283 revocavit.
2210 1267 2257 1328 4

252 1304 682 1371 Mithridates
735 1308 953 1371 autem
1000 1327 1192 1370 omne
1236 1306 1559 1390 reliquum
1603 1311 1866 1389 tempus
1910 1328 2047 1372 non
2092 1307 2174 1371 ad
2213 1344 2247 1392 9

118 1392 534 1458 oblivionem
578 1392 820 1458 veteris
876 1392 1063 1476 belli,
1124 1393 1237 1459 sed
1286 1391 1368 1458 ad
1413 1394 1977 1479 comparationem
2019 1394 2177 1460 novi

119 1481 440 1565 contulit3
486 1480 598 1567 qui
641 1485 900 1565 postea,
946 1503 1093 1546 cum
1140 1481 1462 1547 maximas
1508 1482 1915 1547 aedificasset
1953 1504 2177 1547 ornas-

51 1586 94 1626 15
121 1575 362 1655 setque
408 1569 652 1635 classes
699 1569 1147 1653 exercitusque
1191 1591 1613 1654 permagnos,
1661 1570 2174 1655 quibuscumque

123 1680 200 1721 ex
254 1657 567 1744 gentibus
612 1658 955 1743 potuisset,
1001 1662 1449 1743 comparasset
1495 1662 1563 1723 et
1599 1679 1669 1723 se
1706 1658 2173 1743 BosphoraniS,

123 1745 455 1811 finitumis
503 1744 657 1827 suis,
701 1745 951 1810 bellum
996 1745 1238 1811 inferre
1287 1746 1648 1830 simularet,
1693 1767 1899 1829 usque
1945 1746 2014 1809 in
2060 1745 2175 1811 Hi-

125 1836 436 1918 spaniam
493 1834 752 1919 legatos
815 1856 890 1899 ac
935 1834 1194 1899 litteras
1241 1834 1425 1899 misit
1470 1834 1553 1899 ad
1600 1856 1712 1899 eos
1758 1833 1982 1916 duces,
2040 1834 2176 1918 qui·

124 1923 410 1990 buscum
465 1926 607 1988 tum
661 1922 910 1988 bellum
967 1923 1382 2009 gerebamus,
1442 1926 1545 2006 ut,
1601 1945 1748 1989 cum
1807 1922 2059 1988 duobus
2104 1923 2175 1988 in

55 2029 102 2068 2⁰
127 2012 298 2078 locis
357 2010 884 2077 disiunctissimis
943 2011 1353 2096 maximeque
1400 2011 1675 2077 diversis
1719 2032 1850 2076 uno
1898 2011 2174 2076 consilio

129 2123 169 2164 a
203 2099 386 2165 binis
421 2100 712 2164 hostium
750 2099 956 2183 copiis
993 2098 1240 2164 bellum
1278 2103 1460 2165 terra
1496 2101 1790 2184 marique
1819 2103 2175 2185 gereretur,

128 2210 254 2254 vos
282 2187 557 2272 ancipiti
584 2187 1000 2253 contentione
1031 2187 1312 2252 districti
1342 2188 1467 2252 de
1448 2188 1726 2273 lmperio
1754 2187 2174 2253 dimicaretis.

132 2274 266 2341 Sed
300 2281 527 2341 tamen
565 2275 836 2340 alterius
863 2276 1075 2361 partis
1111 2276 1494 2360 periculum,
1532 2275 1946 2342 Sertorianae
1976 2280 2172 2360 atque
2214 2291 2283 2340 ιο

132 2364 626 2450 Hispaniensis,
682 2385 848 2448 quae
900 2363 1111 2429 multo
1157 2364 1307 2448 plus
1353 2365 1748 2430 firmamenti
1796 2385 1871 2429 ac
1915 2363 2173 2429 roboris

61 2469 107 2509 ²⁵
137 2453 444 2536 habebat,
491 2449 607 2516 Cn.
654 2452 928 2537 Pompei
973 2451 1194 2517 divino
1241 2453 1518 2518 consilio
1566 2474 1644 2517 ac
1691 2452 2011 2537 singulari
2046 2452 2172 2516 vir-

135 2545 284 2605 tute
322 2539 665 2625 depulsum
705 2544 828 2624 est;
866 2539 937 2604 in
975 2540 1184 2605 altera
1219 2544 1410 2625 parte
1446 2540 1543 2605 ita
1579 2562 1683 2605 res
1714 2563 1753 2604 a
1778 2539 1851 2604 L.
1879 2538 2176 2624 Lucullo,

137 2650 396 2694 summo
450 2628 621 2712 viro,
684 2632 786 2693 est
848 2628 1336 2710 administrata,
1398 2633 1474 2692 ut
1536 2627 1726 2693 initia
1782 2629 1903 2693 illa
1956 2651 2174 2693 rerum

138 2722 479 2803 gestarum
540 2737 783 2801 magna
838 2720 1035 2800 atque
1094 2716 1432 2800 praeclara
1486 2738 1621 2781 non
1664 2716 1969 2782 felicitati
2016 2718 2174 2800 eiUS,

137 2805 253 2870 sed
278 2804 530 2887 virtuti,
565 2804 730 2870 haec
756 2809 976 2869 autem
1005 2809 1316 2887 extrema,
1353 2827 1519 2890 quae
1545 2826 1753 2890 nuper
1780 2805 2175 2889 acciderunt,

63 2909 111 2948 ⁸0
135 2915 272 2958 non
337 2893 592 2977 culpae,
658 2893 770 2958 sed
833 2893 1134 2958 fortunae
1193 2893 1545 2957 tribuenda
1607 2915 1749 2958 esse
1812 2893 2174 2960 videantur.

135 2978 266 3046 Sed
304 2979 383 3045 de
417 2979 694 3046 Lucullo
731 2980 940 3046 dicam
980 2981 1111 3045 alio
1150 2981 1317 3063 loco,
1365 2986 1434 3046 et
1466 2981 1563 3046 ita
1600 2979 1831 3065 dicam,
1867 2980 2174 3060 Quirites,

137 3073 216 3134 ut
268 3089 477 3152 neque
530 3091 687 3134 vera
742 3068 887 3133 laus
945 3070 1005 3133 ei
1063 3068 1360 3134 detracta
1416 3070 1712 3135 oratione
1765 3091 1914 3134 mea
1964 3090 2173 3153 neque

135 3157 310 3221 falsa
355 3156 595 3223 adficta
637 3178 778 3221 esse
820 3155 1147 3241 videatur3
1191 3157 1271 3222 de
1307 3157 1512 3222 vestri
1556 3157 1816 3243 imperii
1853 3155 2173 3258 dignitate
2212 3175 2277 3221 ιι

141 3249 338 3328 atque
397 3245 634 3329 gloria,
690 3246 997 3346 quoniam
1042 3244 1100 3309 is
1148 3248 1248 3309 est
1293 3267 1560 3311 exorsus
1607 3244 1925 3311 orationis
1972 3265 2175 3328 meae,

68 3349 114 3390 ⁸⁵
141 3332 355 3398 videte
401 3354 592 3417 quem
638 3333 826 3398 vobis
873 3333 1163 3398 animum
1211 3332 1692 3419 suscipiendum
1729 3331 1995 3415 putetis.

271 3417 585 3486 Maiores
600 3422 812 3486 nostri
851 3441 1045 3505 saepe
1083 3422 1558 3487 mercatoribus
1596 3423 1714 3485 aut
1746 3419 2167 3484 naviculariis
2206 3417 2251 3480 5

141 3507 383 3574 nostris
437 3506 813 3575 iniuriosius
868 3508 1173 3575 tractatis
1227 3508 1407 3573 bella
1462 3510 1831 3594 gesserunt;
1894 3528 2013 3572 vos
2066 3511 2173 3572 tot
