2534 3875
837 138 992 195 CAR
1031 142 1242 193 13-15
1282 144 1311 201 ἓ
1350 144 1578 193 39-44,
2107 138 2193 203 89

153 280 220 344 in
265 302 394 363 quo
443 280 596 365 ipso
643 281 816 345 inest
862 283 1178 367 quaedam
1227 281 1516 367 dignitas
1562 281 2012 366 imperatoria,
2058 304 2195 367 voS,

155 366 469 451 Quirites,
526 368 678 434 hoc
705 368 852 453 ipso
898 391 978 435 ex
1023 370 1167 435 loco
1215 390 1411 454 saepe
1458 369 1878 453 cognovistis.
1967 369 2194 435 Fidem

155 478 306 521 vero
383 456 526 520 eius
601 461 916 542 quantam
979 457 1152 521 inter
1217 458 1431 523 socios
1496 457 1860 521 existimari
1922 458 2195 541 putatis,

155 566 350 628 quam
412 544 642 609 hostes
710 567 933 609 omnes
992 543 1283 609 omnium
1345 566 1656 631 generum
1713 545 2195 610 sanctissimam

105 647 131 689 ⁵
154 632 551 697 iudicarint?
656 632 1086 697 Humanitate
1149 633 1281 697 iam
1348 637 1537 698 tanta
1600 636 1727 716 est,
1791 636 1867 697 ut
1930 633 2196 698 difficile

157 721 332 785 dictu
371 721 478 802 sit,
525 724 748 785 utrum
785 721 1011 786 hostes
1052 722 1262 805 magis
1300 722 1614 786 virtutem
1652 722 1790 786 eius
1828 726 2196 807 pugnantes

155 808 497 874 timuerint
580 830 665 873 an
747 810 1311 874 mansuetudinem
1384 810 1542 875 victi
1624 809 1990 874 dilexerint.
2106 810 2197 873 Et

157 897 502 982 quisquam
569 896 922 983 dubitabit,
1000 899 1158 981 quin
1221 897 1374 963 huic
1436 898 1561 963 hoc
1624 901 1885 962 tantum
1950 898 2197 963 bellum

153 985 734 1051 transmittendum
793 986 906 1068 sit,
965 986 1077 1069 qui
1137 984 1221 1049 ad
1267 986 1487 1050 omnia
1530 989 1795 1051 nostrae
1842 985 2196 1051 memoriae

83 1089 130 1129 ω
155 1074 332 1138 bella
396 1073 795 1139 conficienda
858 1074 1077 1139 divino
1135 1074 1418 1159 quodam
1474 1074 1747 1140 consilio
1802 1078 2001 1139 natus
2055 1096 2196 1140 csse

155 1161 492 1227 videatur?
2224 1214 2305 1277 15

286 1250 381 1315 Et
442 1250 750 1335 quoniam
809 1249 1168 1316 auctoritas
1235 1271 1492 1336 quoque
1546 1250 1617 1314 in
1671 1250 1864 1315 bellis
1926 1250 2197 1315 admini·
2234 1292 2304 1341 43

157 1338 444 1404 strandis
489 1338 771 1402 multum
819 1342 1014 1423 atque
1050 1338 1120 1403 in
1157 1338 1433 1424 imperio
1473 1337 1744 1403 militari
1779 1339 1976 1423 valet,
2022 1342 2197 1405 certe

154 1426 402 1493 nemini
459 1425 728 1491 dubium
787 1430 920 1509 est,
974 1426 1131 1510 quin
1185 1448 1263 1491 ea
1316 1448 1387 1491 re
1442 1426 1616 1491 idem
1671 1427 1784 1491 ille
1838 1427 2199 1511 imperator

85 1529 130 1569 ιδ
155 1515 508 1600 plurimum
581 1514 811 1598 possit.
919 1513 1359 1579 Vehementer
1439 1519 1657 1579 autem
1721 1516 2049 1599 pertinere
2114 1515 2197 1581 ad

157 1603 332 1667 bella
388 1601 931 1687 administranda,
998 1602 1152 1686 quid
1205 1604 1431 1668 hostes
1442 1653 1459 1685 ,
1516 1602 1670 1686 quid
1727 1602 1887 1668 socii
1942 1602 2020 1668 de
2074 1603 2197 1667 im-

153 1690 572 1777 peratoribus
611 1690 858 1755 nostris
896 1691 1291 1773 existiment,
1339 1691 1484 1775 quis
1521 1690 1804 1777 ignorat,
1851 1713 1998 1756 cum
2037 1692 2197 1757 scia-

153 1801 300 1844 mus
345 1779 645 1844 homines
658 1829 677 1863 ,
721 1779 792 1843 in
837 1780 1044 1843 tantis
1090 1780 1283 1844 rebus
1330 1782 1406 1843 ut
1453 1784 1568 1844 aut
1614 1782 2038 1844 contemnant
2084 1783 2200 1844 aut

154 1871 454 1933 metuant
509 1871 625 1931 aut
682 1867 940 1932 oderint
986 1872 1101 1932 aut
1147 1871 1396 1951 ament,
1453 1867 1758 1952 opinione
1800 1889 1935 1933 non
1980 1867 2196 1933 minus

77 1972 126 2012 2⁰
152 1961 220 2022 et
263 1957 445 2021 fama
491 1978 688 2042 quam
737 1956 958 2040 aliqua
1001 1958 1256 2022 ratione
1296 1961 1475 2022 certa
1513 1957 1953 2038 commoveri?
2010 1955 2198 2032 Quod

162 2045 369 2129 igitur
423 2066 663 2110 nomen
716 2067 1026 2128 umquam
1080 2045 1152 2109 in
1188 2046 1346 2110 orbe
1392 2048 1717 2111 terrarum
1764 2045 2004 2110 clarius
2049 2044 2197 2128 fuit,

152 2133 336 2199 cuius
383 2155 488 2198 res
537 2136 761 2216 gestae
806 2134 1044 2218 pares?
1102 2133 1180 2197 de
1227 2155 1357 2218 quo
1404 2133 1669 2198 homine
1717 2155 1862 2218 vos,
1908 2132 1976 2197 id
2022 2135 2195 2218 quod

152 2222 436 2286 maxime
500 2220 661 2286 facit
725 2222 1213 2306 auctoritatem,
1272 2225 1463 2287 tanta
1528 2225 1594 2287 et
1657 2224 1797 2285 tam
1856 2222 2195 2307 praeclara

151 2309 392 2376 iudicia
454 2309 751 2375 fecistis?
850 2309 960 2374 An
1014 2332 1165 2375 vero
1221 2310 1426 2374 ullam
1481 2331 1758 2394 usquam
1814 2331 1955 2374 esse
2012 2332 2195 2375 oram
2232 2327 2303 2378 44

74 2411 123 2453 ὅ
149 2401 290 2462 tam
349 2398 675 2463 desertam
729 2398 979 2482 putatis
989 2448 1008 2482 ,
1062 2420 1188 2482 quo
1243 2420 1376 2463 non
1432 2397 1611 2463 illius
1660 2398 1789 2462 diei
1831 2398 2012 2462 fama
2054 2420 2197 2484 per-

149 2486 416 2569 vaserit,
465 2508 613 2551 cum
659 2487 1002 2551 universus
1048 2487 1331 2571 populus
1378 2485 1711 2551 Romanus
1758 2486 2002 2552 referto
2047 2487 2195 2553 foro

150 2573 625 2658 completisque
692 2575 996 2639 omnibus
1063 2574 1359 2660 templiS,
1423 2596 1501 2638 cx
1558 2574 1793 2658 quibus
1849 2574 1957 2640 hic
2012 2576 2195 2642 locus

151 2662 445 2747 conspici
489 2665 731 2747 potest,
777 2685 978 2727 unum
1025 2662 1153 2726 sibi
1200 2663 1285 2727 ad
1331 2683 1672 2727 commune
1712 2663 2006 2728 omnium
2042 2685 2197 2750 gen-

147 2769 322 2816 tium
361 2751 618 2816 bellum
667 2749 782 2815 Cn.
827 2750 1210 2836 Pompeium
1255 2751 1721 2835 imperatorem
1768 2751 2195 2837 depoposcit?

73 2854 122 2894 ³0
148 2838 386 2924 Itaque
396 2889 415 2921 ,
469 2842 544 2904 ut
597 2840 792 2924 plura
843 2861 977 2904 non
1035 2839 1244 2904 dicam
1298 2861 1505 2923 neque
1554 2839 1832 2904 aliorum
1878 2842 2195 2926 exemplis

149 2927 550 3010 confirmem,
600 2931 917 3010 quantum
959 2927 1206 3008 [huius]
1239 2927 1598 2993 auctoritas
1635 2927 1857 2993 valeat
1890 2929 1961 2993 in
1998 2928 2196 3014 bello,

149 3017 236 3080 ab
308 3015 534 3080 eodem
600 3015 713 3081 Cn.
766 3015 1082 3100 Pompeio
1149 3016 1440 3080 omnium
1504 3037 1724 3080 rerum
1779 3016 2194 3100 egregiarum

149 3104 456 3187 exempla
519 3107 890 3186 sumantur3
960 3104 1072 3188 qui
1137 3127 1266 3188 quo
1334 3103 1436 3168 die
1502 3125 1541 3168 a
1600 3103 1789 3168 vobis
1856 3103 2192 3170 maritimo

146 3192 332 3257 bello
390 3192 804 3278 praepositus
853 3195 955 3257 est
998 3192 1378 3277 imperator,
1423 3195 1614 3256 tanta
1658 3195 1923 3274 repente
1971 3192 2195 3257 vilitas

72 3295 122 3336 ³5
149 3301 453 3346 annonae
501 3303 580 3345 ex
629 3303 884 3346 summa
919 3281 1142 3365 inopia
1179 3284 1247 3346 et
1286 3281 1560 3346 caritate
1596 3279 1691 3343 rei
1727 3279 2195 3345 frumentariae

149 3371 508 3434 consecuta
554 3373 654 3432 est
697 3369 888 3434 unius
933 3368 1221 3434 hominis
1269 3391 1385 3454 spe
1433 3390 1507 3434 ac
1552 3368 1834 3452 nomine,
1881 3372 2195 3452 quantam

151 3456 263 3522 vix
311 3478 391 3520 cx
439 3479 694 3521 summa
738 3456 1040 3522 ubertate
1079 3478 1391 3542 agrorum
1430 3456 1737 3520 diuturna
1772 3479 1900 3540 pax
1938 3453 2193 3518 efficere
