2534 3875
757 169 912 226 CAP.
949 177 1158 225 20-22
1197 176 1226 236 s
1264 176 1493 226 55-60.
1976 170 2109 236 209
2155 233 2164 244 ,

84 313 323 399 privati
385 313 544 396 sint,
598 315 1004 399 permittere,
1059 318 1135 378 ut
1193 315 1439 399 publici
1494 315 1883 400 iudicentur,
1936 316 2109 382 hunc

84 403 376 486 excipere
413 401 816 486 nominatim,
863 403 974 487 qui
1009 403 1309 504 publicus
1348 425 1489 468 esse
1525 367 1883 469 fateatur&
1927 403 2106 489 Ergo

85 513 304 554 eorum
354 511 513 575 ager
550 490 910 592 excipitur,
931 491 1043 575 qui
1080 492 1252 575 apud
1292 491 1560 556 Rullum
1599 491 1819 577 aliqua
1854 493 2107 556 ratione

84 578 456 660 valuerunt,
521 579 718 643 ceteri
771 579 914 664 agri
969 601 1218 661 omneS,
1276 580 1388 665 qui
1441 580 1679 664 ubique
1734 583 1915 663 sunt,
1970 579 2107 644 sine

83 667 214 731 ullo
263 665 527 747 dilecta,
573 666 712 730 sine
758 667 987 752 populi
1032 666 1312 731 Romani
1355 670 1639 751 notione,
1686 669 1825 732 sine
1869 667 2105 733 iudicio
2126 718 2219 783 22

84 759 344 820 senatus
392 755 770 820 decemviris
821 755 1241 820 addicentur?
1333 756 1550 840 Atque
1597 756 1795 821 etiam
1844 760 1943 820 est
1978 756 2108 820 alia
2146 797 2217 846 58

84 842 417 925 superiore
463 843 700 926 capite,
760 865 890 927 quo
937 843 1157 908 omnia
1201 848 1508 927 veneunt,
1568 849 1961 929 quaestuosa
2006 866 2107 908 ex-

85 931 313 1015 ceptio,
354 952 519 1014 quae
555 935 736 1016 teget
773 953 882 996 eos
923 951 1135 1016 agros,
1171 931 1249 996 de
1288 932 1523 1016 quibus
1560 932 1818 997 foedere
1848 936 2107 998 cautum

86 1023 200 1083 est.
265 1018 542 1084 Audivit
585 1018 753 1085 hanc
799 1041 939 1084 rem
983 1040 1119 1084 non
1154 1042 1193 1084 a
1239 1042 1361 1104 me,
1406 1019 1519 1085 sed
1558 1020 1640 1085 ab
1680 1020 1828 1085 aliis
1868 1020 2109 1106 agitari

87 1129 273 1192 saepe
321 1107 395 1170 in
431 1111 679 1191 senatu,
722 1130 856 1172 non
902 1129 1254 1193 numquam
1294 1131 1370 1173 ex
1405 1108 1531 1173 hoc
1568 1110 1730 1191 loco,
1776 1109 2109 1194 possidere

86 1216 277 1283 agros
330 1197 402 1259 in
457 1217 573 1260 ora
627 1195 978 1261 marituma
1036 1217 1255 1280 regem
1303 1195 1775 1281 Hiempsalem,
1830 1219 1990 1282 quos
2037 1195 2108 1262 P.

87 1277 436 1348 Africanus
472 1285 717 1368 populo
747 1283 1044 1350 Romano
1085 1284 1492 1368 adiudicarit3
1534 1286 1592 1349 ei
1620 1289 1841 1350 tamen
1878 1289 2109 1370 postea

87 1394 197 1456 per
257 1370 328 1437 O.
367 1369 632 1437 Cottam
687 1373 1020 1437 consulem
1075 1377 1336 1437 cautum
1392 1394 1531 1436 esse
1585 1373 1859 1438 foedere.
1964 1373 2109 1439 Hoc

89 1461 232 1543 quia
276 1482 395 1524 vos
451 1459 680 1525 foedus
726 1482 857 1525 non
903 1461 1252 1544 iusseritiS,
1306 1465 1567 1525 veretur
1611 1460 1980 1545 Hiempsal,
2033 1465 2109 1526 ut

91 1549 244 1612 satis
317 1549 580 1612 firmum
657 1547 744 1612 sit
817 1553 882 1613 et
953 1553 1186 1613 ratum.
1298 1547 1699 1614 Cuicuimodi
1763 1556 1865 1613 est
1926 1550 2109 1634 illud,

87 1637 344 1701 tollitur
419 1640 710 1701 vestrum
782 1635 1117 1720 iudicium,
1187 1636 1415 1703 foedus
1487 1641 1701 1702 totum
1776 1637 2108 1722 accipitur,

90 1726 562 1809 comprobatur.
653 1723 839 1800 Quod
884 1725 1119 1790 minuit
1177 1727 1543 1791 auctionem
1599 1725 2107 1806 decemviralem,

91 1813 304 1896 laudo,
355 1813 535 1897 quod
580 1813 721 1898 regi
767 1813 974 1878 amico
1024 1819 1237 1896 cavet,
1283 1835 1416 1878 non
1460 1813 1889 1897 reprehendo,
1936 1813 2107 1898 quod

90 1922 213 1965 non
272 1901 484 1987 gratis
544 1901 646 1985 fit,
706 1901 1027 1987 indignor.
1111 1900 1372 1967 Volitat
1438 1903 1612 1967 enim
1674 1907 1825 1967 ante
1886 1903 2108 1968 oculos
2146 1921 2219 1971 59

89 1990 361 2055 istorum
398 1988 580 2073 Iuba,
624 1990 800 2076 regis
845 1991 1036 2075 filius,
1082 1990 1458 2055 adulescens
1504 2013 1639 2055 non
1684 1991 1896 2055 minus
1943 1990 2108 2055 benc

91 2083 460 2143 nummatus
508 2101 702 2163 quam
748 2078 912 2143 bene
959 2080 1318 2162 capillatus

215 2166 345 2231 Vix
406 2166 536 2230 iam
598 2167 852 2231 videtur
910 2167 1093 2232 locus
1156 2188 1322 2250 esse,
1382 2166 1494 2251 qui
1552 2170 1775 2232 tantos
1842 2188 2108 2233 acervos

93 2257 392 2338 pecuniae
429 2254 672 2341 cap-iat3
719 2257 936 2338 auget,
981 2254 1178 2338 addit,
1223 2255 1606 2319 accumulat.
1654 2254 1955 2338 niumm,
1991 2273 2111 2319 AR·

97 2357 381 2407 GENTUM
427 2360 523 2407 Ex
560 2360 859 2425 PR-AEDA,
904 2360 998 2407 Ex
1033 2359 1388 2426 MANUBIIS,
1433 2360 1526 2407 EX
1564 2359 1973 2408 CORONARIO
2010 2360 2107 2408 AD

95 2432 552 2508 Quosc'UMQnE
587 2449 938 2495 PERVENIT
977 2448 1207 2509 NEQUE
1243 2448 1571 2495 RELATUM
1608 2448 1736 2497 EST
1774 2450 1851 2496 ΙΝ
1879 2449 2111 2496 PUBLI-

95 2534 228 2583 cuu
273 2537 511 2597 NEQUE
554 2537 629 2584 m
663 2536 1105 2585 MONUMENTO
1147 2520 1661 2603 cousumprun',
1704 2520 1771 2583 id
1816 2520 2113 2605 profiteri

95 2608 257 2690 apud
303 2608 702 2673 decemviros
750 2612 816 2673 et
861 2608 943 2672 ad
989 2630 1098 2671 eos
1145 2607 1383 2672 referre
1419 2607 1618 2671 iubet.
1707 2606 1853 2673 Hoc
1898 2608 2111 2693 capite

95 2696 282 2760 etiam
358 2696 804 2781 quaestionem
869 2695 946 2760 de
1010 2695 1389 2761 clarissimis
1453 2695 1637 2779 viris,
1712 2696 1822 2780 qui
1884 2696 2111 2780 populi

95 2781 367 2848 Romani
404 2784 582 2848 bella
617 2787 980 2869 gesserunt,
1022 2784 1456 2868 iudiciumque
1494 2784 1571 2848 de
1608 2785 1896 2868 pecuniis
1933 2806 2111 2869 repe-

95 2872 306 2936 tundis
354 2872 436 2936 ad
482 2872 878 2937 decemviros
922 2873 1316 2937 translatum
1362 2872 1615 2937 videtis.
1686 2872 1940 2938 Horum
1984 2872 2110 2937 erit

96 2979 257 3025 nunc
283 2960 610 3044 iudicium,
649 2966 928 3045 quantae
955 2961 1262 3044 cuiusque
1294 2960 1636 3025 manubiae
1667 2960 1927 3045 fuerint,
1956 2960 2109 3045 quid

97 3047 384 3133 relatum,
422 3047 578 3133 quid
615 3049 941 3113 residuum
981 3049 1095 3132 sit3
1140 3049 1207 3113 in
1245 3052 1583 3133 posterum
1617 3070 1771 3114 vero
1809 3050 1911 3113 lex
1946 3048 2109 3113 haec

96 3134 590 3220 imperatoribus
649 3137 884 3201 vestris
939 3137 1385 3217 constituitur,
1439 3140 1543 3220 ut,
1597 3137 1983 3221 quicumque
2030 3136 2109 3200 de

98 3224 420 3304 provincia
446 3226 827 3308 decesserit,
845 3225 1019 3308 apud
1055 3226 1313 3289 eosdem
1343 3225 1757 3307 decemvirOS,
1795 3226 2110 3307 quantum

98 3308 331 3377 habeat
349 3314 643 3415 praedae,
672 3313 1143 3397 manubiarum,
1174 3314 1316 3391 auri
1336 3313 1675 3396 coronarii,
1703 3312 2110 3396 profiteatur.

101 3397 218 3463 Hic
259 3404 479 3465 tamen
521 3402 624 3466 vir
663 3401 948 3486 optimus
996 3423 1160 3484 eum,
1207 3422 1400 3485 quem
1446 3405 1644 3483 amat,
1670 3400 1944 3501 excipit,
1992 3398 2103 3465 Cn.
2143 3418 2214 3467 60

100 3484 486 3573 Pompeium.
545 3490 777 3557 Unde
823 3490 950 3554 iste
995 3511 1178 3554 amor
1223 3494 1362 3553 tam
1406 3487 1801 3574 improvisus
1849 3510 1923 3553 ac
1968 3491 2107 3552 tam

200 3600 306 3645 010.
332 3604 396 3645 11.
422 3606 461 3644 2
1723 3596 1788 3645 14
