2534 3875
256 330 322 377 21

255 1298 325 1346 22

283 1634 325 1699 9

259 2354 326 2403 23

364 168 498 233 438
574 168 847 225 ORATIO
885 166 1067 221 POST
1103 164 1439 221 REDITUM
1472 164 1554 219 m
1590 164 1883 221 SENATU
1916 164 2210 219 HABITA.

363 313 708 377 videretur.
795 310 940 375 Iam
1005 314 1369 375 ceterorum
1432 308 1651 375 officia
1711 330 1787 375 ac
1840 309 2059 373 studia
2110 308 2395 390 vidistis,

363 423 558 484 quam
605 399 876 485 cupidus
922 399 1052 463 mci
1088 396 1158 463 C.
1187 397 1511 479 Cestilius,
1557 420 1752 481 quam
1799 397 2131 461 studiosus
2167 398 2396 478 vestri,

363 511 558 572 quam
613 509 746 553 non
799 486 1018 551 varius
1073 486 1274 551 fuerit
1316 487 1387 550 in
1432 506 1646 551 causa.
1737 483 1907 560 Quid
1949 484 2038 549 M.
2084 483 2393 568 Cispius?

362 577 466 642 cui
531 596 652 661 ego
706 576 861 659 ipsi,
923 574 1183 659 parenti
1232 574 1551 656 fratrique
1605 573 1743 637 eius
1799 574 2013 638 sentio
2069 577 2392 657 quantum

363 665 660 748 debeam3
715 664 853 748 qui,
908 685 1054 727 cum
1109 684 1149 726 a
1203 684 1307 726 me
1361 662 1668 726 voluntas
1724 683 1949 726 eorum
2002 661 2073 725 in
2127 661 2390 744 privato
2417 677 2443 716 ⁵
2524 684 2526 739 3

361 752 598 817 iudicio
664 755 834 817 esset
897 751 1169 833 offensa,
1233 750 1479 833 publici
1540 750 1670 813 mci
1722 749 2021 814 beneficii
2073 750 2395 814 memoria
2524 778 2526 787 ·

362 840 689 925 privatam
735 839 1158 904 offensionem
1205 838 1761 902 oblitteraverunt.
1840 837 1985 901 Iam
2029 837 2101 901 Τ.
2126 836 2395 919 Fadius,

363 929 476 1013 qui
527 928 692 991 mihi
745 930 1053 1011 quaestor
1110 926 1263 1009 fuit,
1318 925 1406 991 M.
1453 924 1744 1002 Curtius,
1798 926 1979 991 cuius
2032 946 2156 1011 ego
2212 926 2394 1010 patri

363 1021 670 1101 quaestor
713 1015 834 1097 fui,
883 1015 1128 1099 studio,
1173 1036 1412 1097 amore,
1459 1014 1679 1079 animo
1724 974 1877 1078 111110
1920 1014 2393 1079 necessitudini

361 1121 495 1169 non
541 1104 898 1168 defuerunt.
978 1102 1190 1167 Multa
1235 1103 1313 1166 de
1359 1124 1463 1166 me
1508 1100 1577 1166 C.
1623 1101 1902 1166 Messius
1949 1105 2017 1167 et
2060 1102 2392 1167 amicitiae
2418 1118 2465 1157 1⁰

363 1197 430 1257 et
489 1192 586 1256 rei
646 1192 944 1276 publicae
1008 1212 1204 1256 causa
1263 1190 1456 1274 dixit3
1518 1191 1732 1275 legem
1788 1190 2143 1273 separatim
2194 1190 2389 1256 initio

363 1280 440 1344 de
487 1280 699 1345 salute
744 1302 890 1344 mea
932 1278 1398 1365 promulgavit.
1487 1276 1561 1354 Q.
1597 1277 1931 1343 Fabricius
1976 1278 2053 1359 si,
2097 1300 2266 1363 quae
2312 1280 2391 1343 de

364 1389 467 1432 me
523 1389 716 1453 agere
769 1371 1040 1433 conatus
1088 1370 1215 1451 est,
1267 1389 1347 1431 ea
1392 1370 1623 1432 contra
1666 1368 1803 1432 vim
1846 1370 1915 1431 et
1957 1366 2199 1431 ferrum
2248 1389 2389 1451 per-

362 1456 552 1521 ficere
596 1456 937 1540 potuisset,
982 1476 1201 1520 mense
1246 1453 1550 1520 Ianuario
1594 1458 1893 1519 nostrum
1939 1458 2189 1519 statum
2233 1456 2389 1521 reci-

363 1565 800 1629 perassemus;
845 1565 1038 1628 quem
1079 1543 1161 1607 ad
1198 1544 1477 1608 salutem
1517 1564 1729 1607 meam
1765 1543 2067 1607 voluntas
2103 1543 2388 1628 impulit,
2414 1558 2458 1598 1⁵

363 1632 463 1697 vis
507 1632 887 1715 retardavit,
941 1631 1298 1696 auctoritas
1344 1636 1565 1696 vestra
1607 1630 1955 1696 revocavit.
2044 1629 2186 1695 Iam
2230 1654 2387 1697 vero

361 1724 696 1805 praetores
756 1742 882 1803 quo
945 1719 1162 1784 animo
1220 1719 1295 1782 in
1352 1740 1455 1784 me
1514 1719 1783 1802 fuerint,
1840 1739 1959 1784 vos
2014 1719 2387 1785 existimare

361 1808 691 1894 potuistis,
737 1829 884 1873 cum
927 1807 1002 1872 L.
1027 1805 1351 1872 Caecilius
1396 1808 1703 1891 privatim
1750 1829 1853 1871 me
1900 1806 2034 1871 suis
2083 1808 2387 1873 omnibus

364 1896 568 1982 copiis
607 1896 928 1961 studuerit
964 1899 1349 1980 sustentare,
1382 1895 1643 1981 publice
1670 1895 2106 1980 promulgarit
2134 1896 2214 1962 de
2243 1919 2389 1963 mea
2524 1945 2526 1952 ·

363 1986 575 2050 salute
612 2007 760 2050 cum
795 1985 1066 2069 collegis
1101 2007 1309 2069 paene
1346 1985 1665 2067 omnibus,
1701 1984 2137 2069 direptoribus
2166 1991 2388 2051 autem
2414 2001 2460 2040 2⁰
2524 1999 2526 2044 ἐ

361 2074 680 2139 bonorum
757 2070 1050 2137 meorum
1119 2073 1190 2136 in
1261 2072 1365 2136 ius
1438 2072 1715 2137 adeundi
1784 2076 2183 2156 potestatem
2255 2097 2390 2140 non

363 2161 608 2227 fecerit.
679 2160 766 2224 M.
797 2164 1016 2225 autem
1052 2158 1343 2225 Calidius
1382 2161 1606 2226 statim
1643 2161 2022 2244 designatus
2058 2164 2389 2228 sententia

365 2272 508 2333 sua,
583 2271 778 2333 quam
851 2252 1024 2313 esset
1095 2271 1250 2313 cara
1322 2248 1448 2313 sibi
1518 2270 1665 2313 mea
1724 2249 1942 2332 salus,
2015 2249 2388 2317 declaravit.

365 2337 602 2402 Omnia
655 2337 869 2401 officia
924 2335 994 2402 C.
1048 2335 1349 2421 Septimi,
1403 2334 1477 2412 Q.
1512 2336 1765 2421 Valeri,
1817 2335 1889 2401 P.
1937 2335 2187 2422 Crassi,
2244 2337 2386 2404 Sex.

364 2424 692 2507 Quinctili,
738 2422 807 2489 C.
837 2423 1111 2490 Cornuti
1157 2447 1413 2490 summa
1447 2427 1516 2489 et
1550 2425 1621 2488 in
1654 2447 1758 2490 me
1794 2428 1861 2490 et
1894 2425 1965 2489 in
2000 2447 2138 2490 rem
2175 2429 2387 2511 publi·
2411 2439 2453 2480 2⁵

364 2535 507 2578 cam
551 2512 1001 2578 constiterunt.
2525 2525 2526 2534 ²

498 2599 675 2676 Quae
732 2622 877 2665 cum
932 2601 1211 2665 libenter
1257 2622 1721 2684 commemoro,
1773 2605 1917 2666 tum
1958 2623 2095 2667 non
2137 2603 2388 2670 invitus

364 2711 494 2754 non
530 2689 861 2753 nullorum
895 2689 966 2753 in
1002 2710 1106 2753 me
1142 2688 1388 2753 nefarie
1424 2690 1772 2754 commissa
1804 2694 2162 2773 praetereO.
2235 2691 2388 2758 Non

365 2781 466 2842 est
512 2778 640 2841 mei
675 2777 990 2861 temporis
1026 2777 1299 2841 iniurias
1338 2779 1725 2861 meminisse,
1770 2800 1930 2862 quas
1968 2800 2090 2864 ego
2126 2781 2389 2846 etiamsi

363 2865 591 2930 ulcisci
651 2886 940 2950 possem,
1002 2868 1225 2929 tamen
1288 2865 1585 2931 oblivisci
1638 2867 1927 2950 mallem3
1990 2867 2120 2932 alio
2176 2872 2389 2934 trans-
2411 2882 2453 2923 ³⁰

362 2953 630 3018 ferenda
693 2975 840 3018 mea
900 2956 1046 3018 tota
1106 2953 1247 3019 vita
1309 2957 1435 3036 est,
1497 2957 1573 3018 ut
1626 2955 1786 3019 bene
1842 2955 1920 3019 de
1972 2977 2079 3019 me
2133 2958 2389 3022 meritis
2524 2957 2526 2962 ’

364 3043 642 3106 referam
689 3041 989 3126 gratiam,
1036 3041 1356 3106 amicitias
1402 3042 1542 3126 igni
1575 3046 1950 3127 perspectas
1986 3047 2195 3127 tuear,
2241 3068 2389 3112 cum

367 3130 611 3214 apertis
666 3129 964 3194 hostibus
1021 3129 1265 3193 bellum
1322 3149 1575 3214 geram,
1629 3130 1876 3196 timidis
1934 3131 2159 3196 amicis
2205 3133 2389 3218 igno-

367 3239 570 3301 scam,
649 3217 1017 3301 proditores
1100 3217 1506 3302 convincam,
1588 3218 1879 3284 dolorem
1959 3219 2389 3304 profectionis

255 3318 331 3369 24.
367 3327 546 3369 meae
591 3305 841 3369 reditus
887 3304 1206 3389 dignitate
1255 3307 1565 3370 consoler.
1639 3304 1884 3382 Quodsi
1932 3307 2095 3372 mihi
2128 3310 2387 3376 nullum
2410 3321 2451 3364 ³⁵
2524 3321 2526 3326 ‘

368 3392 547 3455 aliud
601 3395 774 3455 esset
829 3392 1113 3456 officium
1167 3393 1238 3456 in
1294 3393 1471 3457 omni
1525 3394 1663 3460 vita
1716 3395 2065 3480 reliquum,
2127 3396 2263 3462 11131
2314 3402 2387 3462 ut

367 3499 524 3562 erga
579 3479 769 3543 duces
823 3479 1002 3564 ipsos
1059 3483 1124 3543 et
1177 3480 1503 3564 principes
1559 3487 1753 3569 atque
1810 3487 2105 3549 auctores
2152 3485 2388 3550 salutis
