2534 3875
775 174 930 232 CAP.
969 183 1055 244 25,
1098 181 1167 232 26
1205 182 1236 242 ς
1274 183 1502 234 65—70.
2017 178 2148 242 213

90 319 373 384 mentio
402 318 572 406 legis
602 320 899 404 agrariae
928 320 1119 402 facta,
1145 322 1477 406 continuo,
1506 323 1617 406 qui
1637 343 1832 408 agros
1851 322 2147 407 publicos

91 413 230 473 aut
262 409 380 493 qui
407 408 856 493 possessiones
882 409 1234 474 invidiosas
1253 411 1585 494 tenebant,
1612 409 2147 494 extimescebant3

89 496 280 562 haec
357 497 462 561 lex
537 517 648 563 eos
720 496 1018 563 homines
1092 497 1378 562 fortunis
1444 497 1831 584 locupletat,
1903 499 2149 564 invidia

89 585 380 649 liberat.
454 583 658 660 Quam
698 585 940 650 multos
979 585 1169 669 enim,
1216 585 1523 672 Quirites,
1560 587 1951 652 existimatis
1990 609 2149 670 esse,

58 711 60 716 ·
92 673 230 757 qui
281 673 696 738 latitudinem
734 674 1216 758 possessionum
1261 675 1451 759 tueri,
1498 675 1611 759 qui
1653 675 1977 740 invidiam·
2009 672 2148 740 Sul-

87 762 424 826 lanorum
451 782 760 847 agrorum
788 761 958 826 ferre
985 783 1116 828 non
1137 763 1414 847 possint,
1443 763 1553 848 qui
1570 762 1846 828 vendere
1865 763 2148 848 cupiant,

90 853 486 934 emptorem
551 871 681 916 non
736 850 1092 935 reperiant,
1157 852 1425 936 perdere
1479 851 1612 916 iam
1667 852 1940 935 denique
1994 852 2146 917 illos

91 959 320 1023 agros
385 938 636 1002 ratione
701 938 922 1022 aliqua
975 938 1224 1004 velint?
1329 938 1455 1016 Qui
1517 941 1713 1025 paulo
1770 944 1920 1006 ante
1976 939 2145 1005 diem

87 1029 506 1110 noctemque
540 1025 959 1092 tribunicium
996 1048 1234 1092 nomen
1271 1027 1645 1112 horrebant,
1690 1033 1975 1094 vestram
2011 1027 2146 1092 vim

55 1115 529 1198 »metuebant,
584 1115 980 1180 mentionem
1024 1115 1191 1202 legis
1240 1115 1537 1201 agrariae
1582 1117 2147 1201 pertimescebant,

92 1204 164 1268 ei
230 1225 410 1268 nunc
466 1203 660 1268 etiam
715 1203 891 1268 ultro
938 1205 1345 1290 rogabuntur
1392 1207 1587 1288 atque
1635 1204 2019 1288 orabuntur,
2072 1207 2145 1269 ut

93 1313 320 1378 agros
367 1291 608 1376 partim
651 1291 967 1376 publiceS,
1012 1293 1254 1377 partim
1302 1291 1529 1376 plenos
1575 1292 1871 1376 invidiae,
1916 1294 2145 1378 plenos

91 1379 412 1466 periculi,
458 1379 687 1463 quanti
730 1379 859 1464 ipsi
894 1380 1117 1465 velint,
1165 1379 1545 1445 decemviris
1581 1381 1862 1444 tradant.
1926 1380 2145 1465 Atque

91 1470 238 1534 hoc
295 1489 557 1533 carmen
610 1467 714 1532 hic
770 1468 1072 1533 tribunus
1127 1468 1337 1554 plebis
1392 1489 1526 1533 non
1579 1468 1793 1553 vobis,
1850 1467 1963 1533 sed
2019 1469 2146 1534 sibi
2236 1495 2243 1506 ¹

51 1557 297 1623 bintus
364 1556 554 1620 canit.
662 1555 882 1622 Habet
947 1578 1266 1640 socerum,
1340 1556 1551 1621 virum
1616 1556 1962 1641 optimum,
2036 1557 2145 1641 qui

91 1648 381 1710 tantum
436 1643 579 1730 agri
636 1643 707 1708 in
759 1644 894 1709 illis
951 1645 1046 1709 rei
1099 1645 1401 1730 publicae
1453 1644 1741 1709 tenebris
1788 1644 2145 1729 occupavit,

95 1735 440 1819 quantum
478 1732 865 1817 concupivit.
938 1731 1130 1798 Huic·
1147 1732 1489 1798 subvenire
1526 1734 1668 1796 vult
1704 1733 2146 1798 succumbenti

91 1823 250 1887 iam
300 1825 370 1886 et
413 1842 742 1906 oppresSO,
788 1819 1074 1887 Sullanis
1121 1821 1425 1886 oneribus
1475 1821 1658 1904 gravi
1706 1843 1825 1886 sua
1860 1820 2024 1907 lege,
2070 1823 2145 1884 ut

95 1910 320 1977 liceat
372 1909 474 1975 illi
529 1908 843 1976 invidiam
889 1909 1236 1995 deponere,
1290 1909 1633 1995 pecuniam
1678 1909 1968 1975 condere.
2056 1906 2147 1973 Et

49 2017 236 2066 ’vos
311 2020 448 2063 non
520 1998 862 2083 dubitatis,
934 1998 1091 2084 quin
1152 1998 1503 2083 vectigalia
1564 2001 1785 2063 vestra
1846 1997 2144 2062 vendatis

94 2087 408 2173 plurimo
454 2088 774 2152 maiorum
810 2090 1178 2151 vestrorum
1225 2086 1541 2171 sanguine
1578 2089 1644 2150 et
1684 2086 1919 2151 sudore
1956 2106 2144 2169 quae-

99 2178 268 2259 sita,
317 2177 391 2239 ut
429 2173 729 2241 Sullanos
766 2195 1176 2259 possessores
1213 2173 1461 2239 divitiis
1500 2174 1817 2259 augeatis,
1852 2172 2141 2258 periculo

96 2263 457 2330 liberetis?
565 2261 738 2327 Nam
808 2262 890 2328 ad
953 2263 1122 2327 hanc
1189 2262 1584 2346 emptionem
1650 2260 2139 2327 decemviralem

95 2355 244 2419 duo
294 2372 533 2436 genera
577 2371 885 2435 agrorum
933 2354 1247 2436 spectant,
1295 2348 1597 2425 Quirites.
1659 2348 1907 2414 Eorum
1941 2371 2142 2415 unum

49 2457 64 2498 ἱ
94 2443 392 2528 propter
433 2439 745 2505 invidiam
792 2439 1038 2506 domini
1081 2438 1361 2525 fugiunt,
1408 2439 1683 2503 alterum
1730 2441 2000 2522 propter
2035 2460 2142 2503 va-

98 2529 433 2595 stitatem.
523 2526 828 2593 Sullanus
886 2549 1042 2613 ager
1079 2550 1117 2592 a
1164 2526 1357 2592 certis
1403 2526 1775 2591 hominibus
1821 2526 2142 2591 latissime

98 2616 535 2684 continuatus
581 2619 838 2681 tantam
882 2615 1082 2681 habet
1127 2614 1467 2697 invidiam,
1523 2617 1599 2679 ut
1642 2614 1781 2678 veri
1827 2636 1903 2679 ac
1947 2613 2140 2679 fortis

96 2704 368 2772 tribuni
427 2703 638 2788 plebis
703 2703 1048 2769 stridorem
1114 2724 1315 2768 unum
1373 2702 1661 2787 perferre
1720 2723 1853 2767 non
1911 2702 2138 2785 possit.

94 2794 244 2861 Hic
289 2812 448 2877 ager
492 2791 730 2877 omnis,
775 2813 1032 2876 quoquo
1078 2791 1291 2876 pretio
1338 2793 1673 2875 coemptus
1722 2790 1873 2875 erit,
1918 2794 2139 2855 tamen

49 2900 66 2939 ³
95 2880 372 2966 ingenti
415 2881 685 2963 pecunia
728 2880 918 2946 nobis
955 2879 1308 2944 inducetur.
1373 2877 1673 2943 Alterum
1711 2899 1913 2964 genus
1952 2899 2139 2963 agro·

95 2992 264 3038 rum
293 2971 561 3053 propter
591 2968 1004 3033 sterilitatem
1032 2967 1371 3051 incultum,
1398 2972 1667 3052 propter
1693 2967 2137 3051 pestilentiam

96 3061 378 3125 vastum
425 3060 620 3142 atque
667 3055 992 3121 desertum
1040 3059 1292 3121 emetur
1338 3055 1420 3120 ab
1466 3055 1566 3138 iis,
1610 3055 1723 3139 qui
1770 3075 1879 3120 eos
1916 3053 2138 3118 vident

98 3145 245 3213 sibi
284 3166 444 3226 esse,
479 3146 535 3210 si
563 3166 695 3211 non
722 3144 1148 3229 vendiderint,
1183 3143 1657 3227 relinquendo&
1710 3141 1801 3207 Et
1826 3141 2135 3206 nimirum

95 3233 279 3301 illud
337 3236 465 3317 est,
519 3234 692 3319 quod
745 3233 828 3299 ab
883 3233 1008 3299 hoc
1062 3232 1328 3298 tribuno
1374 3230 1584 3314 plebis
1631 3230 1875 3295 dictum
1923 3232 2024 3292 est
2066 3228 2137 3293 in

49 3340 68 3383 ⁵
101 3324 369 3403 senatu,
412 3322 730 3387 urbanam
774 3321 1035 3405 plebem
1079 3319 1354 3384 nimium
1398 3318 1468 3382 in
1511 3340 1580 3382 re
1617 3316 1881 3401 publica
1915 3338 2135 3401 posse3

98 3409 620 3477 exhauriendam
699 3429 866 3493 esse3
935 3408 1060 3474 hoc
1133 3407 1305 3471 enim
1380 3409 1479 3470 est
1540 3426 1724 3489 usne,
1806 3404 1993 3488 quasi
2056 3403 2134 3470 de

2183 1575 2250 1623 69

2182 2278 2247 2327 '10

97 3500 339 3583 aliqua
397 3497 653 3563 sentina
707 3518 782 3563 ac
835 3518 968 3563 non
1022 3496 1100 3561 de
1155 3495 1549 3581 optimorum
1605 3493 1843 3559 civium
1899 3512 2131 3578 genere
2219 3537 2223 3542 -
