2534 3875
411 115 499 178 48
962 112 1103 168 PRO
1142 113 1208 168 A.
1247 113 1566 169 CAECINA
1602 112 1892 170 ORATIO.

414 258 609 323 verbo
654 256 1043 342 videbimus3
1086 280 1257 324 nunc
1301 281 1440 323 rem
1476 259 1686 342 ipsam
1722 280 2065 344 ponamus,
2115 258 2332 343 quam
2369 259 2462 324 illi

413 367 546 412 non
598 350 868 431 negant,
924 349 991 410 et
1044 347 1179 410 eius
1235 347 1330 410 rei
1385 347 1486 412 ius
1542 347 1988 431 actionemque
2035 369 2461 430 quaeramus.

546 433 671 498 Est
724 435 884 498 haec
937 455 1043 499 res
1097 435 1341 519 posita,
1396 456 1561 516 quae
1609 435 1691 499 ab
1739 435 2112 500 adversario
2158 456 2311 501 non
2357 457 2459 500 ne-

419 526 630 608 gatur,
676 521 1037 605 Caecinam,
1084 543 1230 586 cum
1267 521 1350 586 ad
1388 523 1814 588 constitutam
1851 523 2018 588 diem
2055 526 2460 608 tempusque

414 611 726 691 venisset,
788 612 863 676 ut
916 611 1017 674 vis
1073 631 1149 675 ac
1202 608 1500 676 deductio
1560 611 1850 675 moribus
1907 611 2122 694 fieret,
2184 614 2462 696 pulsum
2482 627 2501 665 ⁵

416 698 952 782 prohibitumque
1014 719 1153 763 esse
1208 697 1276 763 vi
1330 699 1573 763 coactis
1620 698 1992 764 hominibus
2041 703 2109 763 et
2155 702 2460 765 armatis.

418 786 581 852 Cum
626 786 754 852 hoc
798 789 1078 868 constet,
1123 806 1265 870 ego,
1311 786 1508 852 homo
1553 787 1897 872 imperitus
1942 786 2133 871 iuris,
2176 789 2459 873 ignarus

415 874 830 959 negotiorum
878 895 954 938 ac
999 873 1232 958 litium,
1277 874 1447 939 hanc
1491 879 1650 958 puto
1690 897 1795 940 me
1831 875 2069 940 habere
2108 879 2459 958 actionem,

416 967 493 1028 ut
544 984 661 1047 per
713 962 1130 1027 interdictum
1186 984 1402 1028 meum
1447 963 1549 1027 ius
1595 965 1868 1028 teneam
1899 967 2095 1048 atque
2140 964 2459 1029 iniuriam

416 1055 600 1115 tuam
636 1070 1004 1133 persequar.
1078 1049 1209 1115 Fac
1252 1051 1323 1114 in
1365 1049 1490 1115 hoc
1529 1073 1744 1116 errare
1781 1073 1884 1116 me
1919 1073 2039 1117 nec
2074 1052 2220 1116 ullo
2265 1053 2459 1118 modo
2482 1067 2510 1104 1·

419 1159 612 1223 posse
657 1159 776 1220 per
817 1138 943 1202 hoc
986 1138 1404 1204 interdictum
1449 1139 1516 1202 id
1563 1141 1847 1224 assequi,
1895 1138 2066 1224 quod
2113 1139 2352 1224 velim3
2401 1146 2460 1204 te
2514 1163 2515 1172 ¹

314 1246 382 1296 83
419 1226 521 1291 uti
577 1227 647 1290 in
704 1224 828 1291 hac
887 1247 958 1290 re
1018 1226 1337 1312 magistro
1393 1227 1560 1292 volo.
1652 1226 1934 1310 Quaero,
1999 1227 2170 1293 sitne
2237 1229 2460 1312 aliqua

420 1314 613 1379 huius
660 1314 756 1378 rei
802 1313 971 1379 actio
1020 1335 1105 1379 an
1148 1316 1346 1380 nulla.
1428 1313 1788 1380 Convocari
1833 1314 2131 1380 homines
2179 1323 2460 1401 propter

420 1401 851 1486 possessionis
898 1403 1409 1467 controversiam
1454 1424 1588 1467 non
1629 1405 1906 1489 oportet,
1952 1404 2196 1468 armari
2238 1405 2460 1469 multi-

422 1489 711 1557 tudinem
765 1490 924 1554 iuris
980 1491 1304 1556 retinendi
1351 1512 1547 1556 causa
1591 1513 1725 1556 non
1771 1491 2100 1574 convenit3
2157 1513 2289 1558 nec
2335 1493 2456 1556 iuri
2480 1505 2512 1546 1⁵

422 1580 766 1664 quicquam
810 1581 950 1642 tam
993 1577 1329 1644 inimicum
1377 1600 1571 1662 quam
1606 1579 1708 1644 vis
1753 1600 1874 1644 nec
1920 1580 2251 1663 aequitati
2292 1581 2460 1666 quic·

420 1689 615 1752 quam
669 1671 807 1730 tam
861 1665 1171 1730 infestum
1227 1671 1330 1732 est
1384 1688 1578 1751 quam
1637 1667 1973 1732 convocati
2027 1668 2342 1732 homines
2400 1673 2460 1732 et

320 1759 401 1822 12
423 1755 678 1820 armati.
769 1752 955 1828 Quod
1002 1775 1149 1818 cum
1195 1755 1292 1819 ita
1347 1753 1434 1819 sit
1489 1776 1720 1838 resque
1777 1755 1914 1820 eius
1969 1756 2152 1820 modi
2207 1757 2336 1840 sit,
2391 1761 2460 1821 ut

421 1844 492 1908 in
548 1841 783 1928 primis
838 1864 877 1905 a
934 1843 1430 1925 magistratibus
1497 1843 2073 1908 animadvertenda
2135 1844 2457 1924 videatur,

421 1931 658 1998 iterum
713 1952 979 2014 quaero,
1035 1930 1207 1995 sitne
1262 1932 1400 1996 eius
1455 1931 1551 1996 rei
1604 1931 1826 2016 aliqua
1880 1931 2051 1997 actio
2109 1954 2199 1997 an
2263 1934 2456 1997 nulla.
2478 1945 2512 1984 Ξ

422 2017 695 2083 Nullam
733 2039 875 2082 esse
914 2018 1130 2083 dices?
1190 2018 1437 2082 Audire
1474 2020 1664 2103 cupio
1673 2070 1691 2103 ,
1739 2019 1852 2103 qui
1886 2020 1957 2083 in
1991 2040 2156 2104 pace
2195 2025 2271 2084 et
2310 2022 2455 2100 oti0,

423 2129 570 2171 cum
608 2128 872 2170 manum
915 2106 1168 2189 fecerit,
1214 2106 1434 2189 copias
1479 2108 1756 2189 pararit,
1801 2107 2308 2173 multitudinem
2351 2109 2456 2173 ho-

421 2190 668 2257 minum
706 2192 1019 2276 coegerit,
1055 2193 1342 2275 armarit,
1378 2192 1774 2274 instruxerit,
1810 2192 2110 2257 homines
2150 2193 2458 2275 inermos»,

422 2282 532 2364 qui
586 2281 669 2346 ad
724 2280 1150 2345 constitutum
1208 2279 1585 2365 experiundi
1629 2279 1792 2344 iuris
1838 2282 2056 2365 gratia
2099 2282 2458 2362 venissent,

424 2369 639 2452 armis,
686 2367 862 2450 viriS,
908 2372 1157 2432 terrore
1192 2368 1606 2451 periculoque
1653 2368 1883 2432 mortis
1929 2369 2326 2453 reppulerit,
2370 2370 2459 2433 fu·
2480 2381 2513 2421 2⁵

317 2473 385 2521 34
423 2456 624 2540 garit,
670 2456 1005 2539 averterit,
1049 2454 1174 2521 hoc
1220 2455 1420 2521 dicat:
1475 2454 1656 2520 ‘Feci
1701 2455 2014 2540 equidem,
2063 2478 2237 2539 quae
2291 2459 2459 2537 dicis,

425 2545 659 2627 omnia,
705 2547 771 2606 et
810 2566 887 2607 ea
931 2548 1197 2608 suntet
1238 2543 1619 2608 turbulenta
1665 2549 1730 2608 et
1773 2544 2122 2609 temeraria
2173 2549 2245 2609 et
2296 2545 2456 2629 peri-

425 2632 665 2697 culosa.
757 2629 925 2705 Quid
970 2653 1126 2718 ergo
1175 2632 1317 2696 est‘?
1372 2632 1613 2716 inpune
1657 2632 1810 2717 feci3
1857 2654 2039 2711 nam,
2088 2633 2254 2716 quid
2306 2656 2457 2719 agas

320 2729 431 2797 (34)
454 2741 705 2784 mecum
752 2740 829 2783 ex
864 2720 1003 2784 iure
1042 2720 1218 2785 civili
1256 2742 1332 2785 ac
1365 2719 1710 2803 praetorio,
1755 2742 1888 2785 non
1922 2720 2186 2784 habes'.
2276 2721 2458 2786 Itane

426 2808 622 2872 vero?
668 2812 1169 2891 recuperatores,
1213 2808 1339 2874 hoc
1376 2829 1492 2872 vos
1531 2807 1807 2873 audietis
1847 2812 1913 2871 et
1952 2806 2125 2892 apud
2166 2831 2296 2874 vos
2347 2808 2520 2874 diei-w

424 2894 765 2980 patiemini
802 2896 1103 2980 saepius?
1152 2894 1314 2960 Cum
1345 2896 1621 2960 maiores
1647 2896 1864 2961 nostri
1889 2899 2078 2960 tanta
2109 2896 2458 2984 diligentia

424 2982 895 3069 prudentiaque
921 2984 1185 3065 fuerint,
1210 2987 1286 3048 ut
1308 2984 1526 3049 omnia
1548 2984 1834 3049 omnium
1854 3005 1989 3048 non
2016 2984 2219 3051 modo
2251 2990 2457 3051 tanta·

425 3094 572 3137 rum
615 3092 856 3156 rerum,
916 3074 1029 3138 sed
1086 3072 1284 3136 etiam
1339 3071 1870 3136 tenuissimarum
1916 3073 2061 3137 iura
2109 3075 2460 3139 statuerint
2518 3150 2520 3155 Ι

426 3159 875 3244 persecutique
922 3160 1071 3244 sint,
1115 3159 1164 3242 †
1183 3165 1257 3224 ut
1300 3161 1424 3225 hoc
1472 3181 1674 3246 genus
1721 3182 1921 3225 unum
1958 3159 2064 3225 vel
2103 3163 2461 3227 maximum
2518 3158 2520 3177 ²

426 3248 1049 3330 praetermitterent,
1095 3252 1197 3329 ut,
1243 3248 1305 3312 si
1351 3250 1462 3332 qui
1511 3269 1613 3312 me
1661 3248 1836 3312 exire
1883 3249 2285 3329 dom0,mea
2334 3256 2458 3315 coe-
2480 3259 2515 3300 ³⁵

430 3336 636 3419 gisset
683 3335 899 3417 armis,
943 3336 1251 3400 haberem
1299 3336 1637 3418 actionem,
1684 3336 1742 3400 si
1788 3336 1900 3419 qui
1935 3334 2218 3402 introire
2255 3336 2461 3423 prohi-

429 3421 703 3505 buisset,
750 3443 883 3487 non
938 3423 1291 3488 haberem?
1384 3422 1691 3488 Nondum
1749 3423 1828 3488 de
1886 3422 2210 3489 Caecinae
2275 3446 2462 3491 causa

324 3726 398 3825 h
