2534 3875
374 171 507 236 476
672 171 770 226 DE
807 171 1017 227 DOMO
1057 170 1196 226 SUA
1234 171 1334 226 AD
1373 169 1793 226 PONTIFICES
1833 169 2122 224 ORATIO.

376 315 815 402 gladiatorum
876 337 1221 380 numerum
1279 319 1393 380 aut
1447 315 1722 399 denique
1777 313 2073 399 suffragii
2129 314 2414 380 latorem

375 405 449 468 in
510 406 640 468 ista
701 408 817 468 tua
880 403 1358 488 proscriptione
1423 424 1814 487 quemquam
1875 403 2004 466 nisi
2065 401 2282 466 furem
2339 425 2416 467 ac

270 472 357 598 ἐξ
378 492 684 557 sicarium
729 491 1012 576 reperire
1056 491 1350 576 potuisti.
1439 491 1690 575 Itaque,
1735 512 1884 555 cum
1927 493 2004 555 tu
2046 490 2289 554 florens
2339 513 2416 554 ac

376 583 612 665 potens
657 602 774 665 per
818 579 1103 644 medium
1145 581 1360 660 forum
1407 585 1692 644 scortum
1727 579 2040 663 populare
2076 578 2416 661 volitares,

379 669 573 733 amici
616 668 720 732 illi
765 668 863 732 tui
908 671 974 731 te
1019 689 1150 732 uno
1198 668 1407 733 amico
1454 667 1615 732 tecti
1659 670 1727 732 et
1769 667 1984 750 beati,
2028 668 2142 750 qui
2189 687 2260 730 se
2308 689 2419 750 po·
2445 687 2470 727 5

377 757 532 839 pulo
588 756 1073 838 commiserant,
1125 755 1224 819 ita
1277 755 1789 839 repellebantur,
1846 759 1922 819 ut
1977 755 2178 819 etiam
2223 754 2420 819 Pala—

376 845 585 909 tinam
630 849 814 909 tuam
860 844 1230 929 perderent;
1281 846 1392 927 qui
1439 844 1511 907 in
1542 843 1856 908 iudicium
1891 846 2227 925 venerant,
2279 844 2419 908 sive

378 937 787 998 accusatores
834 935 1021 997 erant
1058 931 1195 996 sive
1230 933 1345 1015 rei,
1382 935 1448 996 te
1487 930 1876 1016 deprecante
1915 932 2416 996 damnabantur.

378 1019 673 1105 Denique
720 1020 919 1085 etiam
964 1020 1077 1084 ille
1120 1020 1418 1085 novicius
1463 1019 1692 1105 Ligus,
1751 1021 2000 1085 venalis
2045 1020 2419 1102 adscriptor

380 1112 447 1173 et
494 1109 900 1192 subscriptor
945 1112 1125 1189 tum,
1172 1129 1322 1174 cum
1366 1107 1454 1172 M.
1500 1107 1752 1193 Papiri,
1799 1108 1900 1172 sui
1944 1108 2194 1191 fratriS,
2241 1111 2420 1172 esset
2449 1129 2498 1166 ιο

378 1200 774 1262 testamento
814 1200 881 1261 et
914 1196 1153 1262 iudicio
1190 1197 1596 1280 inprobatus,
1641 1200 1928 1260 mortem
1965 1197 2104 1261 eius
2141 1217 2212 1260 se
2248 1195 2423 1262 velle

378 1285 684 1368 persequi
731 1285 919 1368 dixis-‚3
982 1305 1219 1349 nomen
1268 1283 1411 1348 Sex.
1456 1284 1762 1369 Properti
1805 1284 2068 1367 detulit,
2113 1305 2423 1350 accusare

382 1373 634 1437 alienae
680 1373 1145 1437 dominationis
1193 1371 1585 1456 scelerisque
1623 1372 1835 1438 socius
1872 1377 2143 1458 propter
2177 1373 2424 1438 calum-

275 1477 345 1526 50
381 1461 528 1524 niae
584 1465 829 1525 metum
875 1482 1011 1525 non
1056 1465 1158 1524 est
1204 1482 1419 1524 ausus,
1509 1459 1612 1524 De
1653 1461 1778 1525 hac
1821 1461 2028 1546 igitur
2073 1463 2219 1546 lege
2265 1460 2424 1527 dici-

383 1569 556 1630 muS,
602 1549 789 1632 quasi
834 1549 971 1612 iure
1017 1551 1255 1632 rogata
1302 1548 1626 1631 videatur,
1671 1549 1852 1612 cuius
1901 1571 2096 1632 quam
2142 1549 2424 1633 quisque
2457 1569 2506 1608 15

336 1651 344 1658 ·
378 1640 638 1721 partem
678 1636 904 1721 tetigit
940 1635 1167 1720 digito,
1213 1658 1387 1719 voce,
1432 1635 1691 1719 praeda,
1739 1637 2068 1721 suffragio,
2113 1659 2426 1721 quocum-

380 1747 507 1810 que
553 1726 760 1808 venit,
804 1723 1185 1808 repudiatus
1231 1723 1694 1808 convictusque
1741 1724 2039 1790 discessit
2059 1725 2096 1788 *Ρ

515 1813 710 1896 Quid,
766 1814 822 1877 si
866 1812 949 1876 iis
996 1813 1213 1877 verbis
1260 1813 1506 1897 scripta
1551 1816 1653 1876 est
1696 1813 1828 1878 ista
1873 1813 2304 1897 proscriptio,
2348 1818 2429 1878 ut

382 1921 451 1966 se
497 1901 643 1985 ipsa
688 1900 1049 1967 dissolvat?
1097 1904 1198 1965 est
1244 1901 1444 1965 enim:
1491 1899 1716 1976 ‘QUOD
1762 1899 1848 1966 M.
1896 1900 2210 1967 TULLIUS
2257 1919 2426 1967 FAL-

381 2006 519 2055 snn
592 2006 907 2055 snnArth
983 2007 1403 2055 CONSUL-run
1473 1990 1966 2059 unr‘rumnrr?
2065 1988 2137 2054 Si
2213 1991 2430 2076 igitur
2457 2012 2512 2051 zo

379 2078 636 2142 rettulit
687 2077 927 2142 falsum
986 2082 1251 2142 senatus
1319 2077 1716 2161 consultum,
1782 2083 1924 2143 tum
1983 2082 2084 2143 est
2139 2080 2428 2164 rogatiO,

381 2168 439 2229 si
472 2187 605 2229 non
640 2166 916 2249 rettulit,
948 2166 1135 2229 nulla
1172 2170 1289 2231 est.
1357 2165 1616 2231 Satisn'e
1653 2166 1778 2230 tibi
1812 2166 2067 2231 videtur
2106 2189 2147 2231 a
2185 2173 2428 2233 senatu

380 2254 736 2318 iudicatum
781 2275 886 2317 me
931 2276 1066 2319 non
1110 2254 1303 2318 modo
1348 2276 1481 2319 non
1527 2255 1911 2319 ementitum
1957 2276 2098 2319 esse
2137 2257 2424 2323 auctori-

381 2345 591 2406 tatem
638 2342 775 2405 eius
822 2342 1095 2424 ordinis,
1151 2342 1264 2406 sed
1301 2342 1504 2407 etiam
1547 2364 1749 2407 unum
1793 2347 1948 2425 post
1991 2344 2227 2409 urbem
2274 2366 2424 2410 con-

383 2429 591 2493 ditam
654 2429 1151 2513 diligentissime
1216 2430 1474 2495 senatui
1528 2431 1869 2513 paruisse?
1972 2430 2147 2506 Quot
2205 2434 2418 2497 modis
2447 2452 2497 2493 2⁵

383 2517 581 2581 doceo
647 2517 863 2603 legem
924 2518 1150 2599 istam,
1210 2540 1408 2602 quam
1471 2540 1694 2601 vocas,
1755 2539 1892 2583 non
1953 2540 2094 2583 esse
2157 2520 2422 2605 legem?

287 2616 289 2619 ’
383 2603 595 2679 Quid?
643 2605 699 2668 si
746 2605 945 2669 etiam
981 2606 1280 2689 pluribus
1319 2606 1397 2670 de
1433 2607 1628 2671 rebus
1665 2628 1794 2672 uno
1833 2607 2143 2672 sortitore
2179 2610 2421 2692 tulisti,

382 2697 689 2757 tamenne
758 2693 1099 2758 arbitraris
1161 2694 1258 2777 id,
1323 2695 1496 2779 quod
1559 2694 1647 2760 M.
1707 2694 1956 2761 Drusus
2021 2696 2092 2759 in
2159 2696 2422 2782 legibus

384 2781 516 2845 suis
581 2780 933 2865 plerisque,
1008 2781 1319 2847 innocens
1393 2783 1507 2847 ille
1569 2784 1702 2866 vir,
1763 2782 1850 2848 M.
1905 2781 2150 2850 Scauro
2221 2790 2294 2849 et
2353 2784 2422 2851 L.

384 2866 625 2933 Crasso
672 2869 1061 2933 consiliariis
1107 2892 1241 2935 non
1285 2872 1666 2954 optinuerit,
1711 2870 1780 2935 id
1821 2875 1890 2935 te
1935 2892 2156 2957 posse,
2201 2871 2418 2939 homi·
2445 2891 2492 2933 ω

382 2978 533 3020 nem
573 2958 837 3041 plenum
879 2956 1243 3022 facinorum
1293 2962 1360 3023 et
1407 2963 1788 3043 stuprorum
1837 2962 2160 3045 omnium,
2215 2962 2424 3029 Decu-

276 3059 341 3107 51
382 3044 507 3109 mis
563 3048 630 3109 et
685 3042 933 3109 Clodiis
990 3047 1368 3111 auctoribus
1426 3048 1767 3131 optinere?
1868 3047 2108 3113 Tulisti
2165 3048 2245 3115 de
2303 3073 2422 3133 me,

386 3154 468 3197 ne
504 3134 845 3217 reciperer,
888 3154 1023 3198 non
1057 3139 1133 3198 ut
1171 3138 1433 3219 exirem,
1470 3158 1660 3220 quem
1699 3140 1775 3200 tu
1809 3136 1952 3221 ipse
1985 3151 2122 3202 non
2156 3142 2422 3220 poteras

276 3220 365 3284 20
386 3220 598 3285 dicere
658 3232 791 3285 'non
854 3221 1051 3286 licere
1108 3243 1252 3287 esse
1305 3222 1571 3289 Romae.
1672 3223 1841 3299 Quid
1901 3226 2074 3289 enim
2129 3224 2422 3291 diceres?

386 3308 813 3373 damnatum?
889 3308 1081 3375 Certe
1118 3332 1267 3375 non.
1341 3311 1752 3397 Expulsum?
1825 3310 1952 3389 Qui
1989 3313 2220 3379 licuit?
2297 3313 2424 3380 Sed
2445 3329 2490 3373 ³⁵

389 3400 611 3459 tamen
664 3418 746 3460 ne
791 3396 859 3461 id
906 3398 1167 3482 quidem
1213 3401 1316 3461 est
1363 3402 1708 3485 scriptum,
1764 3406 1839 3466 ut
1883 3401 2154 3485 exirem3
2210 3424 2426 3487 poena

389 3487 515 3566 est,
582 3484 694 3566 qui
746 3486 1091 3570 receperit,
1148 3508 1342 3572 quam
1405 3508 1626 3553 omnes
1682 3489 2133 3575 neglexerunt3
2189 3493 2424 3557 eiectio
