2534 3875
812 185 966 242 CAP.
1008 192 1218 242 20-23
1260 193 1291 253 s
1331 193 1558 243 42—46.
2073 190 2206 256 319

162 351 394 395 omnes
460 330 599 396 fere
665 329 893 396 domos
960 331 1248 397 omnium
1317 337 1705 399 concursent
1763 337 1829 398 et
1885 357 1962 399 ex
2018 336 2209 401 vultu

162 418 665 484 candidatorum
720 420 1154 486 coniecturam
1209 420 1482 505 faciant,
1560 425 1877 506 quantum
1934 423 2206 508 quisque

163 508 370 573 animi
426 512 492 573 et
528 507 863 574 facultatis
900 508 1143 573 habere
1180 509 1495 574 videatur.
1561 511 1869 577 ‘Videsne
1906 516 1981 577 tu
2015 511 2207 578 illum
2243 529 2312 578 45

162 596 459 679 tristem,
533 595 929 661 demissum?
1011 597 1207 680 iacet,
1282 597 1546 683 diffidit,
1623 599 1863 665 abiecit
1933 599 2204 666 hastas?

108 699 136 741 ⁵
165 683 392 769 Serpit
426 683 535 750 hic
572 706 813 749 rumor.
862 682 1025 750 ‘Scis
1062 690 1139 750 tu
1164 647 1357 750 illum
1386 649 1868 754 accusationem
1899 687 2208 773 cogitare,

163 773 497 859 inquirere
565 773 637 836 in
704 773 1194 858 competitoreS,
1258 777 1453 840 testis
1519 776 1872 860 quaerere?
1981 776 2208 841 Alium

162 861 427 942 faciam,
474 861 781 946 quoniam
824 861 953 926 sibi
990 862 1154 927 hic
1133 884 1276 963 lpse
1315 863 1657 948 desperat?
1721 864 1885 930 Eius
1922 865 2100 930 modi
2136 867 2210 930 de

168 949 523 1016 candidato
552 972 812 1016 rumore
842 950 1035 1016 amici
1062 949 1282 1016 intimi
1301 951 1748 1036 debilitantur,
1776 953 1992 1020 studia
2011 954 2206 1039 depo-

168 1042 365 1121 nunt3
424 1041 539 1103 aut
596 1039 823 1104 statim
878 1060 1018 1104 rem
1076 1038 1369 1104 abiciunt
1424 1045 1538 1106 aut
1595 1064 1779 1106 suam
1827 1064 2092 1126 operam
2141 1045 2207 1107 et

87 1143 139 1182 10
168 1127 461 1212 gratiam
543 1127 781 1192 iudicio
856 1131 923 1192 et
996 1128 1392 1193 accusationi
1464 1133 1818 1196 reservant.
1935 1129 2206 1196 Accedit
2227 1131 2314 1195 22

167 1216 417 1298 eodem,
462 1218 537 1279 ut
582 1215 783 1281 etiam
829 1215 971 1299 ipse
1009 1215 1391 1281 candidatus
1427 1222 1642 1282 totum
1681 1219 1974 1284 animum
2011 1223 2206 1305 atque

171 1324 436 1370 omnem
493 1325 740 1387 curam,
800 1325 1067 1389 operam
1114 1304 1650 1390 diligentiamque
1697 1328 1883 1370 suam
1928 1307 1999 1370 in
2044 1308 2207 1390 peti-

168 1393 351 1458 tione
387 1413 524 1457 non
558 1392 771 1476 possit
805 1413 1065 1477 ponere.
1130 1392 1534 1478 Adiungitur
1571 1394 1743 1458 enim
1773 1395 2207 1460 accusationis

170 1481 491 1567 cogitat1o
502 1531 520 1563 ,
573 1502 704 1545 non
758 1503 962 1565 parva
1006 1501 1139 1563 reS,
1196 1480 1308 1545 sed
1361 1481 1668 1546 nimirum
1728 1484 2020 1548 omnium
2075 1505 2207 1549 ma-

15 1567 17 1618 ἷ
90 1584 142 1626 15
170 1570 368 1634 xima.
468 1567 785 1654 Magnum
852 1572 952 1634 est
1016 1569 1187 1634 enim
1242 1573 1310 1633 te
1366 1591 1746 1652 comparare
1803 1592 1906 1653 ea,
1951 1571 2206 1672 ‘quibus

169 1657 386 1742 possis
450 1657 781 1722 hominem
844 1679 878 1721 e
944 1657 1235 1741 civitate,
1299 1659 1686 1742 praesertim
1750 1680 1884 1723 non
1946 1658 2206 1743 inopem

174 1767 383 1832 neque
428 1745 780 1830 infirmum,
830 1746 1193 1830 exturbare,
1242 1746 1354 1830 qui
1400 1749 1467 1810 et
1510 1768 1629 1831 per
1675 1768 1744 1811 se
1791 1750 1858 1810 et
1902 1769 2016 1830 per
2054 1769 2207 1811 suos

177 1839 243 1899 et
296 1856 453 1900 vero
512 1834 710 1899 etiam
764 1856 884 1919 per
938 1833 1186 1898 alienos
1243 1833 1645 1900 defendatur.
1737 1833 1978 1900 Omnes
2035 1834 2208 1899 enim

177 1923 259 1990 ad
295 1922 590 2008 pericula
615 1922 1060 2009 propulsanda
1096 1923 1540 1989 concurrimus
1571 1926 1654 2007 et,
1683 1923 1795 2007 qui
1821 1945 1955 1989 non
1983 1926 2208 2008 aperte
2241 1976 2245 1978 .

95 2030 147 2069 20
173 2012 423 2077 inimici
480 2034 730 2096 sumuS,
786 2012 988 2077 etiam
1044 2012 1459 2077 alienissimis
1505 2012 1575 2077 in
1619 2013 1854 2097 capitis
1899 2012 2206 2097 periculis

177 2100 713 2166 amicissimorum
784 2100 1000 2165 officia
1064 2104 1132 2166 et
1192 2100 1410 2165 studia
1463 2103 1894 2185 praestamus·
1994 2098 2206 2175 Quare
2245 2116 2313 2165 46

176 2208 299 2276 ego
363 2193 666 2274 expertus
733 2193 800 2254 et
861 2188 1123 2274 petendi
1179 2192 1245 2253 et
1305 2188 1689 2254 defendendi
1743 2192 1809 2253 et
1865 2189 2208 2255 accusandi

174 2278 549 2344 molestiam
596 2278 687 2343 sic
730 2277 1043 2362 intellexi,
1086 2277 1157 2341 in
1201 2276 1480 2362 petendo
1529 2276 1820 2343 studium
1857 2300 1998 2342 esse
2035 2298 2207 2342 acer-

173 2366 433 2450 rimum,
479 2367 551 2430 in
595 2365 991 2432 defendendo
1039 2364 1342 2449 officium,
1386 2365 1458 2428 in
1494 2366 1856 2431 accusando
1895 2366 2209 2432 laborem.

92 2470 145 2513 25
173 2454 406 2540 Itaque
473 2454 565 2520 sic
630 2456 848 2521 statuo
860 2505 877 2538 ,
940 2453 1084 2521 fieri
1136 2454 1319 2519 nullo
1376 2453 1569 2518 modo
1625 2475 1843 2539 posse,
1907 2460 1981 2519 ut
2035 2454 2209 2519 idem

176 2542 656 2609 accusationem
702 2548 770 2608 et
804 2542 1188 2628 petitionem
1226 2542 1602 2608 consulatus
1644 2542 1989 2627 diligenter
2026 2541 2209 2608 ador-

173 2636 288 2697 net
352 2636 549 2715 atque
610 2632 913 2697 instruat.
1012 2630 1231 2697 Unum
1297 2630 1616 2696 sustinere
1669 2630 1862 2715 pauci
1914 2636 2207 2716 possunt,

174 2724 526 2805 utrumque
581 2742 793 2786 nemo.
881 2719 981 2784 Tu
1037 2742 1182 2785 cum
1239 2723 1308 2784 te
1366 2719 1442 2783 de
1499 2719 1815 2784 curriculo
1871 2719 2208 2804 petitionis

177 2809 549 2874 deflexisses
616 2810 1028 2892 animumque
1094 2808 1177 2873 ad
1242 2807 1672 2873 accusandum
1736 2808 2210 2891 transtulisseS‚

96 2914 150 2955 30
174 2900 233 2963 si
296 2896 687 2962 existimasti
749 2902 814 2962 te
878 2896 1134 2981 utrique
1188 2896 1454 2980 negotio
1513 2896 1676 2961 satis
1729 2894 1942 2960 facere
1996 2918 2208 2981 posse,

175 2986 596 3051 vehementer
642 2985 893 3051 errasti.
985 2982 1143 3059 Quis
1190 2985 1364 3049 enim
1411 2984 1546 3049 dies
1589 2983 1732 3067 fuit,
1777 2987 2206 3069 posteaquam

176 3074 247 3139 in
292 3074 493 3139 istam
532 3074 879 3140 accusandi
916 3073 1474 3147 denuntiationem
1510 3072 1841 3157 ingressus
1880 3093 1968 3155 eS‚
2014 3093 2206 3157 quem

177 3166 253 3228 tu
304 3184 439 3227 non
497 3166 709 3227 totum
756 3162 828 3227 in
872 3161 1001 3227 ista
1044 3162 1300 3227 ratione
1348 3160 1871 3245 consumpseris?
1962 3157 2204 3246 Legem
2225 3160 2312 3224 23

180 3250 463 3316 ambitus
526 3251 873 3337 flagitasti,
936 3271 1100 3334 quae
1163 3250 1286 3314 tibi
1340 3271 1474 3315 non
1527 3249 1774 3332 deerat3
1838 3251 1979 3314 erat
2035 3248 2205 3313 enim

101 3356 152 3397 35
182 3339 587 3405 severissime
635 3339 882 3423 scripta
927 3337 1298 3422 Calpurnia.
1374 3336 1616 3403 Crestus
1663 3341 1762 3403 est
1809 3357 1951 3401 mos
1997 3340 2064 3400 et
2099 3359 2206 3401 vo-

178 3427 420 3492 luntati
459 3431 524 3493 et
552 3427 858 3512 dignitati
887 3430 1059 3491 tuae.
1122 3424 1249 3491 Sed
1277 3430 1423 3491 tota
1449 3427 1570 3491 illa
1596 3427 1700 3491 lex
1730 3424 2205 3492 accusationem

178 3520 388 3602 tuam,
445 3515 501 3581 si
558 3516 831 3582 haberes
877 3517 1219 3581 nocentem
1266 3537 1478 3601 reum,
1531 3514 1815 3581 fortasse
1861 3517 2203 3593 armasset3
