2534 3875
848 176 999 231 GAP.
1043 184 1249 232 10—12
1291 183 1320 243 ς
1359 183 1585 232 27—33.
2103 179 2232 244 469

206 321 401 387 modo
446 343 653 406 neque
699 342 814 406 per
862 343 1044 404 quos,
1087 320 1616 404 patefaciundum
1663 321 1826 386 mihi
1873 344 2010 388 esse
2060 323 2234 388 arbi·

204 414 364 475 tror.
448 407 517 474 Si
562 409 725 474 utile
768 408 865 474 rei
908 409 1205 493 publicae
1249 407 1381 472 fuit
1423 409 1684 474 haurire
1730 429 1834 474 me
1879 433 2075 474 unum
2113 432 2233 495 pro

208 498 509 563 omnibus
554 497 741 562 illam
786 495 1309 581 indignissimam
1356 497 1816 581 calamitatem,
1862 497 2061 562 etiam
2108 499 2233 563 hoc
2325 493 2330 499 ’

203 586 368 650 utile
412 589 541 668 est,
594 605 868 669 quorum
914 584 982 648 id
1027 585 1267 650 scelere
1315 585 1693 649 conflatum
1709 585 1825 670 sit,
1878 608 1980 650 me
2027 588 2235 652 occul·

148 692 177 732 5
203 677 348 738 tare
398 677 465 738 et
507 677 743 737 tacere.
815 671 989 737 Illud
1034 693 1188 737 vero
1236 676 1337 737 est
1379 672 1664 738 hominis
1711 673 1957 760 ingrati
1999 678 2233 758 tacere,

203 762 431 847 itaque
476 761 908 826 libentissime
953 759 1372 845 praedicabO,
1427 759 1541 826 Cn„
1587 761 1972 846 Pompeium
2017 763 2231 826 studio

206 854 273 915 et
338 849 729 916 auctoritate
794 871 997 933 aeque
1060 854 1240 930 atque
1295 870 1496 913 unum
1554 871 1872 933 quemque
1926 853 2234 934 vestrum,

206 937 469 1023 opibus,
516 936 958 1020 contentione,
1003 936 1332 1021 precibus,
1377 936 1681 1021 periculis
1730 936 2003 1021 denique
2049 959 2232 1022 prae·

118 1131 177 1172 10
207 1026 393 1178 &1:3³
410 1024 1790 1179 3213?ssssAE³3133b2‘2123331-,253321⁶³}ss
1830 1025 2235 1179 ἷᾴιέἱῗξῖἒῖῑ
2258 1027 2338 1090 ¹²

204 1202 560 1287 cogitares,
606 1201 895 1268 consiliis
944 1200 1247 1266 omnibus
1293 1200 1617 1278 interfuit,
1663 1201 1770 1268 hic
1813 1202 1938 1266 tibi
1984 1201 2234 1303 gravis·

204 1291 407 1355 simus
466 1293 693 1356 auctor
750 1288 833 1354 ad
878 1288 1377 1370 instituendam,
1429 1287 1846 1354 fidelissimus
1893 1291 2105 1356 socius
2151 1291 2234 1355 ad

204 1377 725 1463 comparandam,
759 1376 1157 1441 fortissimus
1196 1375 1457 1440 adiutor
1494 1376 1576 1440 ad
1611 1398 1752 1442 rem
1778 1377 2234 1461 perficiendam

202 1467 348 1550 fuit,
394 1466 500 1532 hic
545 1464 898 1548 municipia
936 1464 1352 1547 coloniasque
1391 1463 1571 1546 adiit,
1614 1464 1722 1528 hie
1757 1464 1991 1530 Italiae
2027 1466 2232 1530 totius

120 1573 175 1612 1⁵
204 1554 519 1620 auxilium
581 1552 899 1633 cupientis
946 1552 1330 1635 inploravit,
1384 1551 1492 1617 hic
1539 1552 1608 1615 in
1655 1557 1886 1618 senatu
1931 1554 2232 1638 princeps

204 1642 565 1708 sententiae
610 1641 756 1723 fuit,
802 1639 1100 1725 idemque
1138 1661 1286 1704 cum
1332 1637 1475 1678 *³¹²*
1513 1639 1798 1723 dixisset,
1844 1643 1986 1705 tum
2033 1642 2233 1706 etiam

200 1752 321 1815 pro
373 1731 583 1796 salute
621 1750 765 1794 mea
801 1729 1118 1813 populum
1154 1727 1523 1793 Romanum
1563 1728 1946 1812 opsecravit.
2020 1727 2232 1804 Quare
2268 1745 2336 1794 31
2459 1731 2464 1737 ’

202 1819 401 1884 istam
440 1818 823 1899 orationem,
861 1838 989 1901 qua
1027 1836 1096 1880 es
1133 1837 1311 1898 118118,
1349 1816 1618 1880 omittas
1657 1815 1828 1897 licet,
1864 1820 2018 1901 post
2045 1817 2232 1882 illam

203 1907 614 1990 sententiam,
659 1923 854 1991 quam
901 1905 1189 1971 dixeram
1236 1903 1314 1969 de
1361 1926 1636 1989 annona,
1681 1904 2062 1990 pontificum
2102 1905 2233 1969 ani-

0 2081 1 2090 *
120 2014 176 2055 20
205 2017 347 2060 mos
396 2016 535 2059 esse
585 1998 899 2075 mutatos3
945 1992 1218 2077 proinde
1255 1994 1446 2077 quasi
1482 1993 1594 2057 isti
1632 1996 1746 2057 aut
1784 1992 1861 2056 de
1900 1991 2014 2058 Cn.
2041 1994 2232 2058 Pom·

202 2084 351 2166 peio
408 2083 626 2164 aliter,
689 2086 885 2166 atque
947 2102 1068 2167 ego
1126 2081 1459 2165 existimo,
1523 2080 1811 2146 sentiant
1871 2085 2014 2165 aut,
2079 2081 2234 2164 quid

204 2170 369 2234 mihi
423 2191 543 2255 pro
590 2170 1038 2253 expectatione
1083 2169 1312 2254 populi
1355 2169 1664 2246 Romani,
1717 2190 1838 2253 pro
1888 2167 2002 2233 Cn.
2046 2168 2233 2233 Pom-

205 2256 312 2342 pei
357 2256 609 2320 meritis
659 2278 816 2343 erga
862 2278 982 2339 me,
1028 2279 1149 2342 pro
1186 2256 1441 2322 ratione
1477 2256 1608 2321 mei
1643 2257 1959 2341 temporis
1996 2255 2234 2321 facien-

207 2346 363 2409 dum
405 2344 633 2426 fuerit,
677 2344 983 2429 ignorent
1026 2348 1141 2408 aut
1188 2346 1415 2426 etiam,
1475 2345 1530 2407 si
1577 2343 1758 2409 cuius
1805 2344 1974 2409 forte
2020 2345 2234 2429 ponti-

124 2452 178 2493 85
206 2433 347 2500 ficis
388 2432 693 2516 animum,
730 2433 902 2515 quod
937 2436 1117 2497 certo
1156 2432 1290 2496 scio
1328 2432 1519 2496 aliter
1547 2453 1705 2509 esse,
1741 2453 1886 2497 mea
1915 2432 2237 2497 sententia

208 2521 503 2605 offendit,
561 2520 692 2587 alio
741 2520 933 2587 modo
980 2520 1068 2584 sit
1114 2520 1589 2585 constituturus
1637 2523 1749 2584 aut
1794 2521 1872 2584 de
1917 2520 2234 2606 religione

205 2610 502 2695 pontifex
550 2612 664 2673 aut
711 2607 789 2674 de
835 2630 903 2674 re
949 2608 1209 2692 publica
1246 2608 1428 2688 civiS,
1471 2630 1665 2692 quam
1703 2630 1851 2673 eum
1889 2612 2004 2673 aut
2039 2609 2235 2675 caeri-

206 2698 575 2763 moniarum
619 2696 723 2761 ius
770 2699 885 2761 aut
930 2696 1215 2761 civitatis
1264 2696 1438 2759 salus
1486 2696 1791 2781 coegerit.

341 2785 685 2869 Intellege,
721 2783 1079 2868 pontificeS,
1117 2804 1219 2848 me
1254 2784 1448 2868 plura
1475 2788 1660 2849 extra
1685 2806 1950 2850 causam
1979 2784 2235 2868 dixisse,
2273 2801 2340 2849 32

126 2893 181 2933 ao
212 2896 409 2958 quam
464 2877 579 2937 aut
634 2872 854 2956 opinio
909 2871 1138 2935 tulerit
1185 2874 1300 2935 aut
1343 2872 1650 2937 voluntas
1697 2873 1872 2955 mea3
1929 2874 2042 2937 sed
2090 2894 2236 2937 cum

206 2984 313 3026 me
368 2964 724 3046 purgatum
769 2959 957 3025 vobis
1017 2980 1157 3023 esse
1201 2981 1528 3044 cuperem,
1582 2963 1725 3025 tum
1771 2961 1970 3025 etiam
2017 2964 2237 3024 vestra

207 3050 279 3113 in
324 3070 428 3114 me
475 3052 725 3113 attente
776 3046 1093 3113 audiendo
1129 3048 1504 3133 benignitas
1541 3048 1840 3133 provexit
1875 3048 2237 3112 orationem

210 3159 444 3203 meam.
536 3134 662 3201 Sed
705 3136 831 3201 hoc
874 3136 1308 3220 compensabo
1354 3136 1674 3201 brevitate
1722 3136 1860 3200 eius
1907 3137 2238 3219 orationis,

212 3246 378 3310 quae
405 3224 689 3310 pertinet
718 3223 845 3289 ad
827 3245 1038 3324 ipsam
1066 3244 1320 3289 causam
1338 3224 1905 3308 cognitionemque
1923 3226 2237 3305 vestram3

130 3331 185 3372 ⁸⁵
214 3335 377 3398 quae
433 3336 577 3378 cum
633 3312 722 3378 sit
778 3312 848 3376 in
892 3312 994 3376 ius
1040 3312 1377 3397 religionis
1425 3316 1490 3376 et
1535 3313 1606 3377 in
1649 3312 1752 3376 ius
1799 3310 1894 3375 rei
1939 3309 2238 3394 publicae

214 3401 584 3485 distributa,
619 3400 956 3502 religionis
992 3404 1268 3484 partem,
1306 3420 1470 3484 quae
1509 3399 1716 3464 multo
1755 3402 1856 3463 est
1882 3398 2240 3482 verbosior,

209 3489 764 3574 praetermittam,
811 3488 888 3553 de
934 3489 1073 3553 iure
1119 3488 1214 3553 rei
1259 3488 1559 3573 publicae
1608 3487 1832 3552 dicam.
1925 3485 2093 3562 Quid
2139 3490 2240 3553 est
2273 3502 2342 3552 33
