2534 3875
728 134 734 140 ’
819 163 973 220 CAP.
1011 170 1152 220 3—5
1189 170 1220 230 ς
1259 170 1450 220 7—11.
1772 159 1776 163 ’
1989 169 2124 235 433

84 309 336 374 duobus
411 308 818 394 consulibus,
905 310 1078 395 quod
1151 313 1303 374 ante
1374 309 1443 373 in
1516 333 1585 374 re
1660 311 1923 394 publica
1996 336 2127 378 non

80 397 317 479 fuerat,
363 418 641 481 perenne
689 419 763 462 ac
799 399 1136 483 proprium
1172 418 1437 462 manere
1474 399 1814 481 potuisset.
1880 399 2127 476 Quodsi

83 483 162 559 Q.
217 483 524 548 Metellus
599 485 717 549 illo
793 490 1087 570 tempore
1156 486 1387 551 consul
1450 485 1685 550 fuisset
1750 487 2127 570 [inimicus],

84 572 430 655 dubitatis,
488 593 615 656 quo
673 574 890 639 animo
935 575 1137 638 fuerit
1195 576 1265 637 in
1310 595 1413 638 me
1462 576 1903 640 conservando
1948 575 2127 641 futu-

83 682 226 738 ruS,
307 683 455 725 cum
538 661 606 724 in
679 662 1082 726 restituendo
1161 666 1493 726 auctorem
1562 661 1766 726 fuisse
1843 663 2126 748 adscrip-

81 757 423 832 toremque
479 748 804 813 videatis?
895 747 1023 814 Sed
1066 749 1331 814 fuerunt
1372 749 1422 813 ii
1468 749 1794 834 consules,
1848 773 2125 834 quorum

80 842 334 900 mentes
384 841 732 922 angustae,
785 837 1095 920 humiles,
1147 859 1420 921 parvae,
1475 838 1779 922 oppletae
1834 840 2123 904 tenebris

82 947 164 989 ac
248 924 548 989 sordibus
622 945 858 989 nomen
930 926 1147 1010 ipsum
1221 927 1626 1008 consulatue,
1710 927 2123 1009 splendorem

82 1012 266 1076 illius
302 1013 590 1095 honoris,
636 1013 1157 1096 magnitudinem
1195 1014 1367 1078 tanti
1402 1014 1660 1098 imperii
1707 1035 1827 1079 nec
1882 1017 2121 1080 intueri

81 1122 205 1164 nec
275 1101 596 1165 sustinere
673 1122 793 1165 nec
857 1123 1087 1184 capere
1149 1105 1536 1186 potuerunt,
1606 1123 1739 1166 non
1804 1104 2123 1187 consuleS,

81 1188 201 1252 sed
274 1193 663 1253 mercatores
736 1189 1219 1272 provinciarum
1289 1211 1364 1254 ac
1427 1190 1797 1255 venditores
1863 1196 2120 1257 vestrae

82 1275 455 1360 dignitatis;
535 1299 811 1360 quorum
885 1278 1054 1342 alter
1127 1299 1231 1342 me
1306 1275 1687 1361 Catilinam,
1761 1282 2121 1344 amatorem

83 1386 304 1448 suum,
368 1365 590 1428 multis
648 1365 1084 1448 audientibus,
1151 1365 1320 1430 alter
1375 1365 1735 1451 Cethegum
1794 1368 2124 1432 consobri-

78 1475 244 1516 num
297 1452 706 1537 reposcebat3
762 1453 876 1537 qui
931 1475 1032 1517 me
1090 1453 1215 1518 duo
1274 1455 1761 1518 sceleratissimi
1806 1460 1961 1538 post
2006 1457 2123 1520 ho·

80 1541 333 1603 minum
409 1541 790 1606 memoriam
853 1563 986 1606 non
1049 1542 1376 1624 consules,
1450 1542 1561 1605 sed
1631 1543 1923 1606 latrones
1987 1565 2121 1608 non

83 1629 282 1692 modo
331 1628 752 1693 deseruerunt
797 1630 866 1693 in
912 1651 1110 1695 causa
1145 1631 1528 1714 praesertim
1568 1630 1834 1713 publica
1870 1634 1937 1694 et
1974 1653 2121 1696 con-

83 1716 318 1799 sulari,
383 1716 498 1780 sed
562 1717 1011 1800 prodiderunt,
1077 1722 1567 1804 oppugnarunt,
1632 1719 1810 1782 omni
1876 1719 2120 1783 auxilio

79 1826 214 1868 non
253 1805 468 1869 solum
507 1827 644 1888 suo,
683 1807 794 1870 sed
825 1807 1022 1870 etiam
1051 1813 1273 1870 vestro
1304 1810 1791 1890 ceterorumque
1821 1806 2119 1871 ordinum

81 1892 439 1977 spoliatum
488 1914 628 1958 esse
674 1895 1038 1959 voluerunt.
1105 1892 1390 1969 Quorum
1441 1895 1608 1959 alter
1652 1898 1875 1959 tamen
1909 1916 2117 1980 neque

80 2002 190 2045 me
238 2003 446 2065 neque
494 2004 885 2066 quemquam
931 1983 1184 2048 fefellit.
1249 1981 1408 2058 Quis
1456 1984 1627 2047 enim
1673 1983 1880 2047 ullam
1917 1984 2117 2049 ullius
2154 1968 2229 2094 ξι

77 2070 241 2133 boni
299 2091 480 2153 spem
537 2070 809 2135 haberet
865 2072 936 2135 in
983 2093 1089 2155 eo,
1148 2072 1328 2135 cuius
1375 2072 1660 2154 primum
1704 2075 1965 2155 tempus
2013 2094 2117 2136 ae-

77 2157 244 2221 tatis
301 2158 516 2241 palam
570 2157 804 2223 fuisset
858 2159 942 2223 ad
1000 2159 1290 2224 omnium
1336 2160 1637 2223 libidines
1685 2159 2117 2245 divulgatum,

81 2246 197 2329 qui
243 2266 326 2309 ne
373 2267 412 2309 a
457 2247 870 2311 sanctissima
916 2247 1175 2331 quidem
1221 2250 1408 2329 parte
1456 2248 1747 2329 corporis
1792 2248 2118 2331 potuisset

77 2333 425 2397 hominum
483 2334 811 2419 impuram
875 2335 1449 2419 intemperantiam
1510 2334 1942 2419 propulsare?
2006 2336 2118 2419 qui

81 2443 237 2486 cum
294 2442 477 2485 suam
532 2444 668 2486 rem
725 2445 858 2487 non
913 2424 1128 2487 minus
1181 2428 1441 2487 strenue
1490 2444 1681 2505 quam
1728 2426 1959 2507 postea
2004 2446 2118 2507 pu-

81 2510 322 2575 blicam
379 2509 791 2594 confecisset,
845 2515 1208 2596 egestatem
1267 2515 1335 2576 et
1390 2511 1710 2575 luxuriem
1759 2510 2116 2577 domestico

77 2597 405 2662 lenocinio
482 2600 904 2682 sustentavit,
977 2600 1087 2684 qui
1157 2600 1289 2663 nisi
1360 2600 1432 2662 in
1495 2620 1676 2663 aram
1740 2600 2117 2665 tribunatus

79 2685 517 2770 confugisset,
583 2708 791 2770 neque
864 2688 997 2752 vim
1061 2688 1385 2772 praetoris
1448 2708 1567 2751 nec
1631 2688 2113 2753 multitudinem

78 2772 480 2837 creditorum
515 2796 634 2839 nec
668 2775 989 2840 bonorum
1026 2776 1571 2859 proscriptionem
1609 2776 1892 2861 effugere
1928 2781 2119 2858 potu-

80 2861 252 2925 isset
305 2858 464 2947 (quo
519 2862 589 2926 in
644 2863 1038 2947 magistratu
1084 2864 1211 2928 nisi
1257 2864 1665 2948 rogationem
1716 2864 1792 2927 de
1838 2864 2115 2947 piratico

76 2949 261 3012 bello
299 2951 580 3033 tulisset,
627 2951 920 3035 profecto
959 2956 1252 3037 egestate
1292 2957 1359 3015 et
1392 2952 1819 3035 improbitate
1854 2954 2119 3016 coactus

75 3036 432 3122 piraticam
495 3038 635 3122 ipse
698 3038 985 3123 fecisset,
1051 3062 1126 3105 ac
1188 3042 1439 3105 minore
1505 3039 1763 3123 quidem
1820 3060 1966 3102 cum
2021 3037 2121 3103 rei

77 3124 388 3207 publicae
426 3125 835 3211 detrimento,
877 3150 1072 3211 quam
1111 3128 1285 3211 quod
1320 3128 1497 3192 intra
1533 3128 1793 3191 moenia
1825 3126 2117 3191 nefarius

77 3213 297 3277 hostis
361 3214 726 3297 praedoque
791 3220 1086 3281 versatus
1152 3214 1309 3301 est),
1375 3236 1503 3299 quo
1568 3215 1976 3297 inspectante
2040 3235 2119 3279 ac

77 3300 350 3365 sedente
427 3301 637 3387 legem
709 3304 1011 3367 tribunus
1083 3305 1172 3387 pl.
1235 3304 1416 3387 tulit,
1489 3324 1571 3367 ne
1636 3302 1941 3385 auspiciis
2007 3323 2117 3386 op-

75 3392 585 3473 temperaretur,
630 3411 712 3454 ne
758 3392 1147 3456 obnuntiare
1195 3391 1470 3457 concilio
1518 3394 1632 3455 aut
1678 3389 1989 3473 comitiis,
2033 3411 2116 3454 ne

77 3476 218 3561 legi
291 3478 690 3543 intercedere
764 3479 1014 3564 liceret,
1085 3484 1161 3544 ut
1233 3480 1339 3543 lex
1402 3478 1594 3543 Aelia
1657 3482 1723 3543 et
1786 3478 1972 3543 Fufia
2033 3499 2117 3543 ne

192 3588 307 3631 010.
338 3590 400 3632 11.
431 3591 472 3630 2.
1688 3585 1755 3636 28

2166 774 2235 822 10
