2534 3875
250 682 324 732 44

250 1912 322 1963 45

250 3188 321 3236 46

357 171 491 235 474
651 170 748 226 DE
784 169 991 226 DOMO
1030 170 1169 226 SUA
1206 169 1308 222 AD
1346 168 1772 226 PONTIFICES
1809 169 2100 228 ORATIO.

357 316 585 400 possit.
695 314 1199 398 Proscriptionis
1275 314 1708 379 miserrimum
1779 336 2017 380 nomen
2089 313 2258 378 illud
2323 317 2394 378 et

357 405 571 468 omnis
636 404 955 470 acerbitas
1021 401 1277 468 Sullani
1338 403 1655 486 temporis
1711 403 1866 487 quid
1920 404 2149 486 habet,
2214 400 2390 485 quod

358 492 639 556 maxime
676 492 766 556 sit
800 491 1057 575 insigne
1094 490 1175 554 ad
1213 492 1594 556 memoriam
1631 491 2080 556 crudelitatis?
2136 489 2388 575 Opinor

359 602 639 664 poenam
712 581 782 644 in
854 581 1027 644 cives
1090 578 1425 644 Romanos
1485 578 1880 644 nominatim
1943 579 2083 643 sine
2145 577 2384 642 iudicio

361 669 805 734 constitutam.
868 666 1057 732 Hanc
1092 689 1211 733 vos
1246 667 1469 753 igitur,
1513 667 1875 751 pontifices,
1908 666 2147 732 iudicio
2189 670 2384 750 atque
2406 681 2430 722 ⁵

360 758 749 822 auctoritate
807 760 1029 820 vestra
1083 755 1351 820 tribuno
1405 756 1492 839 pl.
1537 759 1933 839 potestatem
1989 755 2261 838 dabitis,
2311 757 2382 818 ut

358 845 765 928 proscribere
832 843 1071 929 possit,
1137 864 1300 926 quos
1359 843 1561 908 velit?
1649 843 1902 918 Quaero
1964 844 2164 928 enim,
2231 842 2382 926 quid

360 934 448 998 sit
502 932 681 998 aliud
729 933 857 997 nisi
910 932 1315 1016 proscribere
1371 930 1688 997 ‘VEerls
1743 949 2092 1016 mnEA‘ns,
2145 949 2240 996 m·
2299 929 2378 996 M.

358 1021 666 1086 TULLIUS
714 1039 788 1085 m
834 1037 1160 1085 clver'rE
1200 1038 1294 1084 NE
1344 1037 1482 1102 sl'r,
1526 1036 1860 1098 BONAQUE
1906 1037 2064 1085 Erus
2108 1037 2201 1084 ΠΤ
2239 1037 2380 1084 ΜΕΑ

360 1108 561 1175 SINT?
623 1108 730 1174 Ita
774 1109 945 1172 enim
982 1129 1071 1190 re,
1118 1107 1242 1172 etsi
1287 1107 1437 1172 aliis
1473 1109 1708 1192 verbiS‚
1751 1108 1924 1173 tulit.
1986 1107 2134 1174 Hoc
2168 1107 2381 1192 plebei
2403 1125 2458 1164 ιο

360 1199 597 1263 scitum
642 1200 771 1279 est,
815 1196 977 1262 haec
1024 1196 1158 1280 lex,
1201 1197 1364 1260 haec
1406 1196 1665 1280 rogatio
1713 1198 1857 1261 est?
1910 1197 2036 1261 hoc
2078 1217 2199 1261 vos
2247 1196 2382 1279 pati

360 1285 666 1371 potestis,
731 1285 856 1350 hoc
908 1284 1079 1348 ferre
1132 1284 1393 1367 civitae,
1445 1287 1522 1348 ut
1575 1284 1822 1370 singuli
1875 1284 2048 1350 cives
2105 1284 2382 1370 singulis

359 1373 697 1438 versiculis
764 1395 799 1438 e
862 1373 1127 1438 civitate
1186 1372 1553 1436 tollantur?
1659 1371 1980 1456 Equidem
2043 1373 2178 1438 iam
2242 1394 2382 1456 per-

357 1461 620 1526 functus
679 1482 857 1545 sum3
921 1461 1171 1525 nullam
1225 1460 1389 1542 vim,
1451 1460 1706 1525 nullum
1759 1461 2078 1544 impetum
2134 1464 2384 1543 metu03

362 1549 613 1635 explevi
670 1551 923 1614 animos
978 1547 1372 1632 invidorum,
1429 1548 1687 1633 placavi
1740 1548 1888 1614 odia
1941 1549 2384 1634 inproborum,
2411 1566 2466 1606 1⁵

360 1639 652 1704 saturavi
708 1637 905 1702 etiam
966 1635 1303 1720 perfidiam
1351 1639 1417 1700 et
1463 1636 1672 1702 scelus
1717 1635 2153 1720 proditorum3
2209 1637 2388 1702 deni-

363 1749 485 1810 que
534 1726 613 1790 de
660 1747 806 1790 mea
852 1745 1065 1808 causa,
1112 1746 1279 1808 quae
1325 1724 1668 1789 videbatur
1703 1724 1974 1809 perditis
2013 1725 2266 1791 civibus
2305 1725 2388 1790 ad

360 1815 673 1879 invidiam
736 1835 878 1878 esse
942 1813 1308 1896 proposita,
1380 1813 1514 1876 iam
1579 1834 1802 1877 omnes
1869 1813 2090 1896 urbeS,
2161 1836 2387 1878 omnes

361 1903 638 1987 ordines,
685 1922 908 1968 omnes
957 1901 1021 1966 di
1060 1904 1253 1986 atque
1291 1901 1586 1966 homines
1623 1901 2090 1967 iudicaverunt.
2152 1901 2389 1969 Vobis-

361 1995 497 2055 met
570 1991 760 2076 ipsis,
832 1990 1203 2075 pontifices,
1276 1994 1343 2053 et
1415 1990 1652 2054 vestris
1725 1990 1950 2055 liberis
2021 1992 2389 2076 ceterisque
2417 2010 2472 2049 20

358 2080 609 2145 civibus
664 2101 784 2163 pro
838 2082 1059 2143 vestra
1112 2077 1503 2143 auctoritate
1559 2081 1627 2141 et
1681 2078 2004 2163 sapientia
2048 2081 2389 2145 consulere

360 2167 629 2232 debetis
697 2165 890 2248 Nam,
937 2187 1081 2231 cum
1125 2169 1265 2229 tam
1314 2165 1650 2232 moderata
1692 2166 1934 2231 iudicia
1978 2168 2209 2252 populi
2257 2170 2390 2233 sint

360 2278 403 2320 a
457 2254 813 2321 maioribus
876 2254 1261 2335 constituta,
1316 2254 1599 2337 primum
1645 2258 1722 2318 ut
1765 2277 1846 2320 ne
1893 2277 2104 2338 poena
2149 2257 2388 2342 capitis

360 2366 507 2409 cum
570 2342 845 2426 pecunia
908 2342 1371 2427 coniungatur,
1433 2342 1661 2407 deinde
1724 2363 1806 2407 ne
1860 2343 2232 2428 inprodicta
2288 2346 2389 2411 die

360 2432 505 2515 quis
542 2434 908 2514 accusetur,
952 2433 1027 2494 ut
1071 2435 1171 2494 ter
1216 2435 1369 2494 ante
1415 2430 1842 2513 magistratus
1887 2435 2144 2497 accuset
2189 2433 2389 2498 inter-
2415 2449 2464 2489 2⁵

358 2519 563 2583 missa
611 2519 739 2601 die,
796 2540 991 2603 quam
1036 2518 1315 2582 multam
1360 2518 1620 2603 inroget
1669 2524 1784 2583 aut
1827 2519 2093 2604 iudicet,
2150 2526 2389 2604 quarta

360 2607 450 2670 sit
504 2606 830 2671 accusatio
876 2606 1124 2671 trinum
1172 2606 1532 2671 nundinum
1578 2607 1876 2689 prodicta
1921 2607 2051 2690 die,
2107 2631 2236 2693 quo
2285 2610 2390 2675 die

358 2694 668 2759 iudicium
718 2695 805 2759 sit
848 2693 1159 2777 futurum,
1204 2699 1347 2759 tum
1393 2694 1602 2758 multa
1639 2694 1834 2759 etiam
1875 2696 1956 2761 ad
1993 2697 2388 2781 placandum

361 2786 554 2865 atque
629 2781 711 2846 ad
785 2781 1294 2847 misericordiam
1359 2783 1486 2847 reis
1552 2804 1858 2848 concessa
1921 2784 2080 2867 sint,
2154 2785 2387 2851 deinde

362 2869 705 2935 exorabilis
752 2871 1051 2953 populus,
1095 2868 1308 2933 facilis
1357 2870 1736 2955 suffragatio
1774 2893 1894 2957 pro
1935 2874 2166 2955 salute,
2213 2875 2388 2939 deni·
2411 2888 2454 2929 ³⁰

360 2980 483 3041 que
540 2958 764 3042 etiam,
822 2960 877 3022 si
933 2980 1062 3043 qua
1116 2979 1221 3022 res
1280 2958 1466 3022 illum
1522 2959 1692 3023 diem
1749 2962 1864 3024 aut
1919 2962 2224 3046 auspiciis
2273 2968 2390 3028 aut

361 3048 775 3112 excusatione
822 3047 1106 3130 sustulit,
1149 3050 1294 3111 tota
1340 3068 1536 3112 causa
1579 3046 2012 3132 iudiciumque
2049 3050 2388 3117 sublatum

255 3110 338 3175 18
360 3135 476 3198 sit:
530 3134 692 3199 haec
746 3157 891 3199 cum
945 3135 1041 3199 ita
1094 3134 1229 3199 sint
1283 3135 1354 3198 in
1405 3135 1570 3217 iure,
1624 3135 1738 3200 ubi
1791 3136 2036 3202 crimen
2089 3142 2219 3222 est,
2272 3139 2388 3204 ubi

360 3227 713 3306 accusator,
758 3223 875 3286 ubi
920 3226 1144 3305 testeS,
1191 3222 1347 3306 quid
1392 3222 1720 3309 indignius
1768 3246 1981 3308 quam,
2027 3225 2138 3309 qui
2173 3248 2388 3311 neque

360 3308 586 3373 adesse
642 3310 731 3374 sit
782 3311 998 3377 iussus
1053 3332 1260 3393 neque
1316 3310 1554 3375 citatus
1610 3334 1817 3397 neque
1873 3318 2239 3392 accusatus,
2310 3315 2386 3379 de
2409 3324 2450 3367 ³⁵

361 3395 498 3461 eius
546 3398 776 3481 capite,
821 3398 1067 3481 liberis,
1110 3397 1392 3462 fortunis
1440 3400 1742 3465 omnibus
1789 3401 2140 3467 conductos
2185 3407 2254 3467 et
2305 3404 2386 3467 si·

360 3483 570 3547 carios
628 3488 694 3548 et
740 3488 993 3571 egentis
1040 3491 1106 3551 et
1150 3484 1439 3568 perditos
1487 3487 1868 3574 suffragium
1911 3489 2082 3555 ferre
2127 3494 2193 3554 et
2236 3512 2388 3555 eam
