2534 3875
747 128 900 182 CAP.
941 135 1150 183 31—33
1191 135 1222 194 ς,
1263 134 1491 184 ‘ze-82.
2004 134 2141 199 419

103 294 342 356 quaero
353 322 372 355 ,
429 272 644 337 sintne
689 272 822 337 ista
865 273 1134 358 praedia
1179 274 1401 339 censui
1448 276 1796 360 censendo,
1851 276 2141 343 habeant

10 384 12 429 ;
100 361 197 425 ius
256 360 478 442 civile,
531 361 668 426 sint
719 382 922 425 necne
977 361 1112 426 sint
1168 363 1477 448 mancipi,
1534 364 1907 449 subsignari
1968 367 2141 451 apud

101 448 429 513 aerarium
485 453 601 513 aut
654 449 826 534 apud
873 471 1206 515 censorem
1251 452 1525 536 possint.
1614 451 1695 516 In
1741 474 1871 535 qua
1913 454 2095 519 tribu
2118 453 2245 543 (80)

101 536 376 621 denique
421 537 552 602 ista
587 537 855 621 praedia
879 538 1248 612 censuisti?
1316 538 1737 625 Commisisti,
1785 541 1843 605 si
1878 545 2138 627 tempus

49 645 76 685 ⁵
101 625 368 709 aliquod
431 626 696 709 gravius
763 625 1132 711 accidisset,
1195 631 1272 693 ut
1336 650 1415 693 ex
1469 628 1677 693 isdem
1733 630 2015 713 praediis
2074 634 2140 695 et

98 712 502 797 Apollonide
583 718 651 779 et
735 712 985 779 Romae
1065 716 1461 799 imperatum
1544 720 1720 783 esset
1801 718 2140 783 tributum.

99 800 349 865 Verum
411 806 580 884 esto,
635 802 963 887 gloriosus
1018 803 1232 883 fuisti,
1287 804 1563 870 voluisti
1616 827 1932 891 magnum
1995 808 2141 892 agri

97 890 368 955 modum
406 895 677 975 censeri,
721 894 789 955 et
826 891 963 956 eius
1003 892 1164 977 agri,
1203 893 1315 977 qui
1351 893 1553 958 dividi
1591 894 1768 978 plebi
1802 893 2139 961 Romanae

97 1001 231 1043 non
273 982 517 1063 potest.
601 977 851 1045 Census
898 1002 966 1045 es
1015 984 1354 1065 praeterea
1398 986 1779 1047 numeratae
1826 984 2137 1066 pecuniae

25 1089 72 1128 ιο
101 1086 315 1135 cxxx.
397 1067 566 1133 Eam
613 1070 847 1153 opinor
891 1068 1014 1133 tibi
1060 1074 1475 1135 numeratam
1518 1092 1655 1135 non
1700 1092 1841 1136 esse
1889 1072 2005 1136 abs
2053 1076 2139 1137 te.

97 1155 223 1222 Sed
269 1158 435 1222 haec
472 1156 726 1221 omitto.
802 1156 1047 1222 Census
1087 1180 1155 1222 es
1192 1159 1522 1242 mancipia
1560 1161 1890 1243 Amyntae
1927 1180 2138 1245 neque

97 1246 252 1311 huic
307 1245 516 1309 ullam
569 1245 638 1309 in
693 1266 771 1310 eo
817 1245 1031 1310 fecisti
1076 1246 1400 1311 iniuriam.
1494 1247 1794 1313 Possidet
1841 1248 2013 1313 enim
2060 1272 2139 1313 ea

96 1333 426 1417 mancipia
470 1333 808 1417 Amyntas.
849 1333 980 1399 ‘Ae
1023 1335 1238 1419 primo
1286 1335 1547 1419 quidem
1583 1336 1944 1420 per-timuit,
1990 1358 2138 1403 cum

95 1427 162 1487 te
210 1422 506 1487 audisset
549 1444 771 1487 servos
820 1444 974 1487 suos
1021 1444 1160 1487 esse
1208 1444 1503 1506 censum3
1548 1426 1807 1489 rettulit
1854 1424 1937 1488 ad
1972 1425 2135 1491 iuris
2212 1504 2215 1507 ⁴

28 1530 71 1571 15
97 1510 455 1577 consultos.
546 1508 912 1575 Constabat
955 1512 1128 1575 inter
1175 1533 1419 1595 omnen,
1466 1512 1523 1575 si
1562 1512 1779 1577 aliena
1814 1514 2135 1579 censendo

93 1599 422 1665 Decianus
479 1618 599 1663 sua
650 1597 865 1664 facere
919 1603 1170 1683 posset,
1231 1621 1379 1663 eum
1426 1600 1711 1664 maxima
1756 1600 2135 1667 habiturum
2156 1655 2243 1719 33

96 1710 240 1753 esse
268 1684 422 1727 *⁸²*
519 1686 800 1752 Habetis
855 1708 1120 1753 causam
1177 1686 1696 1771 inimicitiarum,
1752 1711 1883 1773 qua
1938 1711 2137 1755 causa
2174 1732 2242 1780 81

96 1776 548 1841 inflammatus
595 1776 920 1841 Decianus
968 1775 1050 1840 ad
1088 1775 1383 1841 Laelium
1429 1776 1737 1841 detulerit
1782 1778 1951 1842 hanc
2000 1778 2137 1861 opi-

95 1887 278 1930 mam
315 1864 812 1930 aocusationem.
877 1862 1052 1929 Nam
1088 1864 1185 1928 ita
1221 1869 1491 1950 questus
1529 1868 1629 1929 est
1664 1864 1943 1951 Laelius,
1988 1887 2138 1930 cum

27 1954 174 2019 ²⁰de
218 1953 498 2039 perfidia
543 1953 814 2018 Deciani
859 1954 1126 2018 diceret:
1174 1951 1350 2029 ‘Qui
1395 1954 1584 2019 mihi
1633 1958 1910 2019 auctor
1953 1954 2137 2041 fuit,

96 2043 230 2127 qui
291 2063 602 2107 causam
657 2043 752 2107 ad
805 2064 919 2107 me
976 2042 1293 2126 detulit,
1348 2064 1566 2127 quem
1621 2064 1765 2128 ego
1814 2065 1977 2108 sum
2024 2065 2136 2110 se-

95 2135 352 2214 cutus,
409 2130 478 2195 is
533 2153 574 2194 a
626 2129 904 2196 Flacco
961 2135 1380 2216 corruptus
1427 2135 1587 2214 -est,
1642 2133 1707 2195 is
1755 2153 1868 2195 me
1924 2132 2136 2197 dese-

95 2220 264 2284 ruit
323 2240 409 2283 ac
466 2217 866 2303 prodidit?
961 2218 1172 2284 Sicine
1233 2224 1307 2284 tu
1362 2223 1591 2284 auctor
1646 2219 1913 2284 tandem
1969 2243 2135 2302 eum,

95 2309 198 2373 cui
253 2311 332 2371 tu
385 2307 457 2372 in
510 2307 782 2372 consilio
837 2307 1100 2392 fuisses,
1157 2308 1332 2392 apud
1377 2330 1570 2392 quem
1618 2329 1843 2372 omnes
1891 2309 2133 2394 gradus

27 2408 70 2452 2⁵
97 2395 449 2482 dignitatis
503 2399 658 2461 tuae
711 2395 1120 2474 retinuisseS,
1183 2396 1730 2480 pudentissimum
1784 2397 2134 2483 hominem,

91 2483 516 2550 nobilissima
592 2483 848 2550 familia
917 2491 1172 2569 natum,
1253 2484 1503 2569 optime
1578 2485 1656 2550 de
1728 2507 1798 2550 re
1871 2486 2137 2570 publica

92 2573 404 2638 meritum
458 2572 529 2636 in
575 2573 921 2638 discrimen
967 2573 1258 2638 omnium
1304 2573 1720 2638 fortunarum
1764 2575 2133 2641 vocavisti?

93 2659 361 2727 Scilicet
413 2661 754 2726 defendam
801 2661 1185 2746 Decianum,
1240 2663 1355 2746 qui
1414 2661 1537 2727 tibi
1580 2662 1651 2727 in
1698 2663 2133 2746 suspicionem

91 2750 278 2814 nullo
318 2771 437 2814 suo
467 2749 702 2815 delicto
732 2750 928 2815 venit.
992 2749 1147 2815 Non
1174 2754 1295 2834 est,
1331 2750 1493 2816 mihi
1524 2751 1728 2836 crede,
1768 2756 2131 2837 corruptus.
2172 2769 2242 2820 82

21 2855 68 2895 ³0
93 2837 266 2914 Quid
329 2838 502 2902 enim
545 2837 698 2920 fuit,
753 2839 928 2924 quod
975 2839 1057 2903 ab
1105 2861 1182 2903 eo
1229 2839 1696 2904 redimeretur?
1753 2844 1827 2904 ut
1872 2840 2135 2905 duceret
2251 2879 2256 2884 ψ

91 2926 451 2991 iudicium?
543 2925 664 2991 Oui
710 2949 822 2992 sex
868 2927 1065 2992 horas
1113 2927 1377 2992 omnino
1422 2929 1527 2992 lex
1575 2928 1769 3012 dedit,
1815 2933 2134 3013 quantum

93 3015 360 3080 tandem
409 3037 488 3079 ex
532 3014 636 3078 his
682 3015 863 3080 horis
911 3015 1301 3099 detraheret,
1347 3016 1405 3080 si
1448 3015 1572 3080 tibi
1618 3036 1867 3080 morem
1906 3036 2132 3101 gerere

93 3104 458 3169 voluisset?
548 3101 875 3168 Nimirum
929 3104 1093 3167 illud
1147 3109 1274 3188 est,
1328 3103 1501 3188 quod
1555 3104 1694 3188 ipse
1744 3105 2133 3187 suspicatur.

96 3191 404 3256 Invidisti
438 3191 704 3277 ingenio
743 3192 1207 3275 subscriptoris
1245 3191 1375 3275 tui3
1412 3192 1587 3276 quod
1618 3191 1895 3256 ornabat
1921 3191 2131 3256 facete

23 3294 69 3336 ⁸⁵
95 3281 341 3362 locum,
399 3301 590 3365 quem
646 3280 1021 3365 prenderat,
1075 3285 1142 3346 et
1197 3283 1383 3344 acute
1428 3283 1633 3344 testes
1678 3279 2133 3363 interrogabat

97 3372 212 3434 aut
246 3368 530 3432 fortasse
565 3367 844 3452 fecisset,
881 3373 956 3432 ut
992 3371 1068 3432 tu
1099 3390 1176 3432 ex
1203 3368 1431 3453 populi
1460 3389 1757 3434 sermone
1786 3368 2132 3452 excideres,

96 3455 336 3522 idcirco
381 3455 741 3522 Decianum
786 3477 992 3542 usque
1037 3455 1121 3520 ad
1165 3477 1472 3521 coronam
1520 3456 1910 3542 applicuisti.
1990 3455 2132 3541 Sed,

1699 3559 1811 3612 27*
