2534 3875
366 149 409 209 4
924 147 1067 202 PRO
1104 148 1179 202 M.
1216 147 1484 204 TULLIO
1525 147 1814 204 ORATIO.

366 291 675 376 oportuit,
723 295 789 357 et
825 313 997 358 nunc
1032 291 1291 377 faciam,
1339 293 1512 378 quod
1547 314 1808 358 necesse
1847 296 1965 358 est.
2039 291 2220 358 Nam
2261 315 2406 358 cum

366 383 540 444 esset
602 381 681 443 de
740 402 813 445 re
876 382 1250 466 pecuniaria
1313 382 1785 463 controversia,
1860 381 2032 465 quod
2095 380 2408 445 damnum

367 467 590 532 datum
626 466 712 532 M.
750 468 967 534 Tullio
1016 469 1391 554 diceremus,
1438 469 1724 534 alienum
1762 491 1908 534 mea
1943 473 2186 534 natura
2229 470 2407 534 vide-

365 556 563 620 batur
609 557 954 640 quicquam
1003 556 1080 621 de
1128 558 1613 622 existimatione
1657 555 1728 622 P.
1771 557 1937 623 Fabi
1983 559 2226 641 dicere,
2273 580 2408 622 non

369 644 523 728 quia
580 667 687 708 res
748 645 1083 730 postulare
1146 668 1280 711 non
1342 646 1686 711 videretur.
1798 645 1967 722 Quid
2030 667 2190 732 ergo
2261 647 2405 710 est?
2431 663 2455 702 ⁵

366 731 659 798 Tametsi
713 734 1009 820 postulat
1064 755 1287 819 causa,
1341 739 1588 818 tamen,
1643 734 1772 799 nisi
1825 734 2021 819 plane
2078 733 2260 822 cogit
2318 734 2409 798 in·

367 821 617 908 gratiiS,
656 820 738 885 ad
776 822 946 886 male
984 821 1325 887 dicendum
1360 844 1494 888 non
1531 822 1710 888 soleo
1750 821 2153 887 descendere.
2215 819 2410 887 Nunc

366 931 514 974 cum
572 912 835 974 coactus
898 909 1137 994 dicam,
1198 913 1254 974 si
1317 909 1472 995 quid
1527 909 1701 975 forte
1763 909 2003 993 dicam,
2062 915 2290 976 tamen
2347 912 2410 975 id

364 997 581 1082 ipsum
608 997 966 1063 verecunde
994 998 1373 1084 modiceque
1398 999 1654 1083 faciam,
1683 1001 1944 1064 tantum
1972 1003 2065 1082 ut,
2095 998 2409 1084 quoniam

366 1084 495 1150 sibi
522 1107 625 1149 me
653 1107 786 1150 non
816 1107 955 1150 esse
992 1086 1330 1152 inimicum
1368 1087 1585 1173 potuit
1620 1087 1835 1173 priore
1875 1087 2129 1152 actione
2159 1085 2407 1152 Fabius
2434 1103 2476 1142 1⁰

363 1173 677 1252 iudicare,
734 1196 905 1239 nunc
960 1173 1045 1240 M.
1100 1174 1320 1240 Tullio
1374 1175 1634 1240 fidelem
1687 1179 2066 1260 certumque
2123 1176 2409 1240 amicum

366 1283 507 1326 esse
555 1266 925 1347 cognoscat.

294 1349 337 1412 3
498 1348 720 1415 Unum
764 1349 889 1417 hoc
936 1351 1054 1416 abs
1100 1354 1195 1434 te,
1240 1350 1314 1417 L.
1361 1350 1640 1434 Quincti,
1685 1352 2004 1437 pervelim
2047 1351 2408 1437 impetrare

295 1428 328 1476 ⁶
368 1435 568 1523 (quod
624 1440 891 1503 tametsi
954 1461 1030 1504 eo
1088 1440 1272 1524 v010‚
1336 1441 1489 1524 quia
1542 1440 1704 1504 mihi
1766 1440 1929 1505 utile
1985 1444 2118 1524 est,
2183 1445 2410 1505 tamen

366 1526 488 1592 abs
532 1531 599 1591 te
642 1527 899 1612 idcirco,
947 1528 1101 1612 quia
1148 1550 1427 1612 aequum
1474 1531 1600 1612 est,
1653 1527 1967 1614 postulo),
2011 1531 2090 1593 ut
2133 1528 2238 1593 ita
2284 1529 2474 1592 tibi1⁵

364 1615 647 1679 multum
693 1617 1009 1700 temporis
1056 1616 1139 1681 ad
1185 1617 1528 1681 dicendum
1573 1638 1794 1682 sumas
1804 1667 1821 1701 ‚
1875 1620 1954 1681 ut
1997 1617 2102 1680 his
2152 1617 2408 1701 aliquid

365 1703 447 1767 ad
507 1703 922 1768 iudicandum
978 1705 1327 1789 relinquas,
1419 1703 1718 1789 Namque
1774 1708 1968 1770 antea
2009 1725 2148 1769 non
2195 1703 2408 1769 defen-

364 1791 567 1856 sionis
621 1796 773 1856 tuae
829 1792 1057 1857 modus
1068 1843 1086 1876 ‚
1148 1793 1259 1857 sed
1313 1814 1444 1858 nox
1503 1793 1629 1857 tibi
1674 1793 1869 1858 finem
1917 1792 2175 1857 dicendi
2222 1793 2408 1876 fecit3

362 1901 551 1963 nunc,
598 1879 655 1945 si
698 1880 823 1946 tibi
859 1881 1111 1964 placere
1156 1885 1396 1967 potest,
1442 1903 1526 1948 ne
1569 1881 1743 1947 idem
1787 1881 2007 1965 facias„
2052 1881 2124 1946 id
2171 1881 2298 1947 abs
2345 1887 2408 1947 te

362 1969 644 2053 postulo,
737 1967 967 2053 Neque
1012 1969 1139 2035 hoc
1184 1971 1423 2036 idcirco
1470 1971 1762 2055 postulo,
1819 1970 1991 2054 quod
2035 1973 2105 2033 te
2154 1971 2407 2055 aliquid
2429 1988 2470 2026 20

364 2078 660 2121 censeam
695 2058 1051 2140 praeterire
1092 2062 1395 2143 oportere
1434 2062 1549 2123 aut
1583 2081 1717 2124 non
1756 2080 1951 2142 quam
1981 2060 2408 2124 orntissime

363 2149 429 2208 et
480 2144 929 2229 copiosissime
989 2145 1227 2231 dicere,
1292 2169 1516 2211 verum
1574 2152 1648 2211 ut
1703 2146 1902 2211 semel
1959 2169 2090 2211 una
2150 2170 2408 2231 quaque

364 2232 442 2296 de
496 2254 566 2297 re
624 2233 833 2318 dicas;
894 2234 1067 2318 quod
1122 2234 1179 2299 si
1232 2234 1462 2319 facie-S,
1519 2258 1654 2301 non
1700 2257 1943 2320 vereor,
2001 2256 2084 2299 ne
2134 2234 2407 2302 dicendo

366 2320 503 2385 dies
552 2322 890 2387 eximatur.

292 2425 323 2473 ’ἵ
496 2408 814 2475 Iudicium
886 2414 1179 2475 vestrum
1252 2415 1385 2495 est,
1457 2416 1978 2497 recuperatore8‚
2053 2409 2406 2485 QUANTAE
2432 2428 2471 2466 2⁵

361 2514 707 2562 PEOUNIAE
764 2516 994 2563 PARET
1054 2516 1247 2565 Dono
1309 2516 1503 2565 MALO
1565 2516 1908 2564 mmmm
1963 2498 2034 2563 P.
2089 2498 2275 2565 FAnr
2336 2520 2408 2565 VI

361 2602 745 2652 HOMINIBUS
799 2605 1099 2654 ARMATIS
1154 2604 1544 2653 COACTISVE
1587 2605 1890 2653 DAMNUM
1933 2604 2188 2652 DATUM
2239 2606 2406 2655 ESSE

360 2672 449 2737 M.
494 2672 785 2741 TULLIO.
874 2676 1037 2741 Eius
1089 2677 1186 2741 rei
1231 2676 1631 2741 taxationem
1679 2698 1800 2741 nos
1845 2674 2146 2758 fecimus3
2215 2678 2405 2742 aesti-

363 2762 568 2826 matio
614 2767 835 2827 vestra
880 2769 1007 2848 est3
1052 2765 1362 2829 iudicium
1408 2764 1633 2828 datum
1679 2769 1781 2828 est
1823 2764 1896 2828 in
1943 2762 2405 2849 quadruplum.

291 2847 335 2908 4
499 2849 663 2914 Cum
710 2874 937 2917 omnes
994 2853 1175 2938 leges
1242 2852 1592 2936 omniaque
1646 2852 1916 2936 iudicia,
1973 2873 2140 2937 quae
2201 2854 2406 2937 paulo
2431 2868 2469 2907 3⁰

291 2923 325 2971 ⁸
364 2938 672 3024 graviora
736 2944 933 3024 atque
999 2940 1336 3025 asperiora
1399 2940 1702 3005 videntur
1767 2962 1936 3024 esse,
2009 2961 2088 3005 ex
2157 2940 2408 3026 impro-

362 3027 598 3091 borum
657 3027 1005 3111 iniquitate
1066 3034 1133 3093 et
1191 3028 1434 3093 iniuria
1477 3032 1636 3093 nata
1697 3032 1880 3113 sunt,
1944 3032 2086 3093 tum
2133 3028 2268 3095 hoc
2314 3031 2409 3095 iu-

363 3115 601 3181 dicium
660 3117 884 3199 paucis
948 3118 1130 3182 hisce
1186 3117 1373 3181 annis
1429 3120 1710 3202 propter⁴
1757 3116 2096 3182 hominum
2157 3119 2406 3184 malam

362 3204 896 3269 consuetudinem
950 3206 1350 3287 nimiamque
1406 3205 1744 3270 licentiam
1802 3204 2240 3269 constitutum
2291 3212 2405 3271 est.

361 3292 534 3357 Nam
582 3315 728 3358 cum
786 3294 1032 3358 multae
1078 3293 1368 3357 familiae
1422 3293 1788 3358 dicerentur
1823 3294 1892 3357 in
1927 3293 2108 3379 agris
2145 3293 2405 3381 longin·
2429 3308 2468 3350 ³5

364 3381 513 3463 quis
551 3385 617 3445 et
655 3382 917 3472 pascuis
955 3386 1249 3445 armatae
1285 3402 1426 3445 esse
1465 3381 1820 3467 caedesque
1855 3382 2084 3465 facere,
2124 3403 2404 3468 cumque

362 3488 440 3533 ea
484 3470 881 3535 consuetudo
928 3490 1061 3533 non
1106 3469 1318 3533 solum
1365 3468 1449 3532 ad
1503 3490 1606 3534 res
1663 3470 2100 3555 privatorum,
2157 3472 2280 3535 sed
2328 3472 2406 3537 ad
2491 3492 2493 3553 ᾗ
