2534 3875
332 134 464 199 238
825 192 828 197 ,
891 134 1033 188 PRO
1073 133 1132 188 C.
1170 134 1472 189 RABIRIO
1514 134 1796 190 ORATIO.

331 280 464 344 ista
520 283 672 344 sunt
718 280 1040 345 cruciatus
1087 279 1401 360 carmina,
1458 301 1623 363 quae
1668 284 1769 363 tu,
1824 279 2021 344 homo
2068 278 2235 343 lenis
2282 302 2353 344 ac

332 369 694 452 popularis,
757 367 1192 432 libentissime
1258 390 1755 433 commemoras:
1822 366 2083 432 ‘CAPUT
2141 384 2354 433 OBNU-

331 474 518 539 mro,
561 474 822 522 Anssom
867 473 1181 519 mmmm
1221 455 1696 540 SUSPENDITO’,
1743 478 1908 540 quae
1944 456 2159 539 verba,
2207 456 2354 531 Qui-

329 545 516 629 riteS,
572 546 706 609 iam
750 544 1002 628 pridem
1037 544 1108 607 in
1150 543 1274 607 hac
1320 566 1390 607 re
1434 544 1697 627 publica
1740 566 1873 608 non
1919 544 2131 607 solum
2176 548 2355 609 tene-

331 634 469 697 bris
521 634 864 699 vetustatis
874 683 892 716 ‚
950 654 1176 696 verum
1233 632 1432 696 etiam
1478 633 1621 696 luce
1666 632 1994 697 libertatis
2042 654 2353 717 oppressa
2380 649 2407 691 ⁵

333 726 503 785 sunt.

227 845 294 893 14
465 810 574 874 An
617 832 791 892 ver0,
838 808 895 873 si
928 808 1112 874 'actio
1158 808 1289 872 ista
1334 809 1669 893 popularis
1719 812 1890 873 esset
1936 814 2003 873 et
2049 809 2105 872 si
2150 809 2355 873 ullam

330 901 586 981 partem
634 898 982 981 aequitatis
1027 897 1303 961 haberet
1350 901 1464 961 aut
1499 897 1679 981 iuriS‚
1726 896 1793 962 O.
1841 896 2173 961 Gracchus
2212 919 2353 961 eam

329 986 746 1071 reliquisset?
847 982 1107 1049 Scilicet
1169 985 1296 1048 tibi
1364 986 1729 1071 graviorem
1795 985 2081 1050 dolorem
2137 986 2355 1069 patrui

330 1074 430 1137 tui
475 1096 650 1138 mors
700 1074 923 1139 attulit
969 1096 1165 1157 quam
1203 1072 1272 1139 O.
1302 1072 1593 1139 Graccho
1629 1074 1877 1156 fratriS,
1922 1079 1988 1137 et
2022 1073 2145 1137 tibi
2184 1096 2351 1138 acer·
2380 1091 2436 1129 1⁰

330 1162 474 1226 bior
544 1162 680 1227 eius
745 1162 965 1247 patrui
1028 1183 1206 1226 mors
1265 1166 1393 1245 est,
1459 1184 1649 1246 quem
1703 1184 2057 1246 numquam
2112 1162 2353 1244 vidisti,

331 1273 524 1335 quam
577 1250 680 1314 illi
733 1251 871 1314 eius
926 1250 1176 1332 fratriS,
1232 1250 1491 1335 quicum
1538 1251 2039 1315 concordissime
2084 1250 2352 1333 vixerat,

332 1342 398 1402 et
435 1339 631 1403 simili
661 1339 905 1402 virtute
941 1342 1034 1401 tu*
1051 1338 1377 1403 ulcisceris
1414 1340 1633 1423 patrui
1671 1344 1968 1422 mortem,
2008 1342 2202 1422 atque
2238 1339 2353 1403 ille

329 1431 826 1512 persequeretur
876 1426 1103 1491 fratris
1113 1478 1130 1509 ,
1189 1428 1248 1491 si
1300 1427 1433 1491 ista
1478 1428 1733 1491 ratione
1779 1448 1971 1513 agere
2018 1427 2353 1510 voluisset,

331 1518 396 1579 et
450 1538 571 1600 par
629 1515 1014 1580 desiderium
1073 1514 1174 1579 sui
1227 1515 1495 1599 reliquit
1541 1515 1711 1599 apud
1757 1516 2069 1599 populum
2116 1514 2409 1579 Roma-15

327 1625 485 1668 num
529 1604 853 1668 Labienus
907 1604 1059 1684 iste,
1113 1606 1383 1687 patruus
1430 1608 1674 1686 vester,
1729 1603 2023 1687 quisquis
2067 1603 2223 1687 fuit,
2281 1626 2355 1668 ac

330 1690 427 1757 Ti.
474 1691 802 1757 Gracchus
857 1692 1230 1776 reliquerat.
1320 1692 1428 1756 An
1482 1692 1689 1776 pietas
1744 1697 1861 1756 tua
1905 1692 2114 1755 maior
2159 1714 2357 1774 quam

331 1779 400 1846 G.
445 1780 747 1865 Gracchi,
811 1802 894 1843 an
955 1781 1208 1843 animus
1220 1830 1236 1861 ,
1302 1802 1387 1844 an
1454 1780 1818 1861 consilium,
1882 1802 1967 1844 an
2022 1801 2207 1865 opeS,
2271 1802 2357 1844 an

331 1870 714 1951 auctoritaS,
777 1890 862 1931 an
924 1868 1345 1954 eloquentia?
1425 1891 1590 1952 quae
1654 1868 1710 1932 si
1771 1868 1843 1932 in
1898 1869 2014 1933 illo
2080 1868 2357 1932 minima

327 1957 632 2042 fuissent,
692 1963 915 2023 tamen
965 1980 1122 2041 prae
1171 1958 1303 2022 tuis
1358 1958 1781 2022 facultatibus
1836 1957 2121 2022 maxima
2164 1962 2353 2042 puta·
2382 1974 2440 2013 2⁰

227 2059 290 2108 15
326 2051 569 2111 rentur.
662 2045 827 2110 Cum
889 2067 1042 2111 vero
1105 2045 1208 2110 his
1272 2046 1463 2110 rebus
1528 2046 1826 2111 omnibus
1893 2043 1961 2111 G.
2019 2045 2354 2110 Gracchus

329 2137 540 2200 omnis
595 2134 854 2218 vicerit,
907 2138 1223 2219 quantum
1282 2134 1700 2198 intervallum
1754 2134 2019 2199 tandem
2062 2133 2237 2198 inter
2287 2139 2356 2198 te

330 2227 526 2306 atque
570 2223 759 2287 illum
804 2223 1214 2286 interiectum
1255 2223 1451 2305 [esse]
1499 2223 1735 2306 putas?
1818 2219 1943 2286 Sed
1990 2226 2356 2286 moreretur

327 2312 510 2395 prius
571 2310 990 2376 acerbissima
1049 2314 1260 2375 morte
1317 2311 1572 2375 miliens
1629 2309 1694 2376 C.
1742 2309 2101 2393 Gracchus,
2156 2333 2357 2394 quam

327 2399 399 2462 in
445 2399 580 2464 eius
626 2399 926 2464 contione
973 2399 1258 2464 carnifex
1305 2399 1715 2482 consisteret3
1763 2421 1950 2484 quem
1987 2420 2121 2462 non
2156 2399 2356 2463 modo
2386 2413 2441 2454 25

327 2486 500 2568 som,
555 2489 666 2552 sed
728 2487 926 2550 etiam
981 2487 1160 2552 caelo
1215 2487 1341 2551 hoc
1388 2509 1462 2550 ac
1509 2487 1746 2570 spiritu
1792 2487 2120 2551 censoriae
2170 2487 2355 2572 leges

329 2578 525 2658 atque
569 2575 748 2639 urbis
797 2575 1121 2638 domicilio
1169 2597 1385 2638 carere
1432 2576 1792 2640 voluerunt.
1856 2574 1982 2639 Hic
2033 2596 2101 2638 se
2146 2597 2358 2658 popu-

327 2661 532 2725 larem
588 2661 796 2725 dicere
860 2663 1078 2745 audet‚
1134 2684 1236 2726 me
1284 2663 1568 2727 alienum
1614 2686 1652 2727 a
1698 2663 2053 2728 commodis
2096 2663 2361 2746 vestriS‚

328 2772 473 2813 cum
538 2750 662 2813 iste
727 2752 938 2813 omnis
1003 2754 1068 2814 et
1139 2750 1603 2834 suppliciorum
1660 2756 1726 2816 et
1780 2752 2125 2816 verborum
2180 2774 2360 2816 acer-

326 2838 566 2901 bitates
611 2859 744 2901 non
790 2859 866 2901 ex
912 2840 1224 2902 memoria
1269 2844 1489 2904 vestra
1536 2862 1609 2904 ac
1655 2845 1917 2924 patrum
1963 2843 2360 2922 vestrorum,
2388 2855 2445 2895 30

329 2925 440 2989 sed
479 2947 556 2989 ex
594 2926 922 2989 annalium
959 2928 1395 2992 monumentis
1435 2931 1629 3012 atque
1667 2950 1744 3004 ex
1772 2949 1998 3010 regum
2027 2950 2358 2992 commen-

325 3013 513 3079 tariis
560 3014 1000 3099 conquisierit,
1047 3035 1168 3099 ego
1209 3016 1508 3080 omnibus
1547 3017 1709 3080 meis
1748 3017 1997 3100 opibUS,
2044 3017 2357 3080 omnibus

327 3102 614 3167 consiliis
625 3153 642 3186 ‚
707 3103 1008 3167 omnibus
1065 3103 1254 3167 dictis
1317 3108 1508 3188 atque
1559 3104 1754 3169 factis
1808 3104 2229 3190 repugnarim
2289 3109 2361 3168 et

325 3191 682 3254 restiterim
757 3190 1165 3255 crudelitati?
1237 3191 1368 3256 nisi
1427 3192 1599 3257 forte
1669 3193 1837 3258 hanc
1904 3192 2357 3257 condicionem

326 3280 513 3343 vobis
561 3300 701 3344 esse
747 3279 968 3363 vultis,
1015 3302 1210 3362 quam
1258 3281 1445 3364 servi,
1492 3281 1549 3344 si
1594 3281 1919 3345 libertatis
1966 3302 2147 3364 spem
2194 3303 2359 3363 pro·
2390 3295 2451 3336 85

324 3367 608 3449 positam
681 3389 814 3432 non
889 3368 1228 3445 haberent,
1298 3367 1469 3432 ferre
1541 3369 1720 3432 nullo
1794 3369 1985 3434 modo
2058 3374 2362 3453 possent.

222 3467 288 3516 16
325 3453 566 3518 Misera
623 3460 724 3520 est
776 3455 1136 3540 ignominia
1187 3455 1573 3521 iudiciorum
1617 3457 2052 3542 publicorum,
2104 3457 2363 3522 misera
