2534 3875
861 178 1014 233 CAP.
1045 184 1258 233 22-25
1298 185 1329 245 ς
1361 184 1590 237 53—59.
2122 184 2253 247 411

196 324 455 407 omnia,
497 345 664 408 quae
704 322 1015 407 dolemuS,
1055 324 1281 388 eadem
1321 324 1509 407 queri
1545 324 1685 389 iure
1723 347 2089 409 possumus
2160 326 2257 392 At

196 415 479 477 accusat
524 410 744 476 verbis
792 411 1218 497 gravissimis.
1302 410 1458 477 Non
1504 412 1755 497 civitas,
1804 414 1916 478 sed
1961 413 2254 497 imperiti

193 501 509 566 homines
558 522 598 564 a
632 499 1011 565 Maeandrio
1051 500 1381 566 concitati.
1452 499 1599 576 Quo⁴
1631 501 1776 567 loco
1816 503 2017 566 etiam
2055 506 2252 585 atque

198 590 414 653 etiam
463 588 658 653 facite
702 591 781 653 ut
824 587 1268 671 recordemini,
1316 611 1480 672 quae
1527 590 1618 653 sit
1652 591 1991 655 temeritas
2031 591 2253 655 multi-

137 694 168 735 ⁶
197 677 482 762 tudinis,
527 697 692 760 quae
740 676 976 741 levitas
1022 676 1293 761 propria
1330 675 1746 762 Graecorum,
1794 678 1949 763 quid
1994 678 2065 743 in
2102 700 2251 744 con-

200 766 393 831 tione
441 764 752 831 seditiosa
796 766 1014 830 valeat
1060 766 1289 830 orati0.
1380 765 1526 849 Hic,
1571 767 1644 830 in
1686 766 1811 831 hac
1860 766 2253 852 gravissima

201 858 276 919 et
315 852 842 919 moderatissima
878 852 1162 935 civitate,
1207 876 1354 918 cum
1394 857 1497 919 est
1532 854 1748 919 forum
1784 855 2053 939 plenum
2090 855 2252 919 iudi-

201 942 490 1026 ciorum,
561 943 830 1027 plenum
903 942 1443 1027 magistratuum,
1515 944 1780 1026 plenum
1854 942 2251 1028 optimorum

202 1031 506 1096 virorum
542 1034 610 1095 et
647 1029 903 1114 civium,
941 1052 1086 1094 cum
1118 1030 1492 1113 speculatur
1522 1035 1718 1116 atque
1750 1031 2007 1096 obsidet
2033 1036 2253 1096 rostra

133 1135 190 1177 ¹⁰
216 1119 460 1185 vindex
515 1118 904 1183 temeritatis
961 1123 1028 1183 et
1079 1118 1477 1183 moderatrix
1532 1119 1733 1184 officii
1770 1120 1975 1200 curia,
2029 1123 2252 1185 tamen
2370 1158 2373 1163 -

207 1211 498 1291 quantos
543 1206 778 1272 fluctus
827 1205 1097 1270 excitari
1141 1208 1210 1271 in
1256 1208 1559 1272 contione
1596 1208 1859 1273 videtis!
1926 1206 2095 1283 Quid
2132 1229 2251 1275 vos

203 1297 354 1361 fieri
402 1295 678 1360 censetis
725 1293 1102 1359 Trallibus?
1163 1316 1247 1359 an
1292 1295 1388 1380 id,
1443 1295 1617 1379 quod
1661 1295 2021 1382 Pergami?
2102 1294 2255 1361 Nisi

205 1384 384 1449 forte
441 1384 567 1449 hae
622 1384 920 1449 civitates
979 1383 1340 1447 existimari
1394 1385 1623 1448 volunt
1679 1383 1941 1449 facilius
1996 1406 2127 1449 una
2182 1407 2252 1449 se

209 1471 496 1557 epistula
559 1471 965 1537 Mithridatis
1031 1472 1279 1536 moveri
1344 1471 1723 1556 impellique
1791 1472 2112 1556 potuisse,
2175 1476 2253 1538 ut

129 1578 181 1619 15
210 1560 578 1626 amicitiam
639 1560 868 1643 populi
923 1559 1230 1643 Romani,
1295 1560 1491 1624 fidem
1558 1580 1769 1643 suam,
1832 1560 1977 1624 iura
2031 1562 2253 1626 omnia

210 1649 413 1714 officii
458 1647 1016 1731 humanitatisque
1063 1648 1405 1731 violarent,
1453 1670 1649 1732 quam
1693 1651 1769 1712 ut
1814 1647 2025 1712 filium
2062 1650 2251 1713 testi-

210 1737 434 1802 monio
473 1737 827 1818 laederent,
865 1732 1047 1801 euius
1085 1739 1343 1821 patrem
1382 1736 1582 1800 armis
1623 1735 2001 1820 pellendum
2040 1759 2079 1801 a
2117 1736 2251 1802 suis

211 1825 555 1891 moenibus
601 1824 1026 1890 censuissent.
1090 1822 1301 1899 Quare
1346 1825 1557 1888 nolite
1602 1824 1767 1889 mihi
1813 1824 1948 1889 ista
1982 1824 2253 1889 nomina

212 1914 552 1980 civitatum
611 1913 933 1978 nobilium
990 1934 1343 1997 opponere3
1401 1933 1563 1998 quos
1610 1911 1785 1978 enim
1830 1911 2045 1978 hostis
2089 1913 2252 1978 haec

133 2022 188 2062 20
216 2003 471 2068 familia
535 2002 959 2088 contempsit,
1029 2023 1387 2085 numquam
1453 2001 1716 2066 eosdem
1780 2004 1987 2066 testes
2053 2002 2251 2086 perti-

215 2095 475 2157 mescet.
563 2089 774 2156 Vobis
840 2094 1058 2154 autem
1123 2094 1226 2154 est
1291 2090 1758 2173 confitendum,
1833 2090 1891 2154 si
1956 2089 2246 2154 consiliis

212 2180 581 2265 principum
628 2183 882 2244 vestrae
920 2179 1220 2243 civitates
1257 2182 1593 2263 reguntur,
1638 2200 1772 2243 non
1809 2176 2248 2242 multitudinis

215 2269 613 2351 temeritate,
678 2267 791 2331 sed
849 2267 1271 2350 optimatium
1328 2266 1599 2330 consilio
1658 2265 1902 2330 bellum
1960 2266 2044 2329 ab
2098 2264 2248 2330 istis

219 2356 591 2422 civitatibus
648 2376 793 2420 cum
847 2355 1093 2441 populo
1139 2354 1438 2420 Romano
1496 2375 1636 2418 esse
1684 2356 2087 2438 susceptum3
2146 2354 2253 2417 sin

139 2461 193 2502 2⁵
219 2446 328 2510 ille
382 2449 527 2509 tum
573 2447 792 2508 motus
841 2447 942 2507 est
986 2442 1363 2507 temeritate
1408 2442 1864 2525 imperitorum
1911 2439 2251 2525 excitatus,

217 2532 517 2618 patimini
582 2553 685 2596 me
740 2530 980 2596 delicta
1025 2531 1210 2616 volgi
1265 2553 1307 2595 a
1358 2531 1623 2614 publica
1679 2551 1874 2594 causa
1928 2551 2250 2613 separare.

219 2623 310 2686 At
379 2621 558 2685 enim
630 2621 828 2685 istam
901 2621 1238 2704 pecuniam
1312 2618 1468 2684 huic
1540 2640 1769 2702 capere
1840 2639 1975 2684 non
2047 2617 2252 2684 licuit.

219 2709 458 2775 Utrum
512 2708 714 2773 vultis
768 2708 947 2793 patri
990 2707 1226 2772 Flacco
1282 2707 1543 2773 licuisse
1594 2705 1842 2772 necne?
1934 2705 2004 2773 Si
2049 2706 2252 2791 licuit,

223 2799 412 2863 sicuti
458 2800 631 2862 certe
677 2797 868 2861 licuit
904 2795 987 2860 ad
1025 2796 1162 2861 eius
1200 2795 1481 2860 honores
1520 2795 1851 2880 collatam,
1900 2817 1976 2860 ex
2015 2795 2251 2880 quibus

148 2904 198 2944 ³⁰
221 2887 382 2951 nihil
446 2885 588 2970 ipse
652 2885 980 2968 capiebat,
1051 2884 1262 2968 patris
1328 2884 1671 2969 pecuniam
1735 2887 1912 2948 reete
1976 2882 2253 2947 abstulit

223 2975 417 3058 filius;
483 2973 542 3038 si
603 2993 735 3037 non
796 2972 1009 3055 licuit,
1071 2976 1297 3038 tamen
1357 2971 1474 3037 illo
1540 2975 1800 3037 mortuo
1860 2992 1994 3035 non
2056 2971 2251 3035 modo

225 3063 417 3146 filine,
464 3061 577 3127 sed
623 3061 837 3145 quivis
881 3061 1070 3126 heres
1115 3060 1478 3126 rectissime
1523 3062 1744 3144 potuit
1792 3058 2061 3123 auferre.
2153 3056 2253 3123 Ac

225 3156 360 3216 tum
419 3149 678 3234 quidem
723 3148 1068 3232 Tralliani,
1123 3171 1273 3214 cum
1326 3148 1458 3232 ipsi
1514 3148 1700 3234 gravi
1743 3146 2006 3210 faenore
2050 3145 2250 3210 istam

226 3239 558 3324 pecuniam
599 3236 845 3302 multos
884 3259 1088 3302 annos
1128 3237 1643 3320 occupavissent,
1680 3257 1720 3298 a
1754 3233 1988 3299 Flacco
2027 3237 2253 3298 tamen

156 3343 204 3385 ss
230 3327 456 3409 omnia,
503 3347 668 3412 quae
714 3325 1080 3408 voluerunt,
1125 3325 1645 3410 impetraverunt
1688 3343 1899 3406 neque
1944 3325 2081 3387 tam
2117 3321 2253 3386 fue·

225 3418 370 3480 runt
433 3413 872 3497 impudentes,
935 3417 1012 3478 ut
1075 3412 1170 3496 id,
1234 3411 1410 3496 quod
1466 3410 1728 3476 Laelius
1784 3410 1978 3494 dixit,
2041 3409 2252 3475 dicere

229 3503 549 3586 auderent,
585 3502 754 3567 hane
795 3501 878 3566 ab
919 3521 988 3565 se
1023 3500 1367 3584 pecuniam
1398 3498 1751 3565 abstulisse
1780 3497 2253 3564 Mithridatem.

2290 1842 2359 1893 58

2290 2674 2359 2723 59
2472 2750 2476 2752 ῃ
