2534 3875
875 188 1028 245 CAP.
1067 196 1208 243 4-e
1246 196 1277 256 s
1316 196 1509 244 9-14.
2081 192 2213 257 379

174 334 430 399 delatus
491 338 592 399 est
649 356 688 399 a
733 332 806 398 L.
851 331 1126 399 Lucullo
1183 356 1302 418 pro
1352 335 1634 399 consule.
1726 332 1976 409 Quaere
2024 358 2216 421 argu·
2255 339 2298 403 6

174 426 425 506 menta,
485 422 545 487 si
591 444 756 507 quae
801 426 1018 507 potes3
1071 444 1433 506 numquam
1470 422 1643 486 enim
1688 422 1797 487 hic
1842 446 2051 509 neque
2098 446 2217 491 suo

172 532 386 595 neque
435 510 794 575 amicorum
840 510 1079 575 iudicio
1124 510 1512 576 revincetur.

309 598 597 674 Quaeres
627 620 667 663 a
693 598 904 683 nobis,
943 596 1182 680 Gratti,
1211 620 1328 663 cur
1355 602 1543 664 tanto
1573 621 1766 683 opere
1793 600 1921 665 hoc
1948 600 2213 665 homine
2256 621 2321 669 12

112 704 142 745 ⁵
173 687 589 752 delectemur.
663 685 832 761 Quia
877 687 1254 772 suppeditat
1298 688 1512 770 nobis,
1555 688 1671 752 ubi
1718 691 1785 752 et
1832 688 2085 753 animus
2134 710 2215 754 ex

169 776 302 841 hoc
336 774 589 841 forensi
617 775 897 859 strepitu
924 776 1250 840 reficiatur
1280 780 1348 839 et
1376 796 1564 840 aures
1596 776 1888 841 convicio
1920 776 2213 842 defessae

171 864 658 949 conquiescant.
758 862 868 927 An
932 867 1007 927 tu
1059 864 1395 929 existimas
1452 868 1567 928 aut
1624 869 1967 948 suppetere
2022 866 2214 931 nobis

168 974 386 1037 posse,
433 952 608 1054 quod
652 951 887 1017 cotidie
934 951 1225 1016 dicamus
1272 952 1341 1017 in
1387 956 1577 1017 tanta
1612 954 1933 1018 varietate
1978 974 2215 1037 rerum,

169 1040 303 1105 nisi
368 1042 624 1106 animos
687 1043 952 1105 nostros
1019 1039 1319 1105 doctrina
1386 1041 1788 1143 excolamus,
1866 1044 1983 1106 aut
2043 1042 2213 1107 ferre

81 1147 142 1186 ιο
172 1130 431 1194 animos
476 1131 733 1193 tantam
779 1149 972 1213 posse
1018 1129 1537 1213 contentionem,
1581 1129 1713 1195 nisi
1762 1151 1872 1194 eos
1919 1130 2216 1195 doctrina

173 1215 404 1283 eadem
465 1217 874 1289 relaxemus?
973 1215 1119 1301 Ego
1175 1238 1331 1281 vero
1384 1216 1600 1282 fateor
1655 1240 1759 1282 me
1814 1218 1921 1283 his
1977 1218 2213 1283 studiis

174 1326 321 1369 esse
379 1304 690 1370 deditum.
784 1302 1052 1371 Ceteros
1108 1304 1380 1389 pudeat,
1446 1304 1504 1369 si
1550 1306 1662 1388 qui
1706 1306 1805 1371 ita
1852 1327 1921 1371 se
1969 1307 2215 1371 litteris

175 1393 594 1477 abdiderunt,
649 1396 725 1457 ut
771 1392 939 1457 nihil
985 1393 1246 1477 possint
1292 1414 1370 1457 ex
1416 1392 1497 1458 iis
1541 1414 1751 1478 neque
1798 1394 1881 1458 ad
1926 1416 2217 1460 commu-

173 1504 326 1546 nem
397 1482 650 1547 adferre
715 1480 1001 1547 fructum
1066 1502 1277 1565 neque
1344 1480 1415 1544 in
1480 1485 1817 1565 aspectum
1872 1481 2213 1568 lucemque

82 1587 142 1629 15
172 1569 494 1653 proferre3
550 1591 655 1635 me
711 1574 928 1634 autem
987 1569 1142 1654 quid
1196 1568 1466 1653 pudeat,
1525 1570 1638 1653 qui
1696 1573 1801 1634 tot
1857 1591 2063 1636 annos
2119 1572 2217 1637 ita

172 1659 353 1741 vim,
407 1657 678 1741 iudices,
732 1661 809 1722 ut
863 1680 904 1723 a
956 1657 1201 1721 nullius
1248 1678 1558 1741 umquam
1604 1680 1707 1723 me
1753 1662 2053 1741 tempore
2101 1664 2217 1723 aut

171 1745 515 1812 commodo
573 1749 688 1811 aut
749 1746 956 1811 otium
1015 1767 1235 1810 meum
1292 1746 1690 1811 abstraxerit
1746 1749 1862 1811 aut
1904 1747 2214 1831 voluptas

175 1836 468 1901 avocarit
525 1837 640 1899 aut
695 1834 966 1918 denique
1005 1855 1274 1899 somnus
1320 1834 1714 1899 retardarit?
1808 1832 2021 1909 Quare
2069 1835 2214 1919 quis
2256 1854 2322 1903 13

173 1924 442 1989 tandem
477 1945 582 1988 me
617 1921 1067 2008 reprehendat,
1105 1926 1220 1988 aut
1258 1922 1404 2006 quis
1442 1921 1605 1988 mihi
1642 1923 1781 1989 iure
1820 1927 2215 2005 suscenseat,

83 2031 144 2072 20
173 2014 251 2097 si,
299 2016 614 2097 quantum
662 2012 893 2077 ceteris
933 2012 1016 2076 ad
1053 2033 1206 2077 suas
1242 2033 1347 2076 res
1385 2010 1729 2096 obeundaS,
1776 2015 2094 2095 quantum
2132 2013 2215 2076 ad

171 2102 382 2166 festos
447 2101 584 2165 dies
649 2101 951 2166 ludorum
1024 2099 1475 2185 celebrandos,
1539 2105 1855 2184 quantum
1910 2101 1993 2166 ad
2049 2101 2215 2164 alias

172 2189 552 2274 voluptates
619 2193 687 2254 et
750 2188 832 2254 ad
896 2190 1107 2273 ipsam
1169 2189 1465 2272 requiem
1531 2189 1735 2253 animi
1798 2192 1864 2253 et
1920 2188 2213 2273 corporis

175 2277 551 2344 conceditur
608 2281 1006 2360 temporum,
1064 2280 1383 2361 quantum
1449 2277 1565 2342 alii
1616 2277 1916 2342 tribuunt
1970 2280 2217 2361 tempe-

175 2365 366 2431 stivis
433 2365 742 2432 conviviis
751 2415 770 2448 ‚
834 2369 1152 2449 quantum
1219 2365 1492 2451 denique
1549 2365 1829 2446 alveolO,
1896 2368 2215 2448 quantum

83 2472 146 2514 25
172 2455 377 2539 pilae,
432 2456 690 2520 tantum
747 2453 909 2518 mihi
967 2457 1226 2538 egomet
1273 2453 1355 2518 ad
1400 2454 1563 2519 haec
1608 2453 1824 2518 studia
1870 2453 2214 2519 recolenda

178 2543 564 2627 sumpsero?
683 2541 903 2627 Atque
945 2542 1103 2606 hoc
1177 2563 1254 2606 eo
1329 2541 1493 2606 mihi
1545 2541 2039 2607 ‘concedendum
2112 2545 2216 2607 est

173 2632 411 2716 magis,
457 2630 631 2714 quod
677 2652 756 2694 ex
799 2629 904 2695 his
951 2630 1183 2695 studiis
1228 2630 1393 2706 haec
1432 2652 1689 2715 quoque
1727 2631 1963 2696 crescit
2001 2631 2231 2696 oratic?

174 2722 246 2784 et
287 2718 598 2802 facultas,
648 2740 814 2803 quae
863 2722 1383 2803 quantacumque
1429 2718 1501 2784 111
1546 2741 1651 2784 me
1697 2725 1810 2803 est,
1852 2741 2211 2804 numquam

177 2807 534 2873 amicorum
582 2807 886 2890 periculis
935 2807 1156 2871 defuit.
1222 2805 1401 2881 Quae
1448 2807 1506 2872 si
1552 2807 1656 2872 cui
1701 2808 1907 2874 levior
1941 2807 2216 2885 videtur,

86 2914 148 2955 ao
174 2896 298 2960 illa
367 2896 626 2980 quidem
682 2899 881 2980 certe,
945 2917 1107 2980 quae
1165 2916 1419 2960 summa
1474 2900 1653 2981 sunt,
1717 2917 1796 2960 ex
1850 2918 1976 2983 quo
2032 2896 2215 2960 fonte

175 2984 501 3068 hauriam,
587 2983 815 3049 sentio,
931 2982 1134 3067 Nam,
1215 2983 1347 3047 nisi
1421 2986 1775 3049 multorum
1816 2983 2212 3085 praeceptis
2256 3000 2321 3049 14

176 3073 532 3158 multisque
577 3071 818 3136 litteris
856 3072 1019 3136 mihi
1057 3072 1139 3136 ab
1179 3072 1623 3137 adulescentia
1658 3072 2010 3137 suasissem
2045 3070 2213 3134 nihil

177 3181 321 3226 esse
356 3162 428 3225 in
453 3161 590 3225 vita
617 3181 858 3262 magno
888 3181 1082 3245 opere
1112 3161 1545 3244 expetendum
1572 3159 1701 3224 nisi
1729 3159 1988 3224 laudem
2017 3163 2215 3241 atque

175 3249 612 3331 honestatem,
655 3249 727 3312 in
771 3269 848 3312 ea
885 3252 1102 3313 autem
1140 3248 1587 3333 persequenda
1626 3269 1849 3313 omnes
1889 3245 2213 3312 cruciatus

91 3353 150 3394 85
178 3337 490 3422 corporis,
537 3335 757 3402 omnia
797 3335 1088 3420 pericula
1125 3336 1357 3401 mortis
1396 3340 1593 3421 atque
1632 3335 1809 3400 exilii
1844 3334 2034 3436 parvi
2073 3355 2215 3399 esse

179 3425 494 3502 ducenda,
547 3446 904 3508 numquam
959 3445 1062 3488 me
1121 3445 1242 3509 pro
1307 3424 1519 3490 salute
1572 3427 1792 3490 vestra
1850 3423 1923 3488 in
1974 3425 2079 3488 tot
2140 3443 2217 3487 ac

177 3517 402 3578 tantas
449 3512 898 3579 dimicationes
945 3516 1141 3596 atque
1185 3513 1257 3577 in
1303 3513 1427 3578 hos
1473 3512 1973 3598 profligatorum
2007 3512 2217 3577 homi—
