2534 3875
2515 0 2517 42 Ι

2515 45 2517 82 Ι

308 149 443 214 456
502 149 617 205 oR.
637 148 821 204 POST
847 147 1015 203 RED.
1036 149 1136 204 AD
1167 146 1360 213 Qum.
1380 146 1548 203 ΗΑΒ.
1608 146 1762 203 οΑΡ.
1787 154 1838 216 9,
1871 153 1937 203 10
1974 153 2007 215 ς
2035 153 2263 204 23—25.

307 295 481 360 ratio
528 292 839 379 pecuniae
883 293 1169 379 debitae,
1213 297 1562 377 propterea
1603 292 1779 376 quod
1821 292 2183 378 pecuniam,
2227 292 2344 376 qui

308 383 566 466 retinet,
599 403 734 448 non
769 381 1090 466 dissolvit,
1126 381 1239 466 qui
1276 381 1575 464 reddidit,
1610 402 1743 446 non
1778 381 2012 464 habet3
2059 381 2342 466 gratiam

202 541 291 606 10
312 476 395 557 et,
442 472 553 555 qui
596 469 883 554 rettulit,
927 470 1131 534 habet
1177 472 1271 553 et,
1318 469 1430 553 qui
1474 432 1701 554 ha'bet,
1748 469 2096 550 dissolvit]
2519 528 2521 632 1

200 619 290 666 24·
311 520 1534 731 volegltsspzzffigtfflogzliavgzffi
1560 520 2139 731 affissgegzssfflgbmit
2159 556 2398 730 ξιξέἐρ

309 734 422 800 sed
479 736 706 819 etiam,
770 756 915 799 eum
972 755 1076 798 me
1130 734 1272 798 vita
1326 735 1632 814 defecerit,
1685 735 1884 798 multa
1937 735 2344 799 monimenta

308 823 513 889 vestri
585 823 655 887 in
728 844 831 888 me
894 822 1195 887 beneficii
1257 823 1752 906 permanebunt.
1857 821 1939 886 In
2002 822 2344 887 referenda.

310 915 531 977 autem
586 912 803 997 gratia
857 909 982 975 hoo
1034 910 1221 975 vobis
1278 911 1665 992 repromitto
1721 931 2101 996 semperque
2155 931 2342 995 prae-

312 1000 523 1084 stabo,
566 998 732 1064 mihi
774 1020 982 1082 neque
1027 998 1099 1062 in
1143 998 1433 1063 consiliis
1481 998 1560 1063 de
1604 1020 1676 1062 re
1710 999 1972 1084 publica
2008 997 2340 1084 capiendis

311 1087 724 1187 diligentiam
787 1107 997 1171 neque
1051 1086 1123 1150 in
1175 1085 1484 1170 periculis
1540 1108 1580 1150 a
1631 1107 1704 1151 re
1757 1086 2022 1170 publiea.
2074 1087 2340 1170 propul-
2367 1109 2422 1148 10

312 1175 532 1240 sandis
578 1174 865 1240 animum
911 1195 1121 1258 neque
1166 1174 1238 1238 in
1285 1175 1609 1239 sententia
1655 1174 2041 1258 simpliciter
2075 1175 2344 1240 ferenda

310 1264 507 1328 fidem
551 1285 758 1348 neque
803 1263 874 1326 in
918 1263 1260 1328 hominum
1305 1263 1759 1327 voluntatibus
1806 1283 1925 1348 pro
1971 1285 2042 1328 re
2078 1263 2344 1347 publiea

312 1350 642 1416 laedendis
704 1350 1082 1416 libertatem
1145 1372 1263 1416 neo
1317 1351 1389 1414 in
1441 1350 1822 1434 perferendo
1877 1351 2103 1415 labore
2157 1349 2342 1416 indu-

312 1439 545 1504 striam
597 1461 715 1504 nee
759 1439 825 1503 in
873 1439 1111 1503 vestris
1158 1438 1513 1504 commodis
1561 1438 1872 1525 augendis
1917 1439 2095 1523 grati
2139 1438 2342 1503 animi

204 1543 275 1592 25
312 1527 819 1593 benivolentiam
867 1527 1250 1592 defuturam.
1342 1525 1561 1611 Atque
1607 1527 1766 1592 haee
1812 1549 1990 1610 cura,
2035 1526 2346 1610 Quirites,
2371 1549 2423 1589 ιε»

258 1645 265 1650 ·
314 1615 441 1680 erit
484 1616 683 1680 infixa
730 1615 947 1680 animo
994 1636 1140 1680 meo
1188 1614 1612 1699 sempiterna,
1659 1620 1734 1680 ut
1780 1637 1926 1680 cum
1971 1615 2181 1700 vobis,
2229 1616 2344 1700 qui

314 1703 485 1788 apud
531 1725 634 1768 me
682 1703 949 1768 deorum
993 1703 1466 1768 immortalium
1509 1703 1646 1768 vim
1691 1706 1759 1767 et
1798 1725 2042 1767 numen
2083 1705 2346 1789 tenetiS,

310 1798 455 1858 tum
509 1793 791 1875 posteris
846 1792 1084 1856 vestris
1140 1791 1516 1875 cunctisque
1565 1791 1871 1878 gentibus
1918 1791 2342 1877 dignissimus

313 1901 391 1947 ea
447 1879 709 1947 civitate
754 1879 1003 1964 videar,
1058 1900 1222 1965 quae
1279 1899 1461 1945 suam
1519 1879 1908 1966 dignitatem
1964 1900 2100 1945 non
2145 1901 2344 1965 posse

314 1990 383 2121 d?
438 1972 687 2054 tenere,
740 1969 870 2033 nisi
916 1990 1018 2033 me
1065 1968 1520 2053 reciperasset‚
1575 1968 1824 2034 eunetis
1871 1968 2204 2056 suffragiis
2251 1970 2344 2035 iu·
2371 1992 2424 2032 2⁰

361 2057 571 2122 'cavit
