2534 3875
818 156 971 214 CAP.
1012 163 1220 212 13-15
1259 165 1292 222 s
1323 163 1552 216 27-32.
2082 161 2212 226 527

188 305 268 370 de
324 304 521 388 ludis,
578 303 721 387 quis
780 306 906 384 est,
962 301 1074 386 qui
1116 301 1185 366 id
1228 322 1362 367 non
1408 304 1622 367 totum
1667 305 1740 367 in
1783 303 1974 370 istius
2022 306 2212 372 ludos

186 393 587 477 praedictum
635 395 701 455 et
745 411 1156 491 responsum·
1176 411 1318 455 esse
1361 391 1696 456 fateatur?
2235 447 2317 509 14

321 479 627 565 Sequitur
672 479 747 542 de
795 479 957 543 locis
994 479 1192 543 sacris
1230 478 1577 562 religiosis,
1645 478 1700 545 Ο
1734 479 2276 571 impudentiam3
2245 523 2316 573 30

185 570 445 634 miram!
506 568 583 632 de
645 589 789 632 mea
848 566 1038 632 domo
1094 565 1305 632 dicere
1361 567 1603 632 audes?
1695 565 2047 635 Committe
2103 573 2207 637 vel

98 675 129 714 ⁵
185 657 557 724 consulibus
612 657 715 720 vel
770 655 1025 720 senatui
1078 654 1180 719 vel
1236 655 1514 739 collegio
1567 657 1952 741 pontificum
2005 665 2206 726 tuam.

183 745 283 811 Ac
329 767 473 809 mea
519 744 776 828 quidem
821 743 925 808 his
980 743 1191 808 tribus
1247 745 1548 808 omnibus
1603 743 1885 828 iudiciis,
1942 751 2016 812 ut
2071 748 2206 812 dixi

184 837 403 916 antea,
449 832 725 897 liberata
769 836 896 916 est3
942 836 1013 896 at
1054 833 1126 896 in
1161 831 1241 897 iis
1281 832 1580 915 aedibUS,
1627 854 1788 916 quas
1825 837 1900 898 tu
1937 833 2010 910 Q.
2040 832 2205 918 Seio,

184 922 398 1005 equite
426 920 740 1003 Romano,
784 921 925 985 viro
974 922 1239 1004 optimo,
1285 943 1402 1005 per
1447 925 1514 986 te
1561 923 1972 1004 apertissime
2008 923 2206 988 inter-

184 1009 353 1075 fecto
396 1013 599 1092 teneS,
645 1009 955 1074 sacellum
1001 1009 1143 1074 dico
1189 1009 1391 1074 fuisse
1437 1015 1494 1074 et
1537 1031 1701 1074 aras.
1775 1009 2044 1076 Tabulis
2079 1012 2203 1077 hoc

102 1115 157 1154 ιο
184 1097 526 1181 censoriis,
610 1097 921 1163 memoria
1003 1097 1359 1162 multorum
1432 1098 1708 1163 firmabo
1782 1122 1858 1165 ac
1930 1100 2202 1183 docebo;

108 1231 113 1234 -
181 1191 419 1272 agatur
463 1187 656 1251 modo
702 1186 864 1250 haec
908 1207 1039 1269 reS,
1094 1185 1266 1270 quod
1312 1207 1391 1250 ex
1437 1208 1513 1251 eo
1562 1191 1826 1252 senatus
1883 1189 2202 1272 consulto,
2239 1206 2304 1255 31

183 1275 357 1360 quod
408 1296 614 1360 nuper
668 1278 771 1338 est
820 1273 1095 1356 factum,
1154 1273 1382 1338 referri
1441 1274 1523 1338 ad
1582 1296 1698 1340 vos
1757 1298 2019 1342 necesse
2083 1281 2201 1359 est,

180 1363 412 1447 habeo,
460 1384 622 1447 quae
661 1362 737 1426 de
774 1362 936 1427 locis
973 1361 1300 1448 religiosis
1345 1361 1543 1428 velim
1589 1363 1812 1428 dicere.
1887 1363 2050 1429 Cum
2096 1366 2174 1431 de
2192 1374 2304 1441 (31)

183 1452 536 1516 domo'tua
582 1451 832 1533 dixero,
877 1451 945 1515 in
992 1472 1121 1534 qua
1165 1454 1389 1515 tamen
1433 1450 1530 1514 ita
1575 1454 1677 1515 est
1723 1451 2202 1518 inaedificatum

100 1555 155 1596 1⁵
182 1540 514 1623 sacellum,
558 1545 633 1604 ut
678 1540 845 1603 alius
880 1538 1126 1622 fecerit,
1170 1539 1295 1603 tibi
1330 1542 1590 1604 tantum
1628 1540 1820 1604 modo
1859 1541 1946 1604 sit
1984 1540 2200 1607 demo-

182 1629 493 1710 liendum,
546 1631 689 1692 tum
743 1627 1003 1711 videbo,
1056 1649 1211 1692 num
1267 1627 1432 1691 mihi
1488 1649 1750 1693 necesse
1797 1628 1885 1692 sit
1931 1628 2007 1694 de
2054 1629 2202 1694 aliis

182 1718 383 1781 etiam
437 1679 683 1800 aliquid
739 1716 965 1780 dicere.
1055 1715 1301 1780 Putant
1355 1716 1526 1780 enim
1581 1715 1664 1780 ad
1710 1737 1812 1780 me
1858 1738 1992 1782 non
2034 1718 2200 1782 nulli

180 1806 505 1906 perti-nere
561 1803 1105 1888 magmentarium
1159 1803 1441 1868 Telluris
1497 1803 1766 1888 aperire.
1857 1804 2082 1889 Nuper
2134 1806 2200 1870 id

180 1894 471 1980 patuisse
519 1892 758 1976 dicunt,
804 1897 871 1958 et
916 1913 1063 1995 ego·
1084 1892 1406 1959 recordor.
1486 1891 1676 1958 Nunc
1723 1893 2202 1959 sanctissimam

98 1998 155 2038 2⁰
180 1988 434 2067 partem
491 2005 565 2048 ac
621 1983 839 2047 sedem
894 1981 1237 2047 maximae
1267 1981 1606 2067 religionis
1648 1982 1919 2065 privato
1981 1982 2203 2048 dicunt

180 2071 508 2136 vestibulo
569 2070 903 2136 contineri.
994 2070 1204 2135 Multa
1262 2092 1366 2134 me
1426 2073 1719 2151 movent,
1779 2070 1950 2155 quod
2011 2071 2200 2137 aedes

181 2158 465 2223 Telluris
493 2162 595 2223 est
620 2159 971 2223 curationis
1002 2181 1201 2242 meae,
1231 2158 1405 2242 quod
1431 2157 1508 2241 is,
1537 2158 1648 2243 qui
1675 2158 1841 2223 illud
1869 2178 2201 2242 magmen-

180 2248 425 2310 tarium
471 2247 753 2328 sustulit,
798 2268 945 2312 mea
989 2247 1181 2312 domo
1225 2246 1466 2312 iudicio
1503 2246 1885 2329 pontificum
1921 2248 2202 2313 liberata

183 2333 532 2399 secundum
568 2333 839 2399 fratrem
876 2356 1063 2399 suum
1099 2334 1458 2400 iudicatum
1495 2356 1635 2399 esse
1663 2334 1945 2418 dicebat3
1982 2340 2202 2401 movet

103 2437 155 2479 2⁵
183 2444 286 2487 me
344 2421 544 2487 etiam
598 2422 665 2485 in
719 2423 842 2486 hac
894 2423 1168 2489 caritate
1223 2444 1545 2505 annonae,
1599 2422 1950 2488 sterilitate
2011 2444 2202 2510 agro-

183 2534 345 2593 rum,
383 2510 605 2594 inopia
638 2510 898 2593 frugum
934 2511 1167 2597 religio
1205 2509 1506 2595 Telluris,
1544 2514 1611 2575 et
1647 2533 1722 2577 eo
1761 2512 1989 2597 magis,
2028 2512 2200 2596 quod

184 2600 410 2665 eodem
457 2603 716 2663 ostento
762 2598 1007 2663 Telluri
1050 2598 1316 2684 postilio
1363 2598 1583 2663 deberi
1637 2599 1887 2665 dicitur.
1961 2598 2200 2667 Vetera
2236 2618 2304 2667 32

182 2688 461 2753 fortasse
529 2687 881 2771 loquimur3
956 2709 1346 2772 quamquam
1422 2686 1548 2753 hoc
1619 2688 1676 2753 si
1747 2688 1958 2753 minus
2023 2689 2201 2755 civili

183 2777 320 2841 iure
378 2776 809 2860 perscriptum
868 2779 993 2858 est,
1053 2776 1199 2861 lege
1259 2778 1478 2841 tamen
1539 2781 1812 2843 naturae
1873 2778 2200 2843 communi

104 2881 159 2921 ³0
183 2864 320 2929 iure
382 2864 672 2949 gentium
732 2867 1028 2929 sanctum
1089 2868 1214 2947 est,
1277 2867 1352 2927 ut
1408 2863 1572 2929 nihil
1633 2866 1940 2931 mortales
2001 2887 2040 2929 a
2099 2864 2198 2929 dis

182 2952 661 3017 immortalibus
716 2974 838 3017 usu
891 2972 1118 3037 capere
1172 2952 1446 3037 possint.
1533 2951 1778 3018 Verum
1824 2956 2045 3017 tamen
2089 2974 2197 3016 an·
2225 2954 2306 3019 15

182 3040 365 3124 tiqua
407 3040 842 3126 neglegimus3
890 3041 1171 3105 etiamne
1214 3063 1296 3105 ea
1336 3042 1783 3127 neglegemus,
1835 3061 1998 3123 quae
2033 3039 2200 3105 fiunt

185 3150 331 3195 cum
376 3128 672 3213 maxime,
718 3150 883 3213 quae
929 3128 1261 3195 videmus?
1335 3127 1407 3194 L.
1453 3129 1754 3194 Pisonem
1802 3128 1946 3211 quis
1993 3128 2201 3193 nescit

184 3216 286 3282 his
325 3218 725 3301 temporibus
761 3217 921 3302 ipsis
961 3218 1313 3283 maximum
1343 3222 1410 3283 et
1437 3215 1919 3283 sanctissimum
1947 3215 2198 3281 Dianae

107 3321 158 3363 8⁵
186 3306 491 3371 sacellum
543 3307 614 3370 in
659 3305 982 3372 Caeliculo
1038 3306 1425 3372 sustulisse?
1517 3306 1777 3369 Adsunt
1823 3303 2015 3369 vicini
2061 3304 2200 3369 eius

183 3394 334 3477 loci3
394 3394 584 3460 multi
643 3399 797 3460 sunt
853 3395 1052 3461 etiam
1109 3394 1178 3459 in
1233 3394 1359 3459 hoc
1415 3393 1663 3477 ordine,
1729 3394 1839 3477 qui
1884 3391 2200 3458 sacrificia

184 3483 516 3570 gentilicia
564 3484 681 3549 illo
733 3484 877 3571 ipso
924 3484 997 3549 in
1048 3483 1290 3550 sacello
1335 3486 1510 3549 stato
1563 3482 1707 3547 loco
1758 3482 2200 3547 anniversaria
