2534 3875
555 152 710 206 CAP.
752 158 964 207 32—34
1003 159 1032 218 ς
1061 158 1293 209 87-93.
1817 151 1952 217 135

0 319 79 361 ‚m
128 295 476 379 acceperit,
538 296 729 380 quod‘
757 297 1168 363 innocentem
1215 295 1730 363 circumvenerit.
1820 296 1948 361 Est

0 406 63 448 ec
128 384 367 468 opinio,
468 383 590 468 At,
654 384 710 449 si
776 385 873 449 ita
928 388 1128 468 esset,
1192 384 1317 450 hac
1373 387 1516 471 lege
1573 388 1948 450 accusatum

0 472 221 556 >rtuit‚
285 494 412 555 qua
475 476 820 537 accusatur
883 473 1187 538 Habitus.
1298 475 1391 538 At
1452 474 1596 556 ipse
1662 495 1738 537 ea
1801 475 1948 561 lege

0 561 278 625 aerebat.
380 560 632 625 Paucos
700 561 836 626 dies
893 565 1336 645 exspectasset
1392 561 1751 638 Quinctius,
1851 562 1946 625 At

0 670 112 733 lue
173 648 468 732 privatus
515 671 818 714 accusare
862 671 980 714 nec
1027 650 1255 714 sedata
1301 650 1435 714 iam
1483 649 1730 714 invidia
1776 650 1944 714 vole-

0 742 36 800 t.
102 736 359 801 Videtis
418 737 625 822 igitur
677 759 811 802 non
864 738 934 802 in
993 760 1206 821 causa,
1254 738 1369 802 sed
1413 738 1482 802 in
1527 743 1824 822 tempore
1872 761 1948 805 ae

0 828 232 889 best-ate
297 846 480 909 spem
546 847 808 891 omnem
871 826 1267 891 accusatoris
1334 826 1553 891 fuisse.
1662 825 1944 891 Multam
1984 849 2044 893 ²:11

0 913 156 977 ;ivit.
267 911 409 988 Qua
476 913 672 999 lege?
791 912 977 989 Quod
1040 915 1110 978 in
1175 916 1387 1000 legem
1450 936 1585 980 non
1646 916 1944 997 iurasset,

0 1023 69 1065 ae
108 1023 215 1065 res
251 1002 497 1065 nemini
533 1024 844 1085 umquam
871 1002 1086 1067 fraudi
1113 1002 1257 1086 fuit,
1298 1006 1364 1067 et
1394 1003 1565 1086 quod
1594 1001 1663 1068 G.
1684 1002 1887 1067 Verre
1900 1025 1948 1085 a,

0 1093 172 1154 letor
225 1090 542 1173 urbanus,
596 1090 792 1154 homo
841 1094 1105 1156 sanctus
1153 1095 1220 1156 et
1271 1091 1578 1175 diligens,
1634 1092 1948 1157 subsorti-

0 1200 152 1242 nem
200 1178 337 1242 eius
383 1178 453 1242 in
499 1199 575 1243 eo
622 1179 840 1243 codice
885 1200 1021 1243 non
1063 1178 1355 1263 haberet,
1404 1180 1516 1263 qui
1562 1183 1704 1244 tum
1749 1180 1948 1245 inter-

0 1290 58 1331 is
114 1265 590 1351 proferebatur.
680 1266 804 1330 His
869 1267 948 1331 de
995 1268 1206 1332 causis
1256 1267 1327 1333 O.
1373 1267 1599 1332 Iunius
1647 1268 1948 1333 condem-

0 1376 98 1418 sus
157 1358 286 1437 est,
348 1354 617 1438 iudiceS,
683 1355 1032 1420 levissimis
1097 1359 1164 1419 et
1226 1356 1719 1439 infirmissimis,
1787 1377 1948 1440 quas

0 1443 174 1506 ‚nino
231 1442 300 1505 in
344 1442 653 1508 iudicium
700 1443 937 1508 adferri
983 1465 1118 1508 non
1163 1444 1473 1527 oportuit.
1558 1443 1791 1527 Itaque
1839 1466 1948 1529 op·
1972 1497 2056 1557 Ἠ

0 1551 173 1594 assus
223 1533 324 1594 est
360 1553 493 1595 non
529 1552 742 1615 causa,
789 1532 902 1596 sed
940 1537 1252 1616 tempore.
1310 1531 1456 1596 Hoc
1492 1555 1611 1597 vos
1642 1531 1944 1597 Cluentio
1968 1541 2056 1621 ’ΒΕ

0 1618 216 1683 [icium
273 1620 522 1702 putatis
580 1620 810 1684 obesse
859 1621 1203 1704 oportere?
1260 1642 1458 1704 quam
1506 1620 1590 1683 ob
1639 1621 1944 1685 causam?

32 1728 116 1770 ex
165 1707 309 1789 lege
357 1708 756 1772 subsortitus
803 1730 934 1773 non
984 1712 1128 1773 erat
1173 1708 1401 1772 Iunius
1448 1710 1564 1771 aut
1610 1708 1668 1771 si
1712 1707 1784 1771 in
1830 1709 1948 1771 ali*

0 1817 103 1859 im
166 1794 380 1879 legem
442 1795 788 1879 aliquando
848 1818 985 1860 non
1043 1797 1405 1878 iuraverat,
1465 1796 1705 1861 idcirco
1766 1796 1944 1859 illiue

0 1882 325 1948 nuatione
383 1883 627 1968 aliquid
685 1884 761 1949 de
819 1883 1121 1951 Cluentio
1181 1884 1636 1949 indicabatur?
1729 1882 1817 1948 ‘N
1821 1885 1948 1966 011⁵,

0 1973 152 2057 [uit3
220 1971 356 2036 ‘sed
436 1973 551 2037 ille
623 1973 862 2038 idcirco
937 1974 1072 2038 illis
1147 1974 1404 2059 legibus
1480 1972 1948 2038 condemnatus

7 2112 29 2144 ‚
119 2060 293 2142 quod
366 2066 594 2126 contra
669 2062 868 2126 aliam
952 2063 1165 2146 legem
1240 2060 1701 2127 commiserat?
1823 2060 1948 2137 Qui

0 2172 27 2214 3
96 2148 519 2231 confitentur,
581 2153 861 2234 possunt
914 2150 1086 2214 idem
1148 2150 1316 2214 illud
1378 2149 1690 2214 iudicium
1745 2149 1948 2214 fuisse

0 2235 298 2301 t'endere?
390 2235 645 2321 ‘Ergo',
698 2238 941 2321 inquit,
997 2237 1262 2304 ‘idcirco
1320 2237 1603 2302 infestus
1650 2243 1792 2302 tum
1836 2260 1948 2321 pu*

0 2327 100 2388 lus
143 2323 475 2389 Romanus
521 2325 649 2389 fuit
685 2323 754 2390 O.
791 2327 998 2409 Iunio,
1046 2327 1218 2409 quod
1254 2325 1423 2390 illud
1459 2325 1770 2390 iudicium
1810 2347 1944 2390 cor-

0 2417 178 2497 >tum
223 2433 341 2496 per
386 2435 529 2477 eum
569 2413 969 2496 putabatur?
1035 2413 1212 2479 Num
1250 2415 1456 2500 igitur
1492 2412 1616 2479 hoc
1652 2416 1948 2497 tempore

0 2524 106 2566 isa
155 2504 413 2566 mutata
457 2502 604 2566 est?
658 2525 814 2566 num
862 2503 994 2567 alia
1039 2524 1171 2587 ωε,
1230 2503 1363 2567 alia
1407 2502 1579 2567 ratio
1626 2501 1805 2566 illius
1853 2503 1948 2566 iu*

0 2590 77 2673 ii,
126 2589 260 2653 alia
302 2593 540 2654 natura
575 2591 782 2655 totius
820 2591 1071 2677 negotii
1104 2613 1279 2656 nunc
1316 2594 1437 2673 est,
1483 2612 1558 2655 ac
1596 2593 1738 2654 tum
1774 2590 1948 2654 fuit?

0 2700 56 2742 ·n
109 2677 341 2761 opinor
389 2700 466 2741 ex
501 2678 583 2743 iis
621 2679 834 2763 rebUS‚
885 2701 1051 2762 quae
1090 2684 1313 2764 gestae
1353 2682 1524 2763 sunt,
1568 2700 1708 2742 rem
1745 2680 1948 2743 ullam

0 2765 205 2830 tuisse
268 2766 529 2832 mutari.
627 2765 793 2842 Quid
850 2789 1006 2852 ergo
1065 2772 1166 2833 est
1221 2789 1483 2850 causae,
1548 2767 1722 2852 quod
1776 2789 1944 2834 nune
1988 2786 2056 2834 *313

0 2858 144 2918 stra
212 2853 501 2919 defensio
576 2855 876 2920 audiatur
939 2859 1130 2920 tanto
1197 2856 1485 2938 silentio,
1554 2859 1699 2920 tum
1760 2854 1948 2920 Iunia]

0 2941 294 3006 t'endendi
370 2943 472 3006 sui
542 2947 835 3026 potestas
913 2947 1138 3027 erepta
1202 2945 1334 3008 sit‘?
1445 2943 1611 3019 Quia
1675 2948 1817 3007 tum
1881 2946 1948 3006 iu

0 3052 108 3094 isa
145 3029 310 3093 nihil
339 3034 480 3094 erat
505 3036 762 3113 praeter
786 3032 1117 3116 invidiam,
1147 3054 1453 3115 errorem,
1491 3031 1948 3116 suspicionem,

0 3118 249 3184 itiones
311 3119 670 3184 cotidianas
727 3121 1031 3186 seditiose
1095 3143 1172 3186 ac
1216 3120 1625 3205 populariter
1672 3119 1948 3184 concita-

0 3232 26 3272 2.
124 3205 503 3271 Accusabat
555 3208 856 3272 tribunus
910 3208 1123 3292 plebis
1180 3209 1355 3272 idem
1398 3208 1470 3271 in
1516 3206 1952 3290 contionibus,

0 3317 81 3359 em
132 3293 215 3357 ad
253 3294 588 3378 subsellia3
638 3296 721 3360 ad
756 3296 1064 3361 iudicium
1100 3318 1238 3360 non
1278 3296 1471 3361 modo
1510 3296 1587 3359 de
1625 3294 1948 3378 contione,

0 3385 18 3448 l
88 3381 290 3446 etiam
356 3404 502 3447 cum
558 3383 703 3468 ipsa
759 3384 1062 3449 contione
1117 3385 1441 3448 veniebat.
1534 3381 1791 3447 Gradus
1847 3382 1944 3446 illi

0 3469 162 3536 ‚relii
219 3473 362 3534 tum
416 3472 572 3537 novi
626 3472 813 3557 quasi
874 3494 993 3557 pro
1042 3472 1303 3537 theatro
1350 3471 1449 3535 illi
1492 3469 1729 3536 iudicio
1777 3470 1948 3534 aedi·
