2534 3875
764 178 916 234 CAP.
960 185 1165 235 14—17
1205 185 1236 246 s
1275 185 1503 238 38-43.
2000 183 2141 249 473

91 323 467 388 amentiam
529 321 670 364 *²¹⁵*
725 346 841 407 per
906 346 1095 389 suum
1157 325 1568 390 tribunatum
1623 323 1921 392 Caesaris
1976 329 2141 394 actis

89 411 425 496 inligatus
472 415 816 477 teneretur.
891 410 962 477 Si
1007 416 1074 476 et
1119 433 1453 478 sacrorum
1498 413 1637 478 iure
1683 415 2024 499 pontifices
2074 422 2141 482 et
2177 433 2243 482 41

93 500 546 584 auspiciorum
602 500 918 584 religione
973 521 1252 586 augures
1307 505 1524 566 totum
1580 506 1884 568 evertunt
1939 505 2142 571 tribu-

93 592 341 652 natum
378 591 583 672 tuum,
629 588 784 672 quid
822 589 1080 673 quaeris
1118 589 1449 672 amplius?
1494 611 1579 654 an
1616 591 1815 655 etiam
1852 593 2139 676 apertius

51 693 62 732 ὸ
96 676 378 760 aliquod
422 676 524 741 ius
571 677 799 761 populi
844 681 1042 761 atque
1087 677 1354 763 legum?
1417 676 1602 742 Hora
1636 678 1918 744 fortasse
1956 685 2141 746 sexta
2165 683 2246 747 16

97 764 240 828 diei
290 769 556 847 questus
603 786 745 829 sum
791 766 862 829 in
905 765 1162 849 iudicio,
1213 788 1359 830 cum
1406 764 1477 831 Ο.
1523 764 1903 852 Antonium,
1950 769 2140 834 colle-

98 874 267 938 gam
315 874 548 936 meum,
597 852 1024 932 defenderem,
1060 853 1375 938 quaedam
1425 853 1503 918 de
1540 875 1611 918 re
1647 855 1929 940 publica,
1974 879 2139 942 quae

98 940 275 1005 mihi
337 941 482 1005 visa
555 945 708 1006 sunt
781 942 862 1006 ad
933 902 1111 1006 ill'ius
1183 941 1405 1006 miseri
1473 963 1737 1008 causam
1798 945 2140 1028 pertinere.

95 1029 291 1094 Haec
335 1029 630 1094 homines
676 1028 958 1114 improbi
1004 1029 1087 1094 ad
1132 1030 1448 1114 quosdam
1486 1030 1665 1095 viros
1699 1031 1904 1097 fortes
1943 1033 2139 1118 longe

49 1135 72 1176 2
103 1118 328 1199 aliter,
363 1121 559 1202 atque
607 1139 646 1182 a
691 1139 796 1182 me
832 1118 1006 1182 dicta
1042 1122 1248 1201 erant,
1294 1118 1685 1184 detulerunt.
1747 1119 1930 1185 Hora
1962 1143 2141 1187 nona

101 1207 228 1269 illo
295 1206 440 1290 ipso
505 1206 608 1269 die
662 1209 738 1270 tu
794 1227 864 1270 es
919 1205 1289 1291 adoptatus.
1390 1205 1489 1288 Si,
1553 1206 1727 1290 quod
1780 1207 1850 1272 in
1908 1211 2138 1274 ceteris

99 1293 370 1379 legibus
408 1293 653 1358 trinum
690 1293 1050 1359 nundinum
1088 1315 1229 1360 esse
1268 1297 1546 1377 oportet,
1583 1294 1650 1358 id
1684 1294 1755 1360 in
1792 1297 2141 1380 adoptione

102 1385 274 1447 satis
329 1386 432 1447 est
484 1382 684 1446 trium
739 1403 882 1448 esse
936 1382 1275 1466 horarum,
1329 1381 1497 1446 nihil
1550 1382 1977 1467 reprehend03
2034 1387 2140 1450 sin

102 1470 338 1536 eadem
407 1470 812 1536 observanda
867 1474 1045 1553 sunt,
1109 1470 1423 1535 iudicavit
1476 1474 1744 1535 senatus
1798 1471 1885 1537 M.
1938 1471 2139 1537 Drusi

45 1573 68 1616 5
100 1558 386 1643 legibus,
432 1580 598 1642 quae
643 1563 873 1624 contra
917 1559 1131 1642 legem
1169 1557 1521 1624 Caeciliam
1558 1562 1625 1622 et
1660 1557 1925 1624 Didiam
1962 1560 2137 1626 latae

105 1650 358 1731 essent,
428 1647 744 1731 populum
816 1667 950 1711 non
1023 1646 1250 1711 teneri.
1357 1644 1500 1711 Iam
1564 1645 1896 1732 intellegis
1963 1649 2137 1714 omni
2174 1666 2245 1714 42

103 1755 345 1820 genere
390 1734 585 1817 iuris,
641 1735 813 1818 quod
859 1735 928 1799 in
975 1733 1204 1818 sacris,
1252 1733 1427 1817 quod
1470 1735 1539 1798 in
1584 1735 1917 1819 auspiciis,
1966 1737 2139 1818 quod

102 1824 182 1887 in
233 1822 490 1908 legibus
547 1823 660 1906 sit,
712 1827 780 1886 te
835 1822 1171 1886 tribunum
1226 1823 1314 1907 pl.
1368 1842 1503 1886 non
1554 1821 1772 1886 fuisse.
1863 1823 1958 1888 At
2014 1845 2136 1908 ego

101 1913 236 1978 hoc
281 1915 492 1976 totum
537 1931 664 1977 non
707 1911 856 1977 sine·
893 1932 1088 1977 causa
1125 1912 1441 2013 relinquo.
1496 1909 1703 1975 Video
1742 1910 1913 1977 enim
1951 1933 2137 1995 quos-

41 2018 72 2058 ο
103 2002 264 2065 dam
311 2000 709 2064 clarissimos
756 1999 930 2064 viros
977 2000 1302 2085 principes
1350 1998 1634 2064 civitatis
1683 1999 1933 2083 aliquot
1977 2001 2137 2067 locis

99 2088 430 2154 iudicasse
474 2092 542 2152 te
587 2110 733 2153 cum
778 2088 969 2173 plebe
1014 2088 1153 2152 iure
1199 2108 1393 2171 agere
1428 2086 1747 2170 potuisse3
1792 2088 1903 2172 qui
1939 2089 2135 2155 etiam

101 2179 188 2242 de
253 2198 359 2240 me
418 2176 592 2261 ips0,
657 2198 802 2241 cum
855 2181 972 2240 tua
1023 2176 1365 2261 rogatione
1416 2175 1644 2239 funere
1698 2175 1941 2247 elatam
1996 2197 2136 2242 rem

98 2264 441 2350 publicam
486 2286 628 2329 esse
675 2263 978 2348 dicerent,
1022 2268 1244 2328 tamen
1289 2262 1359 2327 id
1402 2262 1619 2345 funuS,
1664 2264 1789 2327 etsi
1826 2264 2136 2330 miserum

99 2357 307 2438 atque
363 2354 666 2418 acerbum
719 2352 985 2436 fuisset,
1039 2352 1178 2416 iure
1232 2350 1551 2416 indictum
1606 2371 1748 2415 esse
1802 2350 2136 2437 dicebant3

41 2459 67 2501 5
100 2441 286 2526 quod
349 2441 426 2505 de
485 2462 590 2505 me
651 2440 778 2505 civi
840 2440 938 2504 ita
990 2439 1067 2504 de
1119 2462 1192 2504 re
1243 2439 1512 2523 publica
1564 2438 1799 2503 merito
1851 2439 2137 2524 tulisses,

97 2532 306 2595 funus
360 2533 426 2595 te
482 2528 794 2593 indixisse
840 2529 935 2592 rei
979 2528 1305 2613 publicae,
1361 2526 1533 2611 quod
1578 2526 1779 2591 salvis
1826 2528 2135 2613 auspiciis

95 2617 394 2700 tulisses,
428 2618 569 2682 iure
606 2616 816 2702 egisse
853 2616 1174 2681 dicebant.
1238 2614 1450 2690 Quare
1486 2614 1729 2694 licebit,
1774 2619 1850 2679 ut
1882 2616 2137 2701 opinor,

95 2706 302 2771 nobis
340 2726 448 2769 eas
487 2705 777 2770 actiones
813 2726 946 2770 non
981 2704 1332 2787 infirmare,
1368 2704 1602 2789 quibus
1639 2703 1741 2767 illi
1768 2703 2131 2771 actionibus

99 2794 538 2861 constitutum
584 2794 986 2858 tribunatum
1030 2797 1208 2857 tuum
1251 2792 1869 2893 comprobaverunt..

41 2902 68 2941 o
241 2880 468 2946 Fueris
547 2902 704 2945 sane
777 2881 1076 2945 tribunus
1149 2881 1238 2965 pl.
1247 2931 1265 2963 ,
1337 2885 1475 2944 tam
1544 2879 1774 2961 fueris,
1848 2879 2133 2964 inquam,
2169 2896 2239 2945 43

97 2973 283 3056 lege,
347 2991 542 3054 quam
605 2968 733 3033 fuit
791 2968 901 3033 hic
955 2968 1096 3052 ipse
1149 2968 1222 3033 P.
1269 2965 1611 3051 Servilius,
1673 2968 1775 3033 vir
1830 2967 2131 3032 omnibus

95 3060 300 3124 rebus
360 3058 757 3124 clarissimus
813 3060 1008 3141 atque
1063 3056 1533 3141 amplissimus3
1596 3078 1724 3139 quo
1778 3054 1946 3138 iure,
2004 3077 2130 3138 quo

95 3168 314 3230 more,
368 3169 497 3230 quo
557 3146 852 3229 exemplo
899 3145 1112 3230 legem
1156 3144 1543 3209 nominatim
1590 3143 1668 3208 de
1714 3142 1926 3226 capite
1974 3142 2133 3207 civis

97 3236 467 3301 indemnati
520 3234 776 3299 tulisti?
867 3231 1113 3297 Vetant
1156 3233 1335 3318 leges
1384 3235 1705 3314 sacratae,
1763 3233 1992 3294 vetant
2034 3248 2133 3295 ΧΠ
2156 3232 2235 3296 17

41 3341 66 3383 5
97 3323 373 3389 tabulae
410 3323 591 3408 leges
627 3322 903 3407 privatis
940 3320 1368 3385 hominibus
1348 3320 1666 3404 mrogari3
1711 3318 1778 3382 id
1818 3322 1920 3382 est
1956 3318 2132 3383 enim

97 3409 592 3513 ‘privilegium'.
653 3408 864 3474 Nemo
899 3428 1208 3493 umquam
1243 3408 1427 3492 tulit3
1463 3406 1627 3471 nihil
1665 3410 1767 3471 est
1795 3405 2135 3490 crudelius,

93 3499 268 3567 nihil
318 3498 763 3584 perniciosius,
805 3495 992 3580 nihil,
1038 3495 1210 3580 quod
1247 3496 1461 3559 minus
1500 3495 1661 3559 haec
1696 3494 1925 3559 civitas
1962 3494 2131 3560 ferre
