2534 3875
214 374 278 421 '21

213 1478 282 1527 '12

213 2359 279 2408 '73

214 3327 284 3376 74

319 171 452 235 214
780 170 876 223 DE
914 167 1102 222 LEGE
1141 166 1469 221 AGRARIA
1506 165 1774 221 ORATIO
1811 165 1879 221 11.

213 294 296 358 27
318 318 709 400 loqueretur.
780 311 918 379 Vos
963 335 1117 378 vero
1130 364 1147 395 ,
1200 310 1515 393 Quirites,
1571 310 1627 374 si
1681 332 1785 374 me
1842 310 2064 376 audire
2121 311 2355 395 vultiS,

319 404 593 468 retinete
639 405 840 467 istam
883 401 1364 485 possessionem
1400 398 1670 485 gratiae,
1716 399 2065 483 libertatis,
2112 400 2353 464 suffra-

319 493 593 578 giorum,
623 490 982 576 dignitatis,
1009 489 1210 572 urbis,
1228 488 1376 570 fori,
1394 488 1713 570 ludorum,
1734 488 2052 552 festorum
2074 487 2354 571 dierum,

318 586 678 647 ceterorum
734 578 1025 644 omnium
1070 576 1583 661 commodorum,
1638 575 1768 639 nisi
1810 574 1983 640 forte
2030 576 2350 640 mavultis

316 669 560 734 relictis
615 667 719 731 his
773 667 968 731 rebus
1026 669 1223 750 atquc
1275 666 1399 729 hac
1453 664 1595 729 luce
1650 663 1747 727 rei
1790 664 2087 748 publicae
2132 664 2204 727 in
2251 661 2351 728 Si-
2382 682 2413 723 5

317 757 590 842 pontina
627 755 918 820 siccitate
956 758 1071 818 aut
1107 754 1176 817 in
1205 751 1620 837 Salpinorum
1656 752 2075 836 pestilentiae
2102 752 2351 818 finibus

317 845 515 911 Rullo
562 845 720 909 duce
766 842 1089 909 collocari.
1152 842 1291 906 Aut
1337 842 1527 924 dicat,
1573 862 1733 925 quos
1772 861 1968 926 agros
2008 845 2351 924 empturus

319 934 433 1015 sit3
481 931 801 1014 ostendat,
847 934 913 994 et
960 929 1114 1014 quid
1159 933 1225 995 et
1274 929 1507 1013 quibus
1554 930 1825 993 daturus
1874 929 1977 993 sit.
2040 928 2134 993 Ut
2171 952 2349 1012 veru,

319 1044 466 1087 cum
512 1041 736 1085 omnes
781 1019 994 1096 urbeS‚
1041 1040 1253 1103 agroe,
1299 1018 1667 1103 vectigalia,
1713 1038 1917 1102 regna
1961 1018 2348 1102 vendiderit,

318 1115 462 1173 tum
505 1110 820 1173 harenam
865 1106 1152 1191 aliquam
1199 1109 1313 1171 aut
1357 1106 1627 1190 paludes
1676 1109 1876 1189 emat,
1921 1105 1989 1169 id
2034 1128 2151 1171 vos
2200 1111 2345 1191 pot·
2380 1125 2437 1165 10

321 1198 508 1280 estis„
557 1217 824 1281 quaeSO,
871 1195 1261 1261 concedere?
1354 1193 1762 1279 Quamquam
1806 1193 1970 1258 illud
2017 1198 2118 1259 est
2162 1216 2348 1280 egre·

318 1286 518 1371 gium,
557 1284 727 1369 quod
761 1284 886 1348 hac
914 1284 1060 1369 lege
1091 1290 1242 1348 ante
1272 1284 1490 1347 omnia
1515 1286 1813 1366 veneunt,
1853 1285 2003 1347 ante
2032 1284 2349 1367 pecuniae

319 1376 643 1459 coguntur
701 1376 767 1437 et
826 1375 1316 1455 coacervantur,
1378 1393 1574 1455 quam
1633 1371 1827 1455 gleba
1883 1392 2013 1437 una
2074 1376 2348 1437 ematur.

319 1462 567 1527 Deinde
622 1461 749 1526 emi
804 1460 1008 1543 iubet,
1075 1460 1156 1523 ab
1212 1460 1417 1523 invito
1465 1463 1657 1524 vetat.
1753 1456 2035 1543 Quaero,
2092 1461 2175 1543 si,
2234 1461 2351 1545 qui

315 1550 524 1615 velint
549 1550 841 1632 vendere,
877 1570 1010 1613 non
1033 1547 1298 1630 fuerint,
1335 1548 1489 1632 quid
1516 1546 1827 1631 pecuniae
1857 1547 2016 1613 fiet?
2078 1548 2349 1613 Referre
2382 1567 2437 1607 15

316 1640 387 1703 in
422 1638 742 1703 aerarium
779 1638 883 1701 lex
919 1639 1120 1720 vetat,
1156 1636 1333 1721 exigi
1369 1636 1689 1719 prohibet.
1752 1634 1968 1721 Igitur
2002 1637 2349 1720 pecuniam

317 1748 574 1793 omnem
634 1726 979 1791 decemviri
1032 1724 1375 1809 tenebunt,
1434 1724 1620 1789 vobis
1679 1744 1834 1808 ager
1886 1746 2020 1789 non
2066 1730 2347 1811 emetur3

316 1814 746 1900 vectigalibus
795 1813 1207 1895 abalienatiS,
1264 1811 1457 1877 sociis
1504 1812 1754 1877 vexatis
1765 1863 1783 1896 ,
1836 1813 2103 1898 regibus
2150 1819 2348 1898 atque

318 1904 621 1969 omnibus
682 1902 986 1988 gentibus
1047 1900 1394 1966 exinanitis
1452 1900 1555 1965 illi
1617 1900 1925 1986 pecunias
1989 1901 2348 1988 habebunt,

314 2014 432 2058 vos
479 2013 675 2078 agros
720 2012 854 2055 non
898 1989 1242 2054 habebitis.
1307 1988 1591 2073 ‘Facile',
1634 1990 1869 2074 inquit,
1914 1987 2349 2056 ‘adducuntur
2378 2009 2437 2050 20

316 2083 625 2165 pecuniae
685 2077 1159 2163 magnitudine,
1217 2081 1293 2142 ut
1346 2079 1552 2143 velint
1606 2077 1925 2142 vendere'.
2024 2078 2207 2165 Ergo
2271 2102 2352 2145 ea

315 2170 422 2233 lex
459 2171 579 2252 est,
624 2189 754 2252 qua
788 2170 1016 2232 nostra
1051 2167 1426 2250 vendamus,
1472 2167 1704 2250 quanti
1740 2165 2085 2252 possimuS,
2132 2169 2351 2232 aliena

321 2278 643 2339 emamuS,
689 2255 918 2340 quanti
963 2276 1372 2339 possessores
1418 2255 1643 2319 velint.

450 2345 670 2429 Atque
716 2343 788 2407 in
822 2344 944 2408 hos
983 2364 1194 2428 agros,
1241 2343 1353 2427 qui
1388 2343 1511 2406 hac
1547 2344 1693 2428 lege
1732 2343 1936 2427 empti
1975 2343 2125 2427 sint,
2172 2344 2349 2409 colo·

317 2433 459 2496 nias
517 2433 600 2496 ab
646 2431 750 2496 his
798 2431 1176 2496 decemviris
1224 2430 1451 2495 deduci
1494 2431 1692 2496 iubet.
1786 2430 1995 2507 Quid?
2052 2433 2351 2498 omnisne
2380 2451 2437 2492 25

317 2521 500 2584 locus
565 2519 702 2584 eius
767 2520 944 2583 modi
1009 2523 1136 2602 est,
1199 2523 1274 2583 ut
1336 2519 1499 2583 nihil
1553 2521 1815 2583 intersit
1879 2520 1975 2584 rei
2027 2520 2351 2606 publicae,

318 2607 574 2673 colonia
634 2606 986 2672 deducatur
1038 2608 1108 2671 in
1153 2629 1300 2672 eum
1345 2608 1563 2672 locum
1607 2629 1833 2690 necne,
1888 2629 1972 2672 an
2009 2612 2109 2673 est
2146 2609 2350 2694 locust,

321 2695 432 2779 qui
486 2695 808 2759 coloniam
862 2696 1182 2778 postulet,
1237 2700 1364 2779 est,
1416 2698 1527 2778 qui
1583 2697 1779 2781 plane
1823 2697 2120 2760 recuset?
2200 2697 2347 2774 Quo

318 2785 388 2847 in
452 2803 686 2868 genere
751 2782 919 2846 sicut
973 2785 1043 2847 in
1096 2785 1330 2848 ceteris
1384 2784 1479 2848 rei
1531 2785 1828 2867 publicae
1883 2784 2181 2868 partibus
2246 2790 2350 2850 est

318 2892 554 2956 operae
584 2897 588 2904 ·
616 2872 900 2955 pretium
968 2870 1378 2956 diligentiam
1436 2873 1755 2937 maiorum
1816 2873 2169 2957 recordari,
2236 2876 2350 2959 qui
2377 2894 2433 2934 ao

319 2959 606 3024 colonias
665 2958 756 3022 sic
801 2958 1050 3023 idoneis
1096 2959 1166 3023 in
1210 2960 1373 3026 locis
1420 2965 1647 3025 contra
1692 2961 2125 3045 suspicionem
2171 2965 2350 3046 peri·

319 3047 448 3112 culi
494 3046 924 3131 collocarunt,
971 3051 1046 3111 ut
1092 3069 1232 3112 esse
1278 3070 1413 3113 non
1458 3049 1697 3134 oppida
1742 3048 1996 3134 Italiae,
2044 3050 2157 3114 sed
2202 3073 2351 3136 pro·

317 3136 688 3222 pugnacula
749 3135 1006 3220 imperii
1058 3136 1447 3202 viderentur.
1544 3137 1633 3201 Hi
1692 3137 2003 3203 deducent
2058 3139 2349 3204 colonias

318 3225 388 3288 in
443 3245 552 3288 eos
607 3244 830 3310 agros,
884 3246 1044 3308 quos
1107 3225 1410 3309 emerint3
1466 3226 1765 3309 etiamne,
1813 3226 1870 3291 si
1914 3226 2011 3290 rei
2047 3227 2351 3310 publicae

319 3334 451 3377 non
498 3311 840 3396 expediat?
924 3311 1050 3376 ‘ET
1110 3331 1183 3377 m
1229 3331 1418 3391 QUAE
1464 3330 1649 3380 LocA
1694 3332 2105 3380 PRAETEREA
2150 3335 2351 3382 vmn-
2378 3333 2435 3374 ³5

325 3399 574 3465 BITUR?
685 3399 852 3477 Quid
915 3401 1119 3487 igitur
1181 3405 1284 3466 est
1348 3423 1607 3486 causae,
1671 3403 1826 3487 quin
1890 3404 2216 3469 coloniam
2282 3406 2355 3470 in

321 3487 682 3554 Ianiculum
747 3489 1002 3574 possint
1071 3488 1383 3556 deducere
1445 3501 1511 3556 et
1576 3511 1764 3555 suum
1828 3492 2223 3574 praesidium
2281 3493 2354 3558 in
