<?xml version="1.0" encoding="UTF-8"?>
<!DOCTYPE html PUBLIC "-//W3C//DTD XHTML 1.0 Transitional//EN"
    "http://www.w3.org/TR/xhtml1/DTD/xhtml1-transitional.dtd">
<html xmlns="http://www.w3.org/1999/xhtml" xml:lang="en" lang="en">
 <head>
  <title>
</title>
<meta http-equiv="Content-Type" content="text/html;charset=utf-8" />
  <meta name='ocr-system' content='tesseract 3.04.00' />
  <meta name='ocr-capabilities' content='ocr_page ocr_carea ocr_par ocr_line ocrx_word'/>
</head>
<body>
  <div class='ocr_page' id='page_1' title='image "./scriptaquaemans03mlgoog_0167.png"; bbox 0 0 2534 3875; ppageno 0'>
   <div class='ocr_carea' id='block_1_1' title="bbox 820 174 2216 244">
    <p class='ocr_par' dir='ltr' id='par_1_1' title="bbox 820 174 2216 244">
     <span class='ocr_line' id='line_1_1' title="bbox 820 174 2216 244; baseline 0.006 -16"><span class='ocrx_word' id='word_1_1' title='bbox 820 174 975 230; x_wconf 83' lang='lat' dir='ltr'>CAP.</span> <span class='ocrx_word' id='word_1_2' title='bbox 1018 181 1229 230; x_wconf 80' lang='lat'><strong>13—-16</strong></span> <span class='ocrx_word' id='word_1_3' title='bbox 1266 181 1298 242; x_wconf 69' lang='grc' dir='ltr'>ἓ</span> <span class='ocrx_word' id='word_1_4' title='bbox 1336 181 1566 233; x_wconf 81' lang='lat'><strong>30—36.</strong></span> <span class='ocrx_word' id='word_1_5' title='bbox 2128 180 2216 244; x_wconf 83' lang='lat'><strong>29</strong></span> 
     </span>
    </p>
   </div>
   <div class='ocr_carea' id='block_1_2' title="bbox 27 317 2333 3587">
    <p class='ocr_par' dir='ltr' id='par_1_2' title="bbox 35 317 2327 1999">
     <span class='ocr_line' id='line_1_2' title="bbox 166 317 2218 409; baseline 0.003 -27"><span class='ocrx_word' id='word_1_6' title='bbox 166 317 273 382; x_wconf 86' lang='lat' dir='ltr'><strong>dos</strong></span> <span class='ocrx_word' id='word_1_7' title='bbox 300 317 694 404; x_wconf 87' lang='lat' dir='ltr'><strong>moderatis,</strong></span> <span class='ocrx_word' id='word_1_8' title='bbox 724 319 1201 385; x_wconf 83' lang='lat' dir='ltr'><strong>mercennarios</strong></span> <span class='ocrx_word' id='word_1_9' title='bbox 1232 320 1562 405; x_wconf 87' lang='lat' dir='ltr'><strong>gratuitis,</strong></span> <span class='ocrx_word' id='word_1_10' title='bbox 1599 321 1838 405; x_wconf 87' lang='lat' dir='ltr'><strong>impios</strong></span> <span class='ocrx_word' id='word_1_11' title='bbox 1868 322 2218 409; x_wconf 88' lang='lat' dir='ltr'><strong>religiosis,</strong></span> 
     </span>
     <span class='ocr_line' id='line_1_3' title="bbox 162 406 2217 492; baseline 0.004 -23"><span class='ocrx_word' id='word_1_12' title='bbox 162 406 659 472; x_wconf 85' lang='lat' dir='ltr'><strong>inimicissimos</strong></span> <span class='ocrx_word' id='word_1_13' title='bbox 705 406 859 474; x_wconf 88' lang='lat' dir='ltr'><strong>huic</strong></span> <span class='ocrx_word' id='word_1_14' title='bbox 903 407 1178 492; x_wconf 89' lang='lat' dir='ltr'><strong>imperio</strong></span> <span class='ocrx_word' id='word_1_15' title='bbox 1227 429 1306 476; x_wconf 89' lang='lat' dir='ltr'><strong>ac</strong></span> <span class='ocrx_word' id='word_1_16' title='bbox 1349 409 1602 473; x_wconf 88' lang='lat' dir='ltr'><strong>nomini</strong></span> <span class='ocrx_word' id='word_1_17' title='bbox 1648 410 1840 476; x_wconf 89' lang='lat' dir='ltr'><strong>bonis</strong></span> <span class='ocrx_word' id='word_1_18' title='bbox 1889 433 1966 480; x_wconf 89' lang='lat' dir='ltr'><strong>ac</strong></span> <span class='ocrx_word' id='word_1_19' title='bbox 2011 413 2217 477; x_wconf 89' lang='lat' dir='ltr'><strong>fideli-</strong></span> 
     </span>
     <span class='ocr_line' id='line_1_4' title="bbox 37 495 1486 566; baseline 0.003 -9"><span class='ocrx_word' id='word_1_20' title='bbox 37 558 38 566; x_wconf 63' lang='grc'>,</span> <span class='ocrx_word' id='word_1_21' title='bbox 163 495 275 558; x_wconf 89' lang='lat' dir='ltr'><strong>bus</strong></span> <span class='ocrx_word' id='word_1_22' title='bbox 322 500 391 560; x_wconf 95' lang='lat' dir='ltr'><strong>et</strong></span> <span class='ocrx_word' id='word_1_23' title='bbox 440 495 652 560; x_wconf 86' lang='lat' dir='ltr'><strong>sociis</strong></span> <span class='ocrx_word' id='word_1_24' title='bbox 700 499 769 559; x_wconf 87' lang='lat' dir='ltr'><strong>et</strong></span> <span class='ocrx_word' id='word_1_25' title='bbox 814 495 1065 562; x_wconf 83' lang='lat' dir='ltr'><strong>civibus</strong></span> <span class='ocrx_word' id='word_1_26' title='bbox 1114 498 1486 562; x_wconf 51' lang='lat' dir='ltr'><strong>anteferre}&gt;</strong></span> 
     </span>
     <span class='ocr_line' id='line_1_5' title="bbox 283 571 2324 670; baseline 0.003 -22.247"><span class='ocrx_word' id='word_1_27' title='bbox 283 585 423 664; x_wconf 91' lang='grc'><strong>[11.</strong></span> <span class='ocrx_word' id='word_1_28' title='bbox 478 586 585 665; x_wconf 80' lang='lat'><strong>23]</strong></span> <span class='ocrx_word' id='word_1_29' title='bbox 652 583 761 648; x_wconf 90' lang='lat' dir='ltr'><strong>An</strong></span> <span class='ocrx_word' id='word_1_30' title='bbox 814 605 968 649; x_wconf 84' lang='lat' dir='ltr'><strong>vero</strong></span> <span class='ocrx_word' id='word_1_31' title='bbox 1026 584 1374 669; x_wconf 87' lang='lat' dir='ltr'><strong>dubitatis,</strong></span> <span class='ocrx_word' id='word_1_32' title='bbox 1430 586 1706 669; x_wconf 92' lang='lat' dir='ltr'><strong>iudices,</strong></span> <span class='ocrx_word' id='word_1_33' title='bbox 1763 587 1923 670; x_wconf 91' lang='lat' dir='ltr'><strong>quin</strong></span> <span class='ocrx_word' id='word_1_34' title='bbox 1977 589 2215 654; x_wconf 90' lang='lat' dir='ltr'><strong>insitas</strong></span> <span class='ocrx_word' id='word_1_35' title='bbox 2242 571 2324 636; x_wconf 77' lang='lat'><strong>15</strong></span> 
     </span>
     <span class='ocr_line' id='line_1_6' title="bbox 35 649 2325 762; baseline 0.003 -26"><span class='ocrx_word' id='word_1_36' title='bbox 35 678 38 736; x_wconf 54' lang='lat' dir='ltr'><em>f</em></span> <span class='ocrx_word' id='word_1_37' title='bbox 118 687 138 727; x_wconf 80' lang='lat'><strong>⁵</strong></span> <span class='ocrx_word' id='word_1_38' title='bbox 158 671 550 738; x_wconf 85' lang='lat' dir='ltr'><strong>inimicitias</strong></span> <span class='ocrx_word' id='word_1_39' title='bbox 608 673 777 736; x_wconf 90' lang='lat' dir='ltr'><strong>istae</strong></span> <span class='ocrx_word' id='word_1_40' title='bbox 834 675 1063 758; x_wconf 89' lang='lat' dir='ltr'><strong>gentes</strong></span> <span class='ocrx_word' id='word_1_41' title='bbox 1119 694 1344 738; x_wconf 88' lang='lat' dir='ltr'><strong>omnes</strong></span> <span class='ocrx_word' id='word_1_42' title='bbox 1393 679 1461 739; x_wconf 88' lang='lat' dir='ltr'><strong>et</strong></span> <span class='ocrx_word' id='word_1_43' title='bbox 1518 674 1808 740; x_wconf 88' lang='lat' dir='ltr'><strong>habeant</strong></span> <span class='ocrx_word' id='word_1_44' title='bbox 1863 678 1931 740; x_wconf 88' lang='lat' dir='ltr'><strong>et</strong></span> <span class='ocrx_word' id='word_1_45' title='bbox 1985 683 2220 762; x_wconf 88' lang='lat' dir='ltr'><strong>gerant</strong></span> <span class='ocrx_word' id='word_1_46' title='bbox 2257 649 2325 698; x_wconf 83' lang='lat'><strong>33</strong></span> 
     </span>
     <span class='ocr_line' id='line_1_7' title="bbox 156 759 2220 846; baseline 0.004 -22"><span class='ocrx_word' id='word_1_47' title='bbox 156 782 297 826; x_wconf 86' lang='lat' dir='ltr'><strong>cum</strong></span> <span class='ocrx_word' id='word_1_48' title='bbox 343 761 592 846; x_wconf 88' lang='lat' dir='ltr'><strong>populi</strong></span> <span class='ocrx_word' id='word_1_49' title='bbox 638 759 919 825; x_wconf 85' lang='lat' dir='ltr'><strong>Romani</strong></span> <span class='ocrx_word' id='word_1_50' title='bbox 962 761 1269 826; x_wconf 79' lang='lat' dir='ltr'><strong>nomine?</strong></span> <span class='ocrx_word' id='word_1_51' title='bbox 1355 759 1464 830; x_wconf 84' lang='lat' dir='ltr'><strong>Sic</strong></span> <span class='ocrx_word' id='word_1_52' title='bbox 1511 763 1904 828; x_wconf 85' lang='lat' dir='ltr'><strong>existimatis</strong></span> <span class='ocrx_word' id='word_1_53' title='bbox 1953 786 2066 830; x_wconf 88' lang='lat' dir='ltr'><strong>eos</strong></span> <span class='ocrx_word' id='word_1_54' title='bbox 2111 766 2220 832; x_wconf 90' lang='lat' dir='ltr'><strong>hic</strong></span> 
     </span>
     <span class='ocr_line' id='line_1_8' title="bbox 159 850 2218 937; baseline 0.003 -26"><span class='ocrx_word' id='word_1_55' title='bbox 159 853 431 932; x_wconf 85' lang='lat' dir='ltr'><strong>sagatos</strong></span> <span class='ocrx_word' id='word_1_56' title='bbox 482 850 925 933; x_wconf 73' lang='lat' dir='ltr'><strong>bracatosque</strong></span> <span class='ocrx_word' id='word_1_57' title='bbox 962 850 1211 914; x_wconf 82' lang='lat' dir='ltr'><strong>versari</strong></span> <span class='ocrx_word' id='word_1_58' title='bbox 1257 851 1476 916; x_wconf 81' lang='lat' dir='ltr'><strong>animo</strong></span> <span class='ocrx_word' id='word_1_59' title='bbox 1524 852 1810 917; x_wconf 90' lang='lat' dir='ltr'><strong>demisso</strong></span> <span class='ocrx_word' id='word_1_60' title='bbox 1859 856 2054 937; x_wconf 88' lang='lat' dir='ltr'><strong>atque</strong></span> <span class='ocrx_word' id='word_1_61' title='bbox 2102 854 2218 920; x_wconf 89' lang='lat' dir='ltr'><strong>hu·</strong></span> 
     </span>
     <span class='ocr_line' id='line_1_9' title="bbox 157 937 2218 1026; baseline 0.002 -24"><span class='ocrx_word' id='word_1_62' title='bbox 157 937 313 1022; x_wconf 90' lang='lat' dir='ltr'><strong>mili,</strong></span> <span class='ocrx_word' id='word_1_63' title='bbox 362 942 447 1002; x_wconf 89' lang='lat' dir='ltr'><strong>ut</strong></span> <span class='ocrx_word' id='word_1_64' title='bbox 488 938 711 1003; x_wconf 89' lang='lat' dir='ltr'><strong>solent</strong></span> <span class='ocrx_word' id='word_1_65' title='bbox 745 937 811 1020; x_wconf 89' lang='lat' dir='ltr'><strong>ii,</strong></span> <span class='ocrx_word' id='word_1_66' title='bbox 858 937 970 1021; x_wconf 92' lang='lat' dir='ltr'><strong>qui</strong></span> <span class='ocrx_word' id='word_1_67' title='bbox 1009 938 1249 1002; x_wconf 77' lang='lat' dir='ltr'>adfecti</span> <span class='ocrx_word' id='word_1_68' title='bbox 1286 939 1542 1004; x_wconf 89' lang='lat' dir='ltr'><strong>iniuriis</strong></span> <span class='ocrx_word' id='word_1_69' title='bbox 1581 940 1663 1004; x_wconf 87' lang='lat' dir='ltr'><strong>ad</strong></span> <span class='ocrx_word' id='word_1_70' title='bbox 1701 962 1894 1026; x_wconf 89' lang='lat' dir='ltr'><strong>opem</strong></span> <span class='ocrx_word' id='word_1_71' title='bbox 1931 941 2218 1008; x_wconf 89' lang='lat' dir='ltr'><strong>iudicum</strong></span> 
     </span>
     <span class='ocr_line' id='line_1_10' title="bbox 157 1025 2218 1113; baseline 0.003 -24"><span class='ocrx_word' id='word_1_72' title='bbox 157 1027 497 1111; x_wconf 87' lang='lat' dir='ltr'><strong>supplices</strong></span> <span class='ocrx_word' id='word_1_73' title='bbox 544 1025 1013 1109; x_wconf 87' lang='lat' dir='ltr'><strong>inferioresque</strong></span> <span class='ocrx_word' id='word_1_74' title='bbox 1059 1026 1492 1113; x_wconf 79' lang='lat' dir='ltr'><strong>confugiunt?</strong></span> <span class='ocrx_word' id='word_1_75' title='bbox 1544 1027 1734 1092; x_wconf 87' lang='lat' dir='ltr'><strong>Nihil</strong></span> <span class='ocrx_word' id='word_1_76' title='bbox 1779 1051 1936 1094; x_wconf 84' lang='lat' dir='ltr'><strong>vero</strong></span> <span class='ocrx_word' id='word_1_77' title='bbox 1982 1031 2218 1097; x_wconf 90' lang='lat' dir='ltr'><strong>minus.</strong></span> 
     </span>
     <span class='ocr_line' id='line_1_11' title="bbox 100 1111 2218 1202; baseline 0.002 -24"><span class='ocrx_word' id='word_1_78' title='bbox 100 1129 137 1170; x_wconf 71' lang='grc' dir='ltr'><strong>ιθ</strong></span> <span class='ocrx_word' id='word_1_79' title='bbox 156 1111 243 1178; x_wconf 89' lang='lat' dir='ltr'><strong>Hi</strong></span> <span class='ocrx_word' id='word_1_80' title='bbox 278 1119 534 1180; x_wconf 88' lang='lat' dir='ltr'><strong>contra</strong></span> <span class='ocrx_word' id='word_1_81' title='bbox 570 1118 896 1200; x_wconf 79' lang='lat' dir='ltr'>vagantur</span> <span class='ocrx_word' id='word_1_82' title='bbox 932 1114 1094 1179; x_wconf 88' lang='lat' dir='ltr'><strong>laeti</strong></span> <span class='ocrx_word' id='word_1_83' title='bbox 1130 1119 1328 1198; x_wconf 86' lang='lat' dir='ltr'><strong>atque</strong></span> <span class='ocrx_word' id='word_1_84' title='bbox 1365 1116 1566 1181; x_wconf 89' lang='lat' dir='ltr'><strong>erecti</strong></span> <span class='ocrx_word' id='word_1_85' title='bbox 1602 1117 1852 1202; x_wconf 86' lang='lat' dir='ltr'><strong>passim</strong></span> <span class='ocrx_word' id='word_1_86' title='bbox 1889 1122 2034 1183; x_wconf 94' lang='lat' dir='ltr'><strong>toto</strong></span> <span class='ocrx_word' id='word_1_87' title='bbox 2070 1119 2218 1184; x_wconf 85' lang='lat' dir='ltr'><strong>foro</strong></span> 
     </span>
     <span class='ocr_line' id='line_1_12' title="bbox 158 1202 2218 1289; baseline 0.002 -23"><span class='ocrx_word' id='word_1_88' title='bbox 158 1224 301 1268; x_wconf 87' lang='lat' dir='ltr'><strong>cum</strong></span> <span class='ocrx_word' id='word_1_89' title='bbox 350 1202 759 1288; x_wconf 88' lang='lat' dir='ltr'><strong>quibusdam</strong></span> <span class='ocrx_word' id='word_1_90' title='bbox 813 1203 1009 1268; x_wconf 88' lang='lat' dir='ltr'><strong>minis</strong></span> <span class='ocrx_word' id='word_1_91' title='bbox 1057 1207 1125 1268; x_wconf 85' lang='lat' dir='ltr'><strong>et</strong></span> <span class='ocrx_word' id='word_1_92' title='bbox 1179 1204 1465 1270; x_wconf 86' lang='lat' dir='ltr'><strong>barbaro</strong></span> <span class='ocrx_word' id='word_1_93' title='bbox 1513 1208 1712 1289; x_wconf 86' lang='lat' dir='ltr'><strong>atque</strong></span> <span class='ocrx_word' id='word_1_94' title='bbox 1771 1206 2045 1272; x_wconf 90' lang='lat' dir='ltr'><strong>immani</strong></span> <span class='ocrx_word' id='word_1_95' title='bbox 2090 1211 2218 1272; x_wconf 90' lang='lat' dir='ltr'><strong>ter·</strong></span> 
     </span>
     <span class='ocr_line' id='line_1_13' title="bbox 156 1292 2222 1378; baseline 0.003 -25"><span class='ocrx_word' id='word_1_96' title='bbox 156 1312 300 1356; x_wconf 91' lang='lat' dir='ltr'><strong>rore</strong></span> <span class='ocrx_word' id='word_1_97' title='bbox 339 1292 737 1376; x_wconf 74' lang='lat' dir='ltr'><strong>verborum3</strong></span> <span class='ocrx_word' id='word_1_98' title='bbox 786 1292 961 1375; x_wconf 89' lang='lat' dir='ltr'><strong>quod</strong></span> <span class='ocrx_word' id='word_1_99' title='bbox 1006 1313 1129 1378; x_wconf 91' lang='lat' dir='ltr'><strong>ego</strong></span> <span class='ocrx_word' id='word_1_100' title='bbox 1176 1292 1474 1377; x_wconf 86' lang='lat' dir='ltr'><strong>profecto</strong></span> <span class='ocrx_word' id='word_1_101' title='bbox 1520 1315 1655 1358; x_wconf 90' lang='lat' dir='ltr'><strong>non</strong></span> <span class='ocrx_word' id='word_1_102' title='bbox 1697 1295 2042 1378; x_wconf 81' lang='lat' dir='ltr'><strong>crederem,</strong></span> <span class='ocrx_word' id='word_1_103' title='bbox 2090 1296 2222 1360; x_wconf 89' lang='lat' dir='ltr'><strong>nisi</strong></span> 
     </span>
     <span class='ocr_line' id='line_1_14' title="bbox 158 1379 2220 1469; baseline 0.003 -27"><span class='ocrx_word' id='word_1_104' title='bbox 158 1379 572 1464; x_wconf 69' lang='lat' dir='ltr'><strong>aliquotiens</strong></span> <span class='ocrx_word' id='word_1_105' title='bbox 621 1402 698 1445; x_wconf 86' lang='lat' dir='ltr'><strong>ex</strong></span> <span class='ocrx_word' id='word_1_106' title='bbox 744 1380 907 1465; x_wconf 87' lang='lat' dir='ltr'><strong>ipsis</strong></span> <span class='ocrx_word' id='word_1_107' title='bbox 947 1381 1438 1447; x_wconf 86' lang='lat' dir='ltr'><strong>accusatoribus</strong></span> <span class='ocrx_word' id='word_1_108' title='bbox 1476 1381 1815 1447; x_wconf 83' lang='lat' dir='ltr'><strong>vobiscum</strong></span> <span class='ocrx_word' id='word_1_109' title='bbox 1864 1384 2079 1469; x_wconf 90' lang='lat' dir='ltr'><strong>simul,</strong></span> <span class='ocrx_word' id='word_1_110' title='bbox 2125 1385 2220 1449; x_wconf 90' lang='lat' dir='ltr'><strong>iu-</strong></span> 
     </span>
     <span class='ocr_line' id='line_1_15' title="bbox 160 1467 2220 1556; baseline 0.003 -24"><span class='ocrx_word' id='word_1_111' title='bbox 160 1467 357 1553; x_wconf 85' lang='lat' dir='ltr'><strong>dices,</strong></span> <span class='ocrx_word' id='word_1_112' title='bbox 396 1468 751 1553; x_wconf 79' lang='lat' dir='ltr'><strong>audissem,</strong></span> <span class='ocrx_word' id='word_1_113' title='bbox 789 1491 937 1534; x_wconf 89' lang='lat' dir='ltr'><strong>cum</strong></span> <span class='ocrx_word' id='word_1_114' title='bbox 973 1469 1442 1554; x_wconf 74' lang='lat' dir='ltr'><strong>praeciperent,</strong></span> <span class='ocrx_word' id='word_1_115' title='bbox 1478 1473 1554 1535; x_wconf 91' lang='lat' dir='ltr'><strong>ut</strong></span> <span class='ocrx_word' id='word_1_116' title='bbox 1591 1472 1930 1556; x_wconf 80' lang='lat' dir='ltr'><strong>caveretis,</strong></span> <span class='ocrx_word' id='word_1_117' title='bbox 1975 1494 2058 1537; x_wconf 92' lang='lat' dir='ltr'><strong>ne</strong></span> <span class='ocrx_word' id='word_1_118' title='bbox 2095 1473 2220 1539; x_wconf 89' lang='lat' dir='ltr'><strong>hoc</strong></span> 
     </span>
     <span class='ocr_line' id='line_1_16' title="bbox 99 1557 2219 1641; baseline 0.002 -20"><span class='ocrx_word' id='word_1_119' title='bbox 99 1571 141 1611; x_wconf 81' lang='lat'><strong>1⁵</strong></span> <span class='ocrx_word' id='word_1_120' title='bbox 165 1558 485 1622; x_wconf 88' lang='lat' dir='ltr'><strong>absoluto</strong></span> <span class='ocrx_word' id='word_1_121' title='bbox 522 1579 767 1623; x_wconf 82' lang='lat' dir='ltr'><strong>novum</strong></span> <span class='ocrx_word' id='word_1_122' title='bbox 804 1557 1070 1641; x_wconf 87' lang='lat' dir='ltr'><strong>aliquod</strong></span> <span class='ocrx_word' id='word_1_123' title='bbox 1108 1558 1357 1622; x_wconf 90' lang='lat' dir='ltr'><strong>bellum</strong></span> <span class='ocrx_word' id='word_1_124' title='bbox 1396 1558 1724 1625; x_wconf 88' lang='lat' dir='ltr'><strong>Gallicum</strong></span> <span class='ocrx_word' id='word_1_125' title='bbox 1761 1560 2219 1626; x_wconf 87' lang='lat' dir='ltr'><strong>concitaretur.</strong></span> 
     </span>
     <span class='ocr_line' id='line_1_17' title="bbox 165 1643 2327 1730; baseline 0.004 -21"><span class='ocrx_word' id='word_1_126' title='bbox 165 1647 289 1726; x_wconf 76' lang='lat'><strong>[24]</strong></span> <span class='ocrx_word' id='word_1_127' title='bbox 382 1643 461 1710; x_wconf 87' lang='lat' dir='ltr'><strong>Si</strong></span> <span class='ocrx_word' id='word_1_128' title='bbox 518 1645 608 1711; x_wconf 90' lang='lat' dir='ltr'><strong>M.</strong></span> <span class='ocrx_word' id='word_1_129' title='bbox 665 1644 1040 1728; x_wconf 87' lang='lat' dir='ltr'><strong>Fonteium,</strong></span> <span class='ocrx_word' id='word_1_130' title='bbox 1112 1646 1389 1730; x_wconf 79' lang='lat' dir='ltr'><strong>iudiceS,</strong></span> <span class='ocrx_word' id='word_1_131' title='bbox 1467 1648 1538 1711; x_wconf 92' lang='lat' dir='ltr'><strong>in</strong></span> <span class='ocrx_word' id='word_1_132' title='bbox 1610 1669 1807 1712; x_wconf 87' lang='lat' dir='ltr'><strong>causa</strong></span> <span class='ocrx_word' id='word_1_133' title='bbox 1873 1648 2221 1715; x_wconf 87' lang='lat' dir='ltr'><strong>deficerent</strong></span> <span class='ocrx_word' id='word_1_134' title='bbox 2259 1669 2327 1718; x_wconf 82' lang='grc'><strong>34</strong></span> 
     </span>
     <span class='ocr_line' id='line_1_18' title="bbox 166 1733 2220 1822; baseline 0.002 -25"><span class='ocrx_word' id='word_1_135' title='bbox 166 1734 413 1817; x_wconf 90' lang='lat' dir='ltr'><strong>omnia,</strong></span> <span class='ocrx_word' id='word_1_136' title='bbox 456 1733 513 1799; x_wconf 92' lang='lat' dir='ltr'><strong>si</strong></span> <span class='ocrx_word' id='word_1_137' title='bbox 541 1735 719 1818; x_wconf 80' lang='lat' dir='ltr'><strong>turpi</strong></span> <span class='ocrx_word' id='word_1_138' title='bbox 748 1734 1207 1818; x_wconf 84' lang='lat' dir='ltr'><strong>adulescentia,</strong></span> <span class='ocrx_word' id='word_1_139' title='bbox 1244 1734 1386 1800; x_wconf 85' lang='lat' dir='ltr'><strong>vita</strong></span> <span class='ocrx_word' id='word_1_140' title='bbox 1411 1735 1661 1819; x_wconf 87' lang='lat' dir='ltr'><strong>infami,</strong></span> <span class='ocrx_word' id='word_1_141' title='bbox 1699 1736 2220 1822; x_wconf 73' lang='lat' dir='ltr'><strong>magistratibus,</strong></span> 
     </span>
     <span class='ocr_line' id='line_1_19' title="bbox 167 1822 2222 1909; baseline 0.001 -22"><span class='ocrx_word' id='word_1_142' title='bbox 167 1844 334 1906; x_wconf 87' lang='lat' dir='ltr'><strong>quos</strong></span> <span class='ocrx_word' id='word_1_143' title='bbox 376 1825 534 1888; x_wconf 87' lang='lat' dir='ltr'><strong>ante</strong></span> <span class='ocrx_word' id='word_1_144' title='bbox 572 1823 795 1888; x_wconf 89' lang='lat' dir='ltr'><strong>oculos</strong></span> <span class='ocrx_word' id='word_1_145' title='bbox 833 1826 1087 1888; x_wconf 83' lang='lat' dir='ltr'><strong>vestros</strong></span> <span class='ocrx_word' id='word_1_146' title='bbox 1138 1824 1363 1909; x_wconf 83' lang='lat' dir='ltr'><strong>gessit,</strong></span> <span class='ocrx_word' id='word_1_147' title='bbox 1410 1822 1723 1890; x_wconf 85' lang='lat' dir='ltr'><strong>convictis</strong></span> <span class='ocrx_word' id='word_1_148' title='bbox 1773 1823 2064 1890; x_wconf 83' lang='lat' dir='ltr'><strong>virorum</strong></span> <span class='ocrx_word' id='word_1_149' title='bbox 2111 1826 2222 1890; x_wconf 91' lang='lat' dir='ltr'><strong>bo-</strong></span> 
     </span>
     <span class='ocr_line' id='line_1_20' title="bbox 167 1911 2221 1999; baseline 0.002 -24"><span class='ocrx_word' id='word_1_150' title='bbox 167 1932 411 1979; x_wconf 88' lang='lat' dir='ltr'><strong>norum</strong></span> <span class='ocrx_word' id='word_1_151' title='bbox 466 1911 863 1977; x_wconf 88' lang='lat' dir='ltr'><strong>testimoniis</strong></span> <span class='ocrx_word' id='word_1_152' title='bbox 874 1962 892 1996; x_wconf 90' lang='lat'><strong>,</strong></span> <span class='ocrx_word' id='word_1_153' title='bbox 955 1913 1400 1997; x_wconf 87' lang='lat' dir='ltr'><strong>legationibus</strong></span> <span class='ocrx_word' id='word_1_154' title='bbox 1454 1912 1786 1999; x_wconf 87' lang='lat' dir='ltr'><strong>flagitiose</strong></span> <span class='ocrx_word' id='word_1_155' title='bbox 1843 1914 2073 1999; x_wconf 85' lang='lat' dir='ltr'><strong>obitis,</strong></span> <span class='ocrx_word' id='word_1_156' title='bbox 2126 1913 2221 1979; x_wconf 90' lang='lat' dir='ltr'><strong>in-</strong></span> 
     </span>
    </p>

    <p class='ocr_par' dir='ltr' id='par_1_3' title="bbox 104 2000 2224 2442">
     <span class='ocr_line' id='line_1_21' title="bbox 104 2000 2220 2085; baseline 0.002 -22"><span class='ocrx_word' id='word_1_157' title='bbox 104 2016 151 2055; x_wconf 77' lang='lat'><strong>20</strong></span> <span class='ocrx_word' id='word_1_158' title='bbox 173 2000 357 2067; x_wconf 86' lang='lat' dir='ltr'><strong>visus</strong></span> <span class='ocrx_word' id='word_1_159' title='bbox 415 2000 551 2065; x_wconf 91' lang='lat' dir='ltr'><strong>suis</strong></span> <span class='ocrx_word' id='word_1_160' title='bbox 614 2001 915 2066; x_wconf 88' lang='lat' dir='ltr'><strong>omnibus</strong></span> <span class='ocrx_word' id='word_1_161' title='bbox 972 2001 1043 2066; x_wconf 90' lang='lat' dir='ltr'><strong>in</strong></span> <span class='ocrx_word' id='word_1_162' title='bbox 1106 2001 1418 2066; x_wconf 90' lang='lat' dir='ltr'><strong>iudicium</strong></span> <span class='ocrx_word' id='word_1_163' title='bbox 1473 2006 1844 2085; x_wconf 86' lang='lat' dir='ltr'><strong>vocaretur,</strong></span> <span class='ocrx_word' id='word_1_164' title='bbox 1909 2003 1966 2068; x_wconf 91' lang='lat' dir='ltr'><strong>si</strong></span> <span class='ocrx_word' id='word_1_165' title='bbox 2018 2003 2090 2067; x_wconf 89' lang='lat' dir='ltr'><strong>in</strong></span> <span class='ocrx_word' id='word_1_166' title='bbox 2145 2025 2220 2068; x_wconf 92' lang='lat' dir='ltr'><strong>eo</strong></span> 
     </span>
     <span class='ocr_line' id='line_1_22' title="bbox 172 2088 2222 2175; baseline 0.002 -24"><span class='ocrx_word' id='word_1_167' title='bbox 172 2088 413 2155; x_wconf 90' lang='lat' dir='ltr'><strong>iudicio</strong></span> <span class='ocrx_word' id='word_1_168' title='bbox 462 2089 846 2154; x_wconf 89' lang='lat' dir='ltr'><strong>colonorum</strong></span> <span class='ocrx_word' id='word_1_169' title='bbox 884 2089 1114 2174; x_wconf 90' lang='lat' dir='ltr'><strong>populi</strong></span> <span class='ocrx_word' id='word_1_170' title='bbox 1158 2089 1441 2154; x_wconf 85' lang='lat' dir='ltr'><strong>Romani</strong></span> <span class='ocrx_word' id='word_1_171' title='bbox 1476 2089 2027 2175; x_wconf 89' lang='lat' dir='ltr'><strong>Narbonensium,</strong></span> <span class='ocrx_word' id='word_1_172' title='bbox 2073 2092 2222 2156; x_wconf 89' lang='lat' dir='ltr'><strong>fide-</strong></span> 
     </span>
     <span class='ocr_line' id='line_1_23' title="bbox 174 2177 2222 2261; baseline 0.001 -21"><span class='ocrx_word' id='word_1_173' title='bbox 174 2177 580 2244; x_wconf 89' lang='lat' dir='ltr'><strong>lissimorum</strong></span> <span class='ocrx_word' id='word_1_174' title='bbox 612 2178 937 2243; x_wconf 86' lang='lat' dir='ltr'><strong>sociorum</strong></span> <span class='ocrx_word' id='word_1_175' title='bbox 955 2178 1485 2261; x_wconf 87' lang='lat' dir='ltr'><strong>Massiliensium,</strong></span> <span class='ocrx_word' id='word_1_176' title='bbox 1513 2179 1754 2244; x_wconf 83' lang='lat' dir='ltr'><strong>civium</strong></span> <span class='ocrx_word' id='word_1_177' title='bbox 1772 2179 2222 2245; x_wconf 88' lang='lat' dir='ltr'><strong>Romanorum</strong></span> 
     </span>
     <span class='ocr_line' id='line_1_24' title="bbox 177 2266 2224 2353; baseline 0.001 -24"><span class='ocrx_word' id='word_1_178' title='bbox 177 2266 469 2332; x_wconf 89' lang='lat' dir='ltr'><strong>omnium</strong></span> <span class='ocrx_word' id='word_1_179' title='bbox 498 2266 894 2331; x_wconf 90' lang='lat' dir='ltr'><strong>testimoniis</strong></span> <span class='ocrx_word' id='word_1_180' title='bbox 922 2267 1298 2350; x_wconf 87' lang='lat' dir='ltr'><strong>tabulisque</strong></span> <span class='ocrx_word' id='word_1_181' title='bbox 1335 2271 1761 2353; x_wconf 89' lang='lat' dir='ltr'><strong>premeretur,</strong></span> <span class='ocrx_word' id='word_1_182' title='bbox 1796 2271 2021 2332; x_wconf 85' lang='lat' dir='ltr'><strong>tamen</strong></span> <span class='ocrx_word' id='word_1_183' title='bbox 2049 2272 2224 2333; x_wconf 88' lang='lat' dir='ltr'><strong>esset</strong></span> 
     </span>
     <span class='ocr_line' id='line_1_25' title="bbox 176 2346 2222 2442; baseline 0.001 -24"><span class='ocrx_word' id='word_1_184' title='bbox 176 2356 363 2421; x_wconf 80' lang='lat' dir='ltr'><strong>vobis</strong></span> <span class='ocrx_word' id='word_1_185' title='bbox 412 2375 811 2441; x_wconf 84' lang='lat' dir='ltr'><strong>magnopere</strong></span> <span class='ocrx_word' id='word_1_186' title='bbox 856 2355 1357 2439; x_wconf 83' lang='lat' dir='ltr'><strong>providendum,</strong></span> <span class='ocrx_word' id='word_1_187' title='bbox 1411 2379 1522 2440; x_wconf 91' lang='lat' dir='ltr'><strong>ne,</strong></span> <span class='ocrx_word' id='word_1_188' title='bbox 1573 2377 1737 2442; x_wconf 91' lang='lat' dir='ltr'><strong>quos</strong></span> <span class='ocrx_word' id='word_1_189' title='bbox 1782 2346 1878 2421; x_wconf 70' lang='lat' dir='ltr'><strong>ita</strong></span> <span class='ocrx_word' id='word_1_190' title='bbox 1926 2356 2222 2422; x_wconf 89' lang='lat' dir='ltr'><strong>adflictos</strong></span> 
     </span>
    </p>

    <p class='ocr_par' dir='ltr' id='par_1_4' title="bbox 106 2443 2329 2883">
     <span class='ocr_line' id='line_1_26' title="bbox 106 2443 2224 2529; baseline 0.001 -22"><span class='ocrx_word' id='word_1_191' title='bbox 106 2458 153 2499; x_wconf 77' lang='lat'><strong>²⁵</strong></span> <span class='ocrx_word' id='word_1_192' title='bbox 180 2465 219 2507; x_wconf 86' lang='lat' dir='ltr'><strong>a</strong></span> <span class='ocrx_word' id='word_1_193' title='bbox 262 2443 503 2509; x_wconf 81' lang='lat' dir='ltr'><strong>vestris</strong></span> <span class='ocrx_word' id='word_1_194' title='bbox 552 2443 852 2526; x_wconf 89' lang='lat' dir='ltr'><strong>patribus</strong></span> <span class='ocrx_word' id='word_1_195' title='bbox 909 2444 1397 2528; x_wconf 89' lang='lat' dir='ltr'><strong>maioribusque</strong></span> <span class='ocrx_word' id='word_1_196' title='bbox 1455 2444 1901 2529; x_wconf 81' lang='lat' dir='ltr'><strong>accepissetiS,</strong></span> <span class='ocrx_word' id='word_1_197' title='bbox 1954 2448 2031 2509; x_wconf 91' lang='lat' dir='ltr'><strong>ut</strong></span> <span class='ocrx_word' id='word_1_198' title='bbox 2077 2467 2224 2510; x_wconf 90' lang='lat' dir='ltr'><strong>con-</strong></span> 
     </span>
     <span class='ocr_line' id='line_1_27' title="bbox 177 2531 2225 2617; baseline 0 -20"><span class='ocrx_word' id='word_1_199' title='bbox 177 2531 513 2597; x_wconf 87' lang='lat' dir='ltr'><strong>temnendi</strong></span> <span class='ocrx_word' id='word_1_200' title='bbox 569 2536 814 2612; x_wconf 89' lang='lat' dir='ltr'><strong>essent,</strong></span> <span class='ocrx_word' id='word_1_201' title='bbox 874 2553 985 2596; x_wconf 88' lang='lat' dir='ltr'><strong>eos</strong></span> <span class='ocrx_word' id='word_1_202' title='bbox 1031 2532 1452 2617; x_wconf 90' lang='lat' dir='ltr'><strong>pertimuisse</strong></span> <span class='ocrx_word' id='word_1_203' title='bbox 1510 2537 1578 2598; x_wconf 85' lang='lat' dir='ltr'><strong>et</strong></span> <span class='ocrx_word' id='word_1_204' title='bbox 1631 2555 1857 2598; x_wconf 87' lang='lat' dir='ltr'><strong>eorum</strong></span> <span class='ocrx_word' id='word_1_205' title='bbox 1913 2533 2108 2598; x_wconf 84' lang='lat' dir='ltr'><strong>minis</strong></span> <span class='ocrx_word' id='word_1_206' title='bbox 2158 2537 2225 2598; x_wconf 92' lang='lat' dir='ltr'><strong>et</strong></span> 
     </span>
     <span class='ocr_line' id='line_1_28' title="bbox 180 2619 2329 2703; baseline 0.002 -18"><span class='ocrx_word' id='word_1_207' title='bbox 180 2624 429 2685; x_wconf 90' lang='lat' dir='ltr'><strong>terrore</strong></span> <span class='ocrx_word' id='word_1_208' title='bbox 495 2620 809 2686; x_wconf 90' lang='lat' dir='ltr'><strong>commoti</strong></span> <span class='ocrx_word' id='word_1_209' title='bbox 874 2642 1017 2684; x_wconf 87' lang='lat' dir='ltr'><strong>esse</strong></span> <span class='ocrx_word' id='word_1_210' title='bbox 1080 2621 1484 2685; x_wconf 84' lang='lat' dir='ltr'><strong>videremini.</strong></span> <span class='ocrx_word' id='word_1_211' title='bbox 1586 2622 1712 2703; x_wconf 82' lang='lat'>[25]</span> <span class='ocrx_word' id='word_1_212' title='bbox 1795 2619 1990 2687; x_wconf 89' lang='lat' dir='ltr'><strong>Nunc</strong></span> <span class='ocrx_word' id='word_1_213' title='bbox 2068 2644 2222 2687; x_wconf 85' lang='lat' dir='ltr'><strong>vero</strong></span> <span class='ocrx_word' id='word_1_214' title='bbox 2263 2640 2329 2689; x_wconf 85' lang='lat'><strong>35</strong></span> 
     </span>
     <span class='ocr_line' id='line_1_29' title="bbox 180 2708 2222 2787; baseline 0.001 -14"><span class='ocrx_word' id='word_1_215' title='bbox 180 2730 324 2775; x_wconf 90' lang='lat' dir='ltr'><strong>cum</strong></span> <span class='ocrx_word' id='word_1_216' title='bbox 380 2708 602 2773; x_wconf 89' lang='lat' dir='ltr'><strong>laedat</strong></span> <span class='ocrx_word' id='word_1_217' title='bbox 653 2730 846 2773; x_wconf 92' lang='lat' dir='ltr'><strong>nemo</strong></span> <span class='ocrx_word' id='word_1_218' title='bbox 901 2708 1139 2787; x_wconf 90' lang='lat' dir='ltr'><strong>bonus,</strong></span> <span class='ocrx_word' id='word_1_219' title='bbox 1199 2709 1470 2774; x_wconf 88' lang='lat' dir='ltr'><strong>laudent</strong></span> <span class='ocrx_word' id='word_1_220' title='bbox 1516 2731 1742 2775; x_wconf 89' lang='lat' dir='ltr'><strong>omnes</strong></span> <span class='ocrx_word' id='word_1_221' title='bbox 1788 2711 1994 2776; x_wconf 83' lang='lat' dir='ltr'><strong>vestri</strong></span> <span class='ocrx_word' id='word_1_222' title='bbox 2051 2711 2222 2776; x_wconf 86' lang='lat' dir='ltr'><strong>cives</strong></span> 
     </span>
     <span class='ocr_line' id='line_1_30' title="bbox 183 2797 2225 2883; baseline 0.001 -22"><span class='ocrx_word' id='word_1_223' title='bbox 183 2800 378 2881; x_wconf 91' lang='lat' dir='ltr'><strong>atque</strong></span> <span class='ocrx_word' id='word_1_224' title='bbox 426 2797 605 2880; x_wconf 90' lang='lat' dir='ltr'><strong>socii,</strong></span> <span class='ocrx_word' id='word_1_225' title='bbox 650 2802 1035 2882; x_wconf 85' lang='lat' dir='ltr'><strong>oppugnent</strong></span> <span class='ocrx_word' id='word_1_226' title='bbox 1076 2797 1269 2881; x_wconf 89' lang='lat' dir='ltr'><strong>idem,</strong></span> <span class='ocrx_word' id='word_1_227' title='bbox 1318 2798 1430 2882; x_wconf 92' lang='lat' dir='ltr'><strong>qui</strong></span> <span class='ocrx_word' id='word_1_228' title='bbox 1478 2798 1861 2883; x_wconf 87' lang='lat' dir='ltr'><strong>saepissime</strong></span> <span class='ocrx_word' id='word_1_229' title='bbox 1902 2798 2072 2866; x_wconf 88' lang='lat' dir='ltr'><strong>hanc</strong></span> <span class='ocrx_word' id='word_1_230' title='bbox 2118 2822 2225 2865; x_wconf 91' lang='lat' dir='ltr'><strong>ur-</strong></span> 
     </span>
    </p>

    <p class='ocr_par' dir='ltr' id='par_1_5' title="bbox 27 2885 2227 3324">
     <span class='ocr_line' id='line_1_31' title="bbox 27 2885 2226 2971; baseline 0.001 -22"><span class='ocrx_word' id='word_1_231' title='bbox 27 2907 29 2960; x_wconf 70' lang='lat'>!</span> <span class='ocrx_word' id='word_1_232' title='bbox 107 2900 158 2940; x_wconf 76' lang='lat'><strong>³⁰</strong></span> <span class='ocrx_word' id='word_1_233' title='bbox 183 2886 332 2950; x_wconf 86' lang='lat' dir='ltr'><strong>bem</strong></span> <span class='ocrx_word' id='word_1_234' title='bbox 386 2888 455 2950; x_wconf 91' lang='lat' dir='ltr'><strong>et</strong></span> <span class='ocrx_word' id='word_1_235' title='bbox 507 2885 633 2951; x_wconf 91' lang='lat' dir='ltr'><strong>hoc</strong></span> <span class='ocrx_word' id='word_1_236' title='bbox 687 2885 1037 2970; x_wconf 89' lang='lat' dir='ltr'><strong>imperium</strong></span> <span class='ocrx_word' id='word_1_237' title='bbox 1092 2890 1583 2971; x_wconf 86' lang='lat' dir='ltr'><strong>oppugnarunt,</strong></span> <span class='ocrx_word' id='word_1_238' title='bbox 1645 2908 1919 2971; x_wconf 88' lang='lat' dir='ltr'><strong>cumque</strong></span> <span class='ocrx_word' id='word_1_239' title='bbox 1977 2888 2226 2953; x_wconf 88' lang='lat' dir='ltr'><strong>inimici</strong></span> 
     </span>
     <span class='ocr_line' id='line_1_32' title="bbox 29 2966 2225 3060; baseline 0.001 -21"><span class='ocrx_word' id='word_1_240' title='bbox 29 2966 31 2987; x_wconf 62' lang='lat'>³</span> <span class='ocrx_word' id='word_1_241' title='bbox 181 2972 265 3039; x_wconf 88' lang='lat' dir='ltr'><strong>M.</strong></span> <span class='ocrx_word' id='word_1_242' title='bbox 310 2972 547 3038; x_wconf 86' lang='lat' dir='ltr'><strong>Fontei</strong></span> <span class='ocrx_word' id='word_1_243' title='bbox 601 2974 790 3039; x_wconf 81' lang='lat' dir='ltr'><strong>vobis</strong></span> <span class='ocrx_word' id='word_1_244' title='bbox 838 2996 914 3039; x_wconf 88' lang='lat' dir='ltr'><strong>ac</strong></span> <span class='ocrx_word' id='word_1_245' title='bbox 965 2975 1213 3059; x_wconf 87' lang='lat' dir='ltr'><strong>populo</strong></span> <span class='ocrx_word' id='word_1_246' title='bbox 1272 2976 1568 3040; x_wconf 86' lang='lat' dir='ltr'><strong>Romano</strong></span> <span class='ocrx_word' id='word_1_247' title='bbox 1617 2976 1975 3060; x_wconf 88' lang='lat' dir='ltr'><strong>minentur,</strong></span> <span class='ocrx_word' id='word_1_248' title='bbox 2033 2977 2225 3041; x_wconf 87' lang='lat' dir='ltr'><strong>amici</strong></span> 
     </span>
     <span class='ocr_line' id='line_1_33' title="bbox 182 3062 2223 3147; baseline 0.001 -21"><span class='ocrx_word' id='word_1_249' title='bbox 182 3084 258 3127; x_wconf 86' lang='lat' dir='ltr'><strong>ac</strong></span> <span class='ocrx_word' id='word_1_250' title='bbox 300 3062 657 3147; x_wconf 89' lang='lat' dir='ltr'><strong>propinqui</strong></span> <span class='ocrx_word' id='word_1_251' title='bbox 711 3063 1083 3147; x_wconf 86' lang='lat' dir='ltr'><strong>supplicent</strong></span> <span class='ocrx_word' id='word_1_252' title='bbox 1128 3064 1346 3147; x_wconf 85' lang='lat' dir='ltr'><strong>vobis,</strong></span> <span class='ocrx_word' id='word_1_253' title='bbox 1401 3064 1789 3129; x_wconf 90' lang='lat' dir='ltr'><strong>dubitabitis</strong></span> <span class='ocrx_word' id='word_1_254' title='bbox 1836 3085 1972 3129; x_wconf 91' lang='lat' dir='ltr'><strong>non</strong></span> <span class='ocrx_word' id='word_1_255' title='bbox 2028 3064 2223 3129; x_wconf 86' lang='lat' dir='ltr'><strong>modo</strong></span> 
     </span>
     <span class='ocr_line' id='line_1_34' title="bbox 183 3150 2227 3237; baseline 0 -23"><span class='ocrx_word' id='word_1_256' title='bbox 183 3150 419 3215; x_wconf 83' lang='lat' dir='ltr'><strong>vestris</strong></span> <span class='ocrx_word' id='word_1_257' title='bbox 465 3150 736 3235; x_wconf 78' lang='lat' dir='ltr'><strong>civibuS,</strong></span> <span class='ocrx_word' id='word_1_258' title='bbox 782 3151 893 3236; x_wconf 94' lang='lat' dir='ltr'><strong>qui</strong></span> <span class='ocrx_word' id='word_1_259' title='bbox 940 3151 1221 3216; x_wconf 88' lang='lat' dir='ltr'><strong>maxime</strong></span> <span class='ocrx_word' id='word_1_260' title='bbox 1268 3152 1484 3237; x_wconf 85' lang='lat' dir='ltr'><strong>gloria</strong></span> <span class='ocrx_word' id='word_1_261' title='bbox 1531 3174 1606 3217; x_wconf 92' lang='lat' dir='ltr'><strong>ac</strong></span> <span class='ocrx_word' id='word_1_262' title='bbox 1652 3152 1845 3217; x_wconf 90' lang='lat' dir='ltr'><strong>laude</strong></span> <span class='ocrx_word' id='word_1_263' title='bbox 1885 3152 2227 3235; x_wconf 89' lang='lat' dir='ltr'><strong>ducuntur,</strong></span> 
     </span>
     <span class='ocr_line' id='line_1_35' title="bbox 183 3238 2226 3324; baseline -0 -21"><span class='ocrx_word' id='word_1_264' title='bbox 183 3260 409 3304; x_wconf 84' lang='lat' dir='ltr'><strong>verum</strong></span> <span class='ocrx_word' id='word_1_265' title='bbox 456 3238 657 3303; x_wconf 89' lang='lat' dir='ltr'><strong>etiam</strong></span> <span class='ocrx_word' id='word_1_266' title='bbox 704 3240 945 3305; x_wconf 87' lang='lat' dir='ltr'><strong>exteris</strong></span> <span class='ocrx_word' id='word_1_267' title='bbox 1000 3240 1382 3305; x_wconf 87' lang='lat' dir='ltr'><strong>nationibus</strong></span> <span class='ocrx_word' id='word_1_268' title='bbox 1429 3246 1488 3305; x_wconf 79' lang='lat' dir='ltr'><strong>et</strong></span> <span class='ocrx_word' id='word_1_269' title='bbox 1529 3241 1836 3324; x_wconf 86' lang='lat' dir='ltr'><strong>gentibus</strong></span> <span class='ocrx_word' id='word_1_270' title='bbox 1885 3239 2226 3304; x_wconf 90' lang='lat' dir='ltr'><strong>ostendere</strong></span> 
     </span>
    </p>

    <p class='ocr_par' dir='ltr' id='par_1_6' title="bbox 114 3327 2333 3587">
     <span class='ocr_line' id='line_1_36' title="bbox 114 3327 2226 3413; baseline -0.001 -20"><span class='ocrx_word' id='word_1_271' title='bbox 114 3342 160 3385; x_wconf 80' lang='lat'><strong>⁸⁵</strong></span> <span class='ocrx_word' id='word_1_272' title='bbox 184 3348 301 3393; x_wconf 82' lang='lat' dir='ltr'><strong>vos</strong></span> <span class='ocrx_word' id='word_1_273' title='bbox 364 3327 437 3393; x_wconf 90' lang='lat' dir='ltr'><strong>in</strong></span> <span class='ocrx_word' id='word_1_274' title='bbox 501 3327 845 3392; x_wconf 88' lang='lat' dir='ltr'><strong>sententiis</strong></span> <span class='ocrx_word' id='word_1_275' title='bbox 908 3328 1195 3393; x_wconf 89' lang='lat' dir='ltr'><strong>ferendis</strong></span> <span class='ocrx_word' id='word_1_276' title='bbox 1262 3329 1390 3393; x_wconf 85' lang='lat' dir='ltr'><strong>civi</strong></span> <span class='ocrx_word' id='word_1_277' title='bbox 1451 3349 1719 3413; x_wconf 85' lang='lat' dir='ltr'><strong>parcere</strong></span> <span class='ocrx_word' id='word_1_278' title='bbox 1785 3349 1982 3411; x_wconf 86' lang='lat' dir='ltr'><strong>quam</strong></span> <span class='ocrx_word' id='word_1_279' title='bbox 2047 3328 2226 3392; x_wconf 90' lang='lat' dir='ltr'><strong>hosti</strong></span> 
     </span>
     <span class='ocr_line' id='line_1_37' title="bbox 188 3396 2333 3518; baseline -0 -38"><span class='ocrx_word' id='word_1_280' title='bbox 188 3414 406 3481; x_wconf 88' lang='lat' dir='ltr'><strong>cedere</strong></span> <span class='ocrx_word' id='word_1_281' title='bbox 462 3416 821 3481; x_wconf 79' lang='lat' dir='ltr'><strong>maluisse?</strong></span> <span class='ocrx_word' id='word_1_282' title='bbox 917 3418 1051 3498; x_wconf 79' lang='lat'>[12.</span> <span class='ocrx_word' id='word_1_283' title='bbox 1097 3420 1197 3499; x_wconf 82' lang='lat'><strong>26]</strong></span> <span class='ocrx_word' id='word_1_284' title='bbox 1262 3416 1510 3503; x_wconf 85' lang='lat' dir='ltr'><strong>Magna</strong></span> <span class='ocrx_word' id='word_1_285' title='bbox 1557 3415 1962 3480; x_wconf 87' lang='lat' dir='ltr'><strong>mehercules</strong></span> <span class='ocrx_word' id='word_1_286' title='bbox 2011 3437 2225 3498; x_wconf 87' lang='lat' dir='ltr'><strong>causa,</strong></span> <span class='ocrx_word' id='word_1_287' title='bbox 2253 3396 2333 3518; x_wconf 57' lang='lat'><strong>132</strong></span> 
     </span>
     <span class='ocr_line' id='line_1_38' title="bbox 187 3502 2226 3587; baseline -0.001 -19"><span class='ocrx_word' id='word_1_288' title='bbox 187 3502 457 3587; x_wconf 86' lang='lat' dir='ltr'><strong>iudices,</strong></span> <span class='ocrx_word' id='word_1_289' title='bbox 510 3504 943 3571; x_wconf 86' lang='lat' dir='ltr'><strong>absolutionis</strong></span> <span class='ocrx_word' id='word_1_290' title='bbox 1000 3526 1149 3571; x_wconf 91' lang='lat' dir='ltr'><strong>cum</strong></span> <span class='ocrx_word' id='word_1_291' title='bbox 1204 3509 1440 3570; x_wconf 89' lang='lat' dir='ltr'><strong>ceteris</strong></span> <span class='ocrx_word' id='word_1_292' title='bbox 1497 3504 1711 3568; x_wconf 86' lang='lat' dir='ltr'><strong>causis</strong></span> <span class='ocrx_word' id='word_1_293' title='bbox 1757 3503 1919 3567; x_wconf 89' lang='lat' dir='ltr'><strong>haec</strong></span> <span class='ocrx_word' id='word_1_294' title='bbox 1966 3507 2094 3581; x_wconf 90' lang='lat' dir='ltr'><strong>est,</strong></span> <span class='ocrx_word' id='word_1_295' title='bbox 2143 3524 2226 3567; x_wconf 90' lang='lat' dir='ltr'><strong>ne</strong></span> 
     </span>
    </p>
   </div>
  </div>
 </body>
</html>
