2534 3875
274 1197 340 1246 20

277 2432 342 2483 21

374 149 505 214 256
887 146 970 203 IN
1005 149 1068 203 L.
1097 146 1503 203 CATILINAM
1540 147 1805 202 ORATIO
1843 149 1888 202 Ι.

375 294 550 361 domi
587 314 768 359 meae
804 296 874 358 te
911 293 1341 376 adservarem,
1386 293 1659 377 rogasti.
1722 291 1889 358 Cum
1931 315 1972 356 a
2009 313 2117 356 me
2160 313 2385 377 quoque

372 385 441 448 id
499 403 882 466 responsum
942 381 1232 464 tulisses,
1297 403 1398 445 me
1457 381 1640 445 nullo
1696 381 1892 447 modo
1949 403 2153 466 posse
2212 382 2386 445 isdem

375 471 732 556 parietibus
795 473 942 534 tuto
1007 491 1147 535 esse
1213 474 1455 552 tecum,
1520 471 1631 555 qui
1694 490 1937 554 magno
1992 470 2066 534 in
2122 470 2386 553 periculo

375 582 603 643 essem,
649 558 823 643 quod
859 559 1064 623 isdem
1113 559 1454 623 moenibus
1503 558 1999 641 contineremur,
2050 559 2134 622 ad
2186 557 2259 633 Q.
2286 558 2390 622 Me

373 650 602 714 tellum
640 651 1008 732 praetorem
1043 647 1301 712 venisti.
1348 649 1411 711 A
1440 668 1568 730 quo
1596 646 1975 731 repudiatus
2006 647 2095 710 ad
2125 647 2425 712 sodalem

375 741 578 818 tuum,
616 736 826 801 virum
867 739 1226 819 optumum,
1262 735 1351 799 Μ.
1379 735 1735 818 Metellum,
1766 735 2185 820 demigrasti3
2227 757 2390 821 quem

375 830 449 891 tu
494 824 792 890 videlicet
839 827 906 888 et
953 823 1034 888 ad
1071 823 1562 889 custodiendum
1601 823 2190 909 diligentissimum
2230 829 2295 888 et
2328 823 2391 887 ad

377 913 834 998 suspicandum
892 913 1389 996 sagacissimum
1444 916 1512 976 et
1556 912 1639 977 ad
1683 912 2149 977 vindicandum
2198 913 2389 978 fortis-

377 1003 616 1068 simum
668 1001 809 1065 fore
864 1001 1132 1085 putasti.
1223 998 1350 1065 Sed
1396 1023 1591 1084 quam
1637 1001 1831 1086 longe
1876 1000 2143 1066 videtur
2195 1023 2237 1064 a
2280 1023 2389 1065 car·

377 1111 522 1156 cere
581 1093 774 1174 atque
820 1112 859 1154 a
903 1089 1178 1154 vinculis
1223 1090 1450 1155 abesse
1498 1089 1756 1173 debere,
1813 1089 1922 1173 qui
1969 1111 2041 1153 se
2089 1091 2240 1173 ipse
2285 1090 2391 1154 iam
2408 1107 2439 1146 ιθ

379 1180 647 1263 dignum
705 1177 1000 1242 custodia
1047 1177 1378 1243 iudicarit!
1469 1177 1650 1254 Quae
1696 1199 1842 1243 cum
1887 1178 1985 1242 ita
2034 1179 2196 1262 sint,
2246 1177 2392 1243 Cati-

375 1268 538 1350 lina,
583 1265 869 1348 dubitas,
915 1266 973 1330 si
1019 1266 1224 1330 emori
1269 1287 1475 1350 aequo
1522 1267 1740 1331 animo
1784 1287 1919 1330 non
1962 1271 2161 1349 potes
2172 1317 2192 1350 ,
2240 1268 2392 1332 abire

376 1356 448 1420 in
520 1354 771 1438 aliquas
842 1358 1052 1419 terras
1117 1358 1184 1418 et
1245 1355 1452 1420 vitam
1514 1356 1710 1419 istam
1774 1355 1999 1419 multis
2070 1355 2393 1440 suppliciis

377 1443 569 1508 iustis
612 1442 974 1526 debitisque
1011 1446 1303 1526 ereptam
1338 1442 1534 1528 fugae
1562 1442 2021 1526 solitudinique
2054 1443 2393 1508 mandare?

514 1529 773 1614 ‘Refer',
816 1531 1052 1615 inquis,
1101 1531 1207 1596 ‘ad
1253 1531 1605 1616 senatum’3
1648 1532 1716 1596 id
1763 1531 1935 1596 enim
1982 1535 2292 1614 postulas
2332 1535 2443 1611 et‚1s

380 1622 439 1687 si
481 1620 588 1685 hic
635 1619 791 1684 ordo
842 1620 1021 1700 [sibi]
1069 1621 1327 1704 placere
1376 1621 1737 1685 decreverit
1780 1623 1847 1684 te
1882 1620 1979 1684 ire
2014 1620 2087 1685 in
2130 1621 2395 1696 exilium,

379 1711 980 1795 optemperaturum
1025 1712 1092 1772 te
1139 1731 1281 1772 esse
1336 1708 1513 1773 dicis.
1586 1707 1737 1773 Non
1781 1707 2083 1793 referam,
2128 1709 2205 1773 id
2254 1707 2396 1793 quod

379 1799 688 1864 abhorret
733 1819 774 1860 a
819 1798 980 1861 meis
1029 1797 1346 1880 moribuS,
1406 1801 1472 1861 et
1516 1801 1741 1862 tamen
1782 1796 2053 1881 faciam,
2110 1802 2193 1862 ut
2240 1796 2397 1862 intel·

381 1887 589 1972 legas,
653 1884 807 1971 quid
868 1884 940 1949 hi
1004 1884 1080 1949 de
1146 1888 1213 1951 te
1278 1886 1583 1953 sentiant.
1688 1884 2016 1971 Egredere
2087 1907 2169 1950 ex
2238 1886 2395 1965 urbe,

383 1974 694 2057 Catilina,
757 1973 964 2038 libera
1017 1996 1155 2039 rem
1215 1975 1546 2059 publicam
1602 1979 1803 2056 metu,
1866 1974 1936 2037 in
1993 1974 2301 2056 exilium,
2356 1974 2453 2036 sim

381 2065 547 2129 hanc
591 2084 816 2127 vocem
863 2066 1180 2146 expectas,
1224 2063 1648 2147 proficiscere.
1716 2062 1883 2138 Quid
1920 2066 2042 2147 est,
2082 2061 2399 2128 Catilina?

383 2152 609 2237 ecquid
657 2151 960 2233 attendis,
995 2151 1222 2235 ecquid
1261 2152 1719 2216 animadvertis
1756 2150 1992 2215 horum
2032 2151 2399 2216 silentium?

381 2241 755 2323 Patiuntur,
819 2242 1056 2303 tacent.
1166 2238 1333 2315 Quid
1406 2244 1705 2324 expectas
1780 2240 2255 2305 auctoritatem
2328 2241 2402 2303 lo·

383 2329 743 2414 quentium,
816 2349 1092 2411 quorum
1155 2329 1561 2393 voluntatem
1632 2328 1981 2393 tacitorum
2048 2328 2451 2469 perspicis?²5

382 2421 476 2481 At
520 2417 576 2481 si
619 2417 744 2481 hoc
788 2415 959 2481 idem
1004 2416 1155 2480 huic
1201 2406 1598 2482 adulescenti
1644 2416 1909 2500 optimo,
1956 2414 2027 2481 P.
2078 2417 2402 2501 Sestio‚s1

381 2505 737 2570 fortissimo
785 2504 956 2605 viro,
1001 2503 1085 2569 M.
1123 2503 1452 2588 Marcello,
1499 2505 1824 2587 dixissem,
1869 2505 2004 2569 iam
2053 2506 2229 2571 mihi
2276 2526 2403 2571 con-

385 2593 509 2657 suli
563 2592 689 2657 hoc
734 2593 876 2675 ipso
931 2592 1001 2656 in
1055 2594 1299 2677 templo
1356 2594 1496 2657 iure
1556 2594 1803 2677 optimo
1852 2596 2125 2659 senatus
2172 2595 2313 2659 vim
2353 2596 2403 2655 et

383 2703 612 2746 manus
668 2680 1014 2746 intulisset.
1104 2680 1204 2745 De
1259 2686 1327 2745 te
1374 2686 1621 2765 autem,
1678 2680 1985 2765 Catilina,
2042 2704 2201 2747 cum
2252 2682 2401 2767 quie·

387 2771 594 2851 scunt,
637 2770 939 2853 probant,
986 2790 1130 2834 cum
1167 2770 1524 2854 patiuntur,
1572 2770 1941 2853 decernunt,
1987 2791 2140 2835 cum
2176 2772 2401 2847 tacent

383 2857 698 2941 clamant,
742 2878 951 2940 neque
995 2857 1066 2921 hi
1113 2858 1359 2941 solum,
1414 2880 1688 2943 quorum
1733 2858 1857 2923 tibi
1904 2860 2279 2924 auctoritas
2324 2861 2449 2922 est!t

383 2945 682 3011 videlicet
735 2967 914 3029 cara,
975 2946 1112 3010 vita
1166 2945 1511 3031 vilissima,
1570 2946 1684 3011 sed
1740 2947 1940 3011 etiam
1998 2948 2106 3012 illi
2167 2948 2403 3032 equites

382 3033 688 3117 Romani,
769 3033 1213 3099 honestissimi
1288 3038 1482 3118 atque
1556 3035 1786 3119 optimi
1852 3035 2004 3120 viri,
2089 3036 2403 3119 ceterique

381 3121 728 3187 fortissimi
793 3122 993 3205 cives,
1059 3123 1170 3207 qui
1245 3122 1673 3189 circumstant
1740 3128 2071 3208 senatum,
2144 3144 2405 3209 quorum

383 3214 459 3274 tu
532 3214 600 3275 et
668 3210 1102 3294 frequentiam
1185 3210 1400 3275 videre
1474 3215 1541 3277 et
1614 3212 1831 3277 studia
1905 3213 2285 3298 perspicere
2356 3216 2407 3274 et

383 3318 574 3363 voces
647 3299 846 3381 paulo
925 3302 1075 3362 ante
1150 3299 1450 3364 exaudire
1524 3300 1818 3385 potuisti.
1928 3298 2225 3375 Quorum
2303 3320 2407 3385 ego
2428 3310 2457 3349 ἓ

385 3385 492 3447 vix
561 3385 677 3450 abs
741 3388 808 3449 te
871 3385 1005 3450 iam
1070 3386 1178 3450 diu
1246 3409 1477 3452 manus
1544 3410 1620 3454 ac
1684 3390 1819 3453 tela
1877 3390 2213 3473 contineo,
2286 3410 2407 3452 eos·

387 3470 530 3534 dem
585 3471 775 3537 facile
831 3473 1170 3558 adducam,
1223 3479 1300 3539 ut
1358 3480 1425 3540 te
1479 3476 1669 3562 haec,
1740 3498 1905 3560 quae
1962 3482 2229 3543 vastare
2290 3478 2407 3540 iam
