2534 3875
401 199 532 264 328
961 197 1105 254 PRO
1141 197 1201 253 L.
1240 196 1553 253 MURENA
1590 197 1887 254 ORATIO.

398 343 568 409 illud
613 347 716 410 est
764 366 958 429 quam
1004 343 1145 408 tibi.
1239 341 1366 408 Sed
1412 343 1470 407 si
1513 342 1693 407 illius
1740 342 2142 409 comitatem
2192 347 2264 408 et
2302 341 2427 409 faci·

399 433 659 498 litatem
722 434 877 498 tuae
939 431 1255 518 gravitati
1322 430 1783 516 severitatique
1846 433 2255 515 asperseriS,
2321 454 2426 496 non

398 520 532 586 ista
587 520 846 605 quidem
901 524 1092 584 erunt
1146 519 1446 603 meliora,
1511 541 1675 604 quae
1726 541 1903 586 nunc
1962 523 2131 585 sunt
2188 520 2425 606 optima,

404 609 518 674 sed
563 611 737 674 certe
773 608 1036 673 condita
1071 607 1427 673 iucundius.

537 695 770 780 Quare,
813 700 890 762 ut
936 696 1019 761 ad
1054 695 1139 780 id,
1184 695 1359 780 quod
1395 695 1670 776 institui,
1714 699 2037 780 revertar,
2086 697 2263 762 tolle
2296 697 2463 761 mihjs

406 807 441 849 e
478 807 674 852 causa
710 806 950 850 nomen
986 782 1275 869 Catonis,
1311 805 1572 848 remove
1610 785 2141 868 [praetermitte]
2186 787 2422 851 auctori-

400 877 636 957 tatem,
673 895 836 957 quae
871 873 942 936 in
978 872 1234 937 iudiciis
1274 875 1387 936 aut
1421 871 1588 937 nihil
1624 871 1844 938 valere
1882 876 2005 936 aut
2044 873 2141 937 ad
2180 875 2419 938 salutem

404 961 598 1026 debet
667 961 912 1045 valere,
999 959 1389 1045 congredere
1472 981 1722 1024 mecum
1795 960 2203 1027 criminibus
2274 961 2417 1047 ipsis,

403 1047 572 1124 Quid
637 1070 931 1132 accusas,
995 1046 1190 1130 Cato,
1253 1047 1409 1133 quid
1470 1047 1685 1113 adfers
1742 1047 1826 1112 ad
1880 1048 2243 1134 iudicium,
2304 1049 2417 1134 quid

406 1137 675 1223 arguis?
765 1136 1110 1202 Ambitum
1157 1157 1451 1219 accusas3
1504 1157 1637 1201 non
1685 1135 1985 1202 defendo.
2078 1136 2204 1203 Me
2247 1159 2415 1222 repre
2432 1151 2457 1188 1⁸

405 1224 664 1306 hendis,
738 1225 908 1309 quod
973 1224 1144 1288 idem
1211 1223 1582 1308 defendam,
1647 1223 1819 1308 quod
1884 1225 2041 1310 lege
2110 1226 2417 1311 punierim.

405 1312 644 1378 Punivi
670 1313 1007 1395 ambitum,
1034 1333 1167 1377 non
1193 1312 1662 1394 innocentiam3
1691 1312 2023 1377 ambitum
2051 1336 2225 1380 vero
2242 1317 2416 1400 ipsum

404 1402 509 1466 vel
555 1405 769 1467 tecum
815 1401 1153 1486 accusabo,
1201 1401 1258 1465 si
1303 1400 1504 1466 voles.
1574 1399 1819 1465 Dixisti
1866 1405 2157 1466 senatus
2206 1401 2417 1468 consul-

403 1493 546 1554 tum
601 1511 706 1554 me
760 1489 1080 1553 referente
1127 1509 1268 1553 esse
1312 1487 1589 1572 factum,
1642 1488 1701 1552 si
1746 1489 2052 1554 mercede
2103 1490 2415 1575 [corrupti]

405 1577 668 1642 obviam
722 1577 1083 1642 candidatis
1138 1578 1369 1658 issent,
1424 1577 1484 1641 si
1535 1576 1832 1658 conducti
1890 1583 2340 1661 sectarentur,
2380 1577 2461 1639 sit-¹»

405 1665 880 1752 gladiatoribus
939 1666 1194 1752 [vulgo]
1253 1665 1436 1729 locus
1492 1664 1796 1729 tributim
1840 1668 1911 1729 ot
1954 1665 2136 1731 item
2186 1666 2419 1753 prandia
2486 1673 2488 1680 '

404 1753 461 1818 si
504 1754 706 1840 vulgo
744 1756 962 1818 essent
999 1753 1171 1837 data,
1217 1756 1445 1818 contra
1479 1753 1688 1838 legem
1728 1749 2175 1836 Calpurniam
2212 1757 2421 1821 factum

401 1841 626 1906 videri.
723 1841 904 1927 Ergo
915 1892 933 1925 ,
995 1842 1092 1906 ita
1157 1844 1420 1906 senatus
1486 1841 1545 1905 si
1599 1840 1869 1924 iudicat,
1934 1846 2190 1908 contra
2246 1845 2421 1928 legem

402 1930 578 1997 facta
631 1929 792 1995 haec
844 1929 1078 2014 videri,
1133 1930 1191 1994 si
1243 1929 1422 1995 facta
1468 1928 1628 2014 sint,
1683 1927 1997 2013 decernit,
2058 1932 2251 2015 quod
2290 1929 2419 1996 nihil

405 2041 567 2104 opus
614 2023 740 2103 est,
795 2018 948 2083 dum
995 2018 1357 2083 candidatis
1404 2039 1652 2083 morem
1698 2017 1899 2101 gerit3
1953 2040 2159 2103 nam,
2206 2020 2467 2086 factumn

404 2107 492 2171 sit
543 2129 772 2191 necne,
826 2106 1243 2171 vehementer
1288 2106 1648 2191 quaeritur3
1702 2105 1759 2170 si
1802 2105 2062 2171 factum
2113 2109 2247 2193 sit,
2298 2108 2421 2193 quin

294 2209 366 2260 68
406 2200 633 2261 contra
685 2197 898 2281 legem
954 2195 1070 2278 sit,
1124 2195 1423 2261 dubitare
1473 2214 1665 2259 nemo
1718 2196 1958 2279 potest.
2056 2194 2203 2260 Est
2256 2198 2424 2282 igitus

402 2283 774 2366 ridiculum,
827 2283 1000 2368 quod
1055 2287 1157 2348 est
1213 2282 1509 2366 dubium,
1558 2281 1629 2345 id
1681 2281 2057 2367 relinquere
2106 2284 2421 2361 incertum,

405 2372 578 2457 quod
621 2372 867 2437 nemini
912 2370 1178 2436 dubium
1223 2374 1447 2456 potest
1492 2390 1661 2453 esse,
1703 2369 1771 2434 id
1814 2369 2137 2437 iudicare.
2237 2372 2421 2457 Atque

401 2459 470 2523 id
517 2460 880 2526 decernitur
927 2458 1226 2524 omnibus
1272 2457 1761 2543 postulantibus
1808 2457 2215 2543 candidatiS,
2260 2466 2331 2526 ut
2364 2468 2467 2521 ex*

409 2552 673 2612 senatus
719 2548 1020 2613 consulto
1065 2568 1303 2631 neque,
1358 2545 1539 2612 cuius
1585 2545 1875 2629 intersit,
1918 2566 2178 2632 neque,
2226 2551 2419 2614 contra

406 2656 598 2719 quem
653 2635 767 2718 sit,
820 2635 1120 2721 intellegi
1173 2634 1403 2719 possit.
1494 2633 1707 2710 Quare
1752 2633 1911 2698 doce
1956 2655 1999 2697 a
2044 2633 2123 2699 L.
2176 2634 2419 2701 Murena

402 2722 521 2787 illa
583 2744 724 2787 esse
787 2723 1161 2805 commissa3
1225 2726 1368 2788 tum
1430 2724 1691 2807 egomet
1751 2721 1878 2786 tibi
1932 2725 2181 2789 contra
2236 2724 2417 2809 legem

403 2811 752 2879 commissa
798 2832 936 2875 esse
982 2810 1350 2877 concedam.

297 2899 385 2965 33
539 2898 759 2965 ‘Multi
815 2898 1076 2964 obviam
1129 2898 1511 2984 prodierunt
1555 2898 1633 2963 de
1676 2896 2014 2983 provincia
2060 2894 2415 2965 decedenti?
2430 2908 2467 2949 ³·

405 2987 828 3055 Consulatum
876 2989 1128 3070 petenti
1175 2986 1347 3051 solet
1398 2986 1571 3069 fieri3
1615 2986 1789 3051 eccui
1845 2989 2069 3050 autem
2112 3008 2261 3052 non
2298 3008 2415 3071 pro-

405 3078 580 3142 ditur
651 3074 1047 3141 revertenti?
1139 3072 1341 3150 ‘Quae
1403 3074 1529 3139 fuit
1589 3073 1719 3138 ista
1782 3073 2219 3139 multitudo?
2302 3072 2415 3138 Pri·

407 3186 604 3247 mum,
653 3163 710 3228 si
745 3162 876 3227 tibi¹
905 3163 1102 3227 istam
1137 3162 1462 3227 rationem
1496 3182 1631 3226 non
1664 3161 1912 3243 possim
1948 3161 2244 3247 reddere,
2286 3159 2415 3245 quid

404 3251 606 3316 habet
643 3250 1094 3315 admirationis
1129 3249 1250 3314 tali
1287 3250 1429 3315 viro
1467 3248 1856 3333 advenienti,
1900 3249 2255 3315 candidato
2290 3270 2413 3314 con·

407 3339 628 3421 sulari,
666 3337 925 3402 obviam
953 3336 1246 3422 prodisse
1277 3336 1566 3403 multos?
1605 3336 1777 3421 quod
1803 3336 1932 3401 nisi
1958 3340 2138 3401 esset
2166 3338 2411 3402 factum.
2428 3344 2465 3387 *ὅ

299 3436 368 3487 69
404 3425 612 3506 magis
686 3424 1049 3489 mirandum
1121 3424 1469 3490 videretur.
1577 3421 1789 3499 Quid?
1863 3424 1921 3488 si
1990 3425 2201 3489 etiam
2266 3422 2413 3487 illud
2477 3474 2478 3508 ἡ

407 3509 666 3594 addam,
726 3510 899 3595 quod
961 3533 1002 3576 a
1063 3512 1527 3579 consuetudine
1580 3531 1713 3577 non
1768 3510 2107 3595 abhorret,
2164 3514 2413 3599 rogatos

293 753 365 801 o?
