2534 3875
300 200 435 264 484
588 199 686 253 DE
721 197 930 254 DOMO
971 199 1110 254 SUA
1149 198 1247 254 AD
1287 198 1718 255 PONTIFICES
1757 199 2050 255 ORATIO.

299 341 582 411 Romani
646 344 902 410 viderer
966 367 1163 429 quam
1218 346 1308 409 ad
1359 344 1948 409 administrandam
2004 345 2358 410 civitatem

300 436 661 499 restitutus

196 539 265 586 '22
436 522 629 587 Hunc
666 526 741 587 tu
779 522 997 604 etiam,
1034 524 1420 606 portentosa
1456 522 1681 606 pestiS,
1719 522 1972 586 exulem
2005 523 2356 606 appellare

302 633 499 676 ausus
530 632 620 694 es,
655 632 803 676 cum
832 611 1039 674 tantis
1070 610 1420 675 sceleribus
1451 631 1626 674 esses
1658 614 1724 674 et
1749 610 2024 696 flagitiis
2051 615 2356 692 notatuS‚

301 704 377 763 ut
423 721 681 765 omnem
728 699 972 780 locum,
1020 720 1148 782 quo
1196 698 1472 782 adisses,
1518 698 1694 762 exilii
1743 699 2150 763 simillimum
2197 698 2354 762 red·
2381 714 2410 754 5

304 788 533 852 deres‘?
626 787 796 863 Quid
852 791 955 850 est
1011 785 1185 850 enim
1242 786 1438 850 exul?
1528 786 1752 871 Ipsum
1813 809 1934 870 per
1988 809 2056 852 se
2101 809 2356 853 nomen

302 876 715 958 calamitatis,
752 897 885 939 non
920 874 1364 958 turpitudinis
1427 873 1698 949 Quando
1741 876 1947 961 igitur
1975 879 2077 940 est
2104 876 2354 960 turpe?

302 965 398 1029 Re
438 986 613 1048 vera,
649 986 798 1028 cum
835 967 937 1027 est
972 985 1185 1047 poena
1221 963 1492 1047 peccati,
1531 963 1835 1047 opinione
1875 968 2095 1028 autem
2132 963 2348 1028 homi-

302 1075 461 1117 num
509 1053 728 1135 etiam,
776 1050 833 1115 si
881 1055 983 1114 est
1027 1073 1239 1135 poena
1286 1052 1593 1116 damnati.
1664 1051 1904 1117 Utrum
1951 1052 2158 1136 igitur
2194 1073 2352 1136 pec-

304 1145 453 1207 cato
492 1162 637 1204 meo
675 1161 915 1204 nomen
952 1141 1153 1204 subeo
1193 1162 1278 1204 an
1314 1161 1385 1204 re
1421 1139 1748 1205 iudicata?
1812 1140 2134 1205 Peccato‘?
2199 1139 2351 1205 Iam
2381 1158 2433 1197 10

307 1251 514 1312 neque
580 1233 653 1293 tu
715 1228 783 1292 id
852 1228 1059 1292 dicere
1128 1229 1325 1292 audes
1336 1278 1353 1310 ,
1419 1250 1610 1312 quem
1675 1228 1788 1293 isti
1854 1229 2179 1294 satellites
2247 1229 2352 1293 tui

306 1317 587 1381 ‘felicem
625 1315 1001 1381 Catilinam'
1048 1317 1414 1400 nominant,
1448 1338 1658 1401 neque
1706 1318 2052 1402 quisquam
2100 1339 2350 1400 eorum,

307 1405 417 1490 qui
458 1405 778 1469 solebant.
842 1405 998 1470 Non
1034 1405 1227 1469 modo
1265 1405 1399 1469 iam
1434 1427 1624 1470 nemo
1665 1410 1766 1469 est
1802 1409 1941 1470 tam
1976 1405 2350 1491 imperitus,

306 1495 418 1578 qui
455 1515 548 1579 ea,
587 1515 751 1578 quae
789 1494 967 1578 gessi
999 1493 1070 1556 in
1107 1493 1471 1576 consulatu,
1515 1497 1784 1578 peccata
1821 1516 1961 1558 esse
1998 1494 2194 1578 dicat,
2233 1494 2349 1558 sed

308 1603 500 1647 nemo
549 1587 651 1647 est
695 1586 833 1647 tam
868 1581 1171 1647 inimicus
1209 1583 1484 1666 patriae,
1532 1583 1642 1665 qui
1678 1603 1812 1647 non
1849 1583 2011 1647 meis
2050 1583 2346 1647 consiliis
2376 1598 2431 1638 15

198 1649 285 1713 23
237 1671 593 1776 3patriam
639 1674 1088 1736 conservatam
1137 1691 1278 1734 esse
1323 1669 1628 1734 fateatur.
1703 1668 1888 1745 Quod
1927 1671 2098 1735 enim
2136 1674 2241 1735 est
2277 1672 2349 1735 in

237 1728 502 1823 3terris
557 1781 901 1825 commune
955 1761 1215 1823 tantum
1272 1759 1685 1823 tantulumve
1741 1759 2110 1843 consilium,
2171 1761 2346 1843 quod

305 1869 439 1912 non
485 1847 562 1911 de
609 1848 771 1912 meis
818 1847 1013 1911 rebus
1062 1847 1267 1933 gestis
1317 1868 1418 1929 ea,
1475 1868 1640 1931 quae
1687 1846 1849 1912 mihi
1896 1851 2113 1912 essent
2158 1851 2346 1933 opta-

306 1935 566 2001 tissima
621 1941 688 2001 et
740 1934 1204 2023 pulcherrima,
1258 1935 1606 2001 iudicarit?
1700 1934 2039 2001 Summum
2085 1940 2189 2001 est
2232 1959 2345 2022 po-

306 2024 446 2110 puli
510 2024 791 2090 Romani
853 2026 1371 2110 populorumque
1437 2028 1504 2089 et
1567 2025 1861 2109 gentium
1927 2024 2216 2089 omnium
2271 2046 2348 2091 ac
2374 2044 2432 2083 20

307 2135 538 2199 regum
582 2113 930 2179 consilium
968 2117 1258 2196 senatus3
1309 2113 1612 2197 decrevit,
1657 2117 1732 2177 ut
1770 2135 2012 2196 omnes,
2051 2114 2163 2198 qui
2201 2136 2344 2178 rem

307 2202 640 2286 publicam
706 2202 953 2267 salvam
1020 2222 1161 2266 esse
1224 2201 1494 2285 vellent,
1560 2202 1642 2266 ad
1707 2224 1810 2266 me
1875 2224 2074 2267 unum
2132 2202 2344 2267 defen-

310 2290 588 2354 dendum
637 2290 961 2373 venirent,
1022 2289 1434 2373 ostenditque
1480 2311 1599 2355 nec
1645 2294 1820 2355 stare
1866 2291 2158 2373 potuisse
2206 2313 2342 2355 rem

311 2379 660 2463 publicam,
707 2378 764 2442 si
802 2398 923 2461 ego
962 2399 1096 2442 non
1130 2377 1419 2461 fuissem,
1454 2400 1574 2443 nec
1609 2377 1901 2443 futuram
1939 2400 2080 2444 esse
2119 2379 2342 2464 ullam,

204 2482 272 2532 '14
310 2466 366 2530 si
429 2488 563 2531 non
626 2466 956 2531 redissem.
1057 2465 1403 2531 Proximus
1459 2470 1559 2531 est
1613 2465 1765 2532 huic
1820 2466 2128 2552 dignitati
2184 2468 2339 2533 ordo
2369 2486 2420 2526 25

311 2557 633 2638 equester3
672 2576 897 2620 omnes
936 2554 1226 2619 omnium
1264 2555 1676 2638 publicorum
1715 2557 2060 2620 societates
2091 2556 2169 2619 de
2199 2578 2341 2621 meo

309 2643 652 2707 consulatu
710 2665 785 2708 ac
840 2643 917 2707 de
973 2644 1136 2707 meis
1190 2643 1385 2707 rebus
1434 2644 1638 2728 gestis
1687 2644 2097 2728 amplissima
2146 2647 2339 2728 atque

312 2730 733 2795 ornatissima
788 2730 1047 2796 decreta
1099 2730 1409 2795 fecerunt.
1500 2728 1791 2817 Scribae,
1846 2732 1959 2816 qui
2002 2732 2341 2797 nobiscum

312 2820 382 2883 in
426 2819 793 2883 rationibus
842 2820 1411 2903 monumentisque
1456 2820 1736 2905 publicis
1788 2826 2154 2906 versantur,
2207 2843 2339 2886 non

314 2907 661 2972 obscurum
716 2908 793 2972 de
850 2907 1011 2971 meis
1068 2908 1139 2971 in
1191 2929 1330 2971 rem
1386 2908 1719 2993 publicam
1773 2909 2104 2974 beneficiis
2153 2931 2338 2975 suum
2364 2928 2411 2967 8⁰

311 2995 621 3060 iudicium
671 2996 1124 3079 decretumque
1172 3017 1314 3060 esse
1359 2996 1724 3063 voluerunt.
1807 2996 2081 3062 Nullum
2127 3001 2230 3061 est
2273 2999 2340 3062 in

312 3084 434 3149 hac
479 3086 639 3149 urbe
686 3084 1065 3169 collegium,
1110 3085 1280 3147 nulli
1325 3086 1565 3169 pagani
1613 3091 1727 3149 aut
1772 3085 2096 3171 montani,
2143 3108 2337 3170 quon-

310 3172 445 3237 iam
482 3173 698 3257 plebei
736 3193 990 3258 quoque
1027 3173 1318 3237 urbanae
1346 3172 1625 3239 maiores
1652 3174 1865 3239 nostri
1895 3173 2336 3239 conventicula

314 3263 380 3324 et
446 3261 635 3344 quasi
700 3261 976 3327 concilia
1041 3261 1360 3344 quaedam
1416 3283 1556 3326 esse
1611 3263 1980 3345 voluerunt,
2045 3263 2158 3346 qui
2213 3284 2336 3328 non

315 3349 718 3434 amplissime
772 3372 906 3415 non
962 3349 1154 3414 modo
1212 3350 1289 3414 de
1353 3351 1565 3415 salute
1623 3373 1793 3433 mea,
1849 3350 1963 3416 sed
2019 3351 2218 3415 etiam
2261 3351 2334 3416 de
2361 3369 2403 3410 ³⁵

210 3453 277 3500 75
317 3435 637 3521 dignitate
684 3438 1103 3502 decreverint.
1174 3436 1350 3503 Nam
1387 3439 1537 3522 quid
1577 3460 1698 3523 ego
1736 3440 1856 3505 illa
1893 3440 2111 3505 divina
2148 3443 2334 3525 atque

314 3522 717 3590 immortalia
800 3526 1300 3611 municipiorum
1383 3531 1449 3591 et
1523 3528 1926 3594 coloniarum
1999 3534 2068 3594 et
2140 3530 2332 3594 totius
