2534 3875
574 120 729 177 CAP.
768 128 976 176 29—31
1019 128 1048 188 ὅ
1087 127 1319 177 84-89.
1876 123 1961 189 67

47 266 160 353 qui
203 288 418 331 meam
473 264 792 330 familiam
839 266 916 331 de
973 287 1117 331 meo
1173 265 1376 335 fundo
1422 267 1723 346 deiecerit,
1776 288 1855 333 ex
1897 288 1965 333 eo

0 378 21 422 ε
70 358 196 421 loco
242 352 572 437 deiecerit3
629 354 686 417 si
732 354 844 438 qui
889 354 1053 418 mihi
1105 359 1371 439 praesto
1428 354 1627 421 fuerit
1670 378 1819 421 cum
1866 378 1965 421 ar-

0 444 130 510 atis
174 440 550 507 hominibus
598 445 796 506 extra„
838 463 1054 506 meum
1106 442 1381 507 fundum
1427 447 1495 507 et
1540 465 1643 508 me
1688 444 1964 509 introire

0 530 368 613 ‘ohibuerit,
410 551 545 595 non
589 550 677 595 ex
723 551 829 614 eo,
874 530 988 595 sed
1035 530 1127 595 ab
1175 551 1251 596 eo
1299 530 1444 597 loco
1491 553 1597 596 me
1645 531 1965 597 deiecerit.

0 622 30 686 1
79 621 246 685 haec
289 619 415 684 duo
463 639 705 705 genera
737 641 958 683 rerum
995 641 1194 683 unum
1239 620 1537 703 verbum,
1582 620 1758 705 quod
1804 621 1966 685 satis

0 710 293 775 olai-aret
337 710 646 790 utrasque
692 728 815 791 res,
857 707 1264 788 invenerunt,
1310 711 1410 791 ut,
1456 707 1592 774 sive
1640 730 1718 773 ex
1762 707 1965 774 fundo

0 819 65 862 re
113 818 159 861 a
199 793 402 860 fundo
450 794 735 859 deiectus
782 817 1019 877 essem,
1075 817 1203 860 uno
1252 800 1449 880 atque
1496 797 1723 863 eodem
1768 798 1966 864 inter·

0 889 103 952 zto
162 882 544 948 restituerer
598 880 840 947 ‘UNDE
900 882 1043 949 TU’.
1151 882 1297 949 Hoc
1359 884 1633 971 verbum
1694 884 1965 951 ‘UNDE’

0 993 283 1055 rumque
347 970 665 1053 declarat,
730 975 798 1036 et
848 992 927 1035 ex
992 993 1119 1058 quo
1175 972 1320 1037 loco
1387 976 1455 1037 et
1512 995 1553 1038 a
1607 995 1736 1057 quo
1799 974 1965 1039 loco.

0 1062 116 1126 ide
159 1060 442 1124 deiectus
491 1062 591 1123 est
629 1057 881 1125 Cinna?
954 1060 1057 1124 Ex
1103 1060 1280 1126 urbe.
1356 1058 1542 1126 Unde
1580 1060 1963 1127 Telesinus?

0 1174 28 1215 2>
80 1149 268 1214 urbe.
357 1145 544 1211 Unde
601 1147 835 1213 deiecti
895 1146 1116 1213 Galli?
1198 1148 1263 1213 A
1320 1146 1666 1232 Capitolio.
1757 1148 1965 1232 Unde,

4 1240 31 1302 i
75 1259 230 1303 cum
268 1234 562 1300 Graccho
600 1233 910 1301 fuerunt?
973 1236 1075 1300 Ex
1112 1234 1460 1319 Capitolio.
1543 1237 1856 1303 Videtis
1836 1237 1962 1324 igi·
2000 1257 2068 1305 35

0 1348 27 1392 r
78 1326 213 1390 hoc
259 1345 386 1389 uno
428 1323 628 1388 verbo
676 1323 946 1390 ‘UNDE'
994 1324 1352 1411 significari
1395 1346 1499 1389 res
1548 1325 1727 1410 duas,
1772 1328 1839 1391 et
1885 1347 1964 1390 ex

2 1437 52 1480 o
96 1416 169 1478 et
207 1435 247 1477 a
283 1433 429 1496 quo.
502 1410 667 1476 Cum
706 1416 927 1477 autem
964 1434 1039 1477 eo
1077 1412 1336 1477 restitui
1373 1412 1572 1491 iubet,
1618 1414 1716 1478 ita
1748 1411 1932 1479 iubet
1932 1417 2068 1498 ,(85l

41 1501 107 1567 si
159 1499 337 1565 Galli
384 1522 424 1565 a
469 1499 826 1565 maioribus
862 1500 1109 1565 nostris
1154 1502 1585 1585 postularent,
1629 1505 1707 1566 ut
1742 1523 1818 1567 eo
1865 1523 1963 1567 re·

0 1593 376 1672 tuerentur,
412 1588 582 1653 unde
621 1588 853 1653 deiecti
890 1592 1125 1672 essent,
1170 1592 1238 1653 et
1276 1588 1495 1672 aliqua
1533 1590 1597 1654 vi
1631 1588 1759 1656 hoc
1795 1611 1965 1655 asse-

0 1680 28 1745 i
83 1680 388 1763 possent,
434 1698 592 1760 non,
639 1677 896 1763 opinor,
952 1698 1064 1742 eos
1110 1678 1182 1742 in
1225 1676 1620 1761 cuniculum,
1678 1699 1808 1762 qua
1852 1698 1964 1763 ag-

0 1765 142 1834 essi
186 1768 385 1848 erant,
424 1764 538 1829 sed
574 1765 644 1829 in
672 1765 1070 1851 Capitolium
1109 1766 1373 1829 restitui
1406 1769 1760 1866 oporteret.
1820 1764 1966 1831 Hoc

0 1856 102 1922 im
141 1852 581 1939 intellegitur:
619 1871 840 1918 UNDE
877 1868 1329 1937 Dmssclsm,
1366 1853 1503 1918 sive
1541 1876 1617 1919 ex
1653 1875 1779 1939 quo
1817 1854 1962 1920 loco

0 1967 60 2011 θ
113 1966 159 2007 a
206 1964 332 2026 quo
379 1943 550 2026 loco,
604 1960 707 2009 Eo
755 1959 1226 2018 RESTITUAS.
1310 1904 1463 2008 'Hoc
1508 1942 1641 2008 iam
1688 1943 1963 2028 simplex

0 2058 48 2117 ι,
101 2032 179 2096 in
234 2052 380 2094 eum
434 2031 651 2096 locum
706 2032 1045 2095 restituas:
1094 2033 1233 2096 sive
1289 2053 1369 2096 ex
1411 2031 1539 2097 hoc
1593 2032 1739 2097 loco
1789 2031 1956 2096 deie-

4 2121 93 2203 ti,
134 2118 411 2183 restitue
447 2118 518 2183 in
552 2119 725 2185 hunc
761 2120 992 2203 locum,
1036 2118 1172 2184 sive
1211 2119 1294 2184 ab
1330 2119 1457 2184 hoc
1492 2119 1657 2203 loco,
1693 2121 1964 2184 restitue

28 2229 200 2274 eum
253 2206 496 2290 locum,
547 2229 680 2271 non
725 2229 805 2271 ex
860 2229 1017 2291 quo,
1072 2207 1186 2272 sed
1232 2230 1273 2272 a
1318 2229 1445 2293 quo
1507 2207 1790 2273 deiectus
1844 2210 1962 2272 est.

11 2350 34 2380 ,
93 2296 158 2360 si
207 2295 342 2379 qui,
389 2316 467 2359 ex
514 2295 650 2360 alto
697 2317 843 2360 cum
890 2296 970 2361 ad
1018 2295 1305 2380 patriam
1352 2296 1758 2379 accessisset,
1804 2298 1963 2360 tem·

0 2387 194 2454 state
230 2381 448 2447 subito
483 2383 762 2448 reiectus
801 2387 1080 2467 optaret,
1115 2387 1209 2466 ut,
1246 2405 1395 2448 cum
1434 2405 1474 2448 a
1506 2383 1725 2468 patria
1762 2383 1964 2448 deiec-

0 2501 15 2542 ι
79 2475 279 2556 esset,
325 2493 402 2536 eo
448 2472 917 2554 restitueretur,
963 2472 1114 2555 hoc,
1161 2471 1409 2554 opinor,
1462 2475 1740 2555 optaret,
1786 2475 1879 2555 ut,
1924 2494 1965 2537 a

0 2586 44 2629 ο
90 2562 245 2624 loco
286 2559 591 2643 depulsus
629 2563 818 2642 esset,
863 2561 934 2623 in
970 2581 1118 2624 eum
1157 2581 1226 2624 se
1266 2558 1535 2624 fortuna
1570 2560 1965 2643 restitueret,

0 2676 49 2717 n
98 2648 176 2713 in
214 2648 445 2729 salum,
491 2648 604 2713 sed
640 2647 711 2712 in
745 2649 957 2731 ipsam
993 2649 1241 2732 urbem,
1289 2670 1484 2732 quam
1519 2648 1806 2732 petebat,
1853 2649 1964 2729 sic,

0 2733 243 2806 oniam
288 2736 635 2801 verborum
683 2736 817 2800 vim
861 2735 1229 2802 necessario
1274 2736 1701 2801 similitudine
1746 2758 1964 2802 rerum

0 2846 351 2910 cupamur,
380 2824 491 2909 qui
517 2825 827 2908 postulat,
855 2830 945 2907 ut,
975 2849 1014 2889 a
1043 2846 1171 2908 quo
1201 2825 1347 2890 loco
1378 2823 1663 2890 deiectus
1694 2829 1812 2907 est,
1838 2824 1963 2890 hoc

0 2911 251 3003 ,unde
282 2911 564 2977 deiectus
594 2917 712 2997 est,
742 2934 816 2977 eo
846 2912 1251 2997 restituatur,
1281 2912 1407 2978 hoc
1433 2914 1748 2998 postulat,
1793 2913 1914 2978 ut
1895 2935 1964 2977 m
1984 2963 2064 3026 31

0 3028 71 3071 m
123 3003 349 3087 ipsum
386 3002 598 3065 locum
640 3000 1042 3066 restituatur.
1125 3000 1288 3066 Cum
1334 3001 1538 3066 verba
1582 3023 1702 3066 nos
1740 3022 1816 3065 eo
1856 3000 1965 3065 du·
2002 3042 2068 3090 39

0 3096 98 3175 at,
149 3095 296 3153 tum
332 3110 437 3152 res
482 3089 628 3173 ipsa
671 3089 795 3154 hoc
834 3088 1073 3154 sentire
1111 3094 1307 3174 atque
1344 3089 1729 3173 intellegere
1767 3088 1963 3174 cogit.

0 3177 216 3259 enim,
263 3175 435 3278 Piso,
471 3175 690 3260 (redeo
727 3199 898 3242 nunc
936 3177 1019 3242 ad
1055 3178 1174 3242 illa
1208 3177 1533 3263 principia
1570 3175 1964 3241 defensionis

0 3268 138 3349 ae)
191 3263 251 3329 si
299 3266 445 3349 quis
490 3268 558 3330 te
605 3287 682 3329 ex
729 3266 998 3330 aedibus
1044 3266 1176 3330 tuis
1219 3266 1287 3331 vi
1338 3264 1713 3330 hominibus
1760 3284 1965 3327 arma·

51 3352 402 3438 deiecerit,
449 3352 604 3437 quid
649 3353 851 3439 ages?
926 3352 1199 3438 Opinor,
1243 3354 1369 3420 hoc
1412 3351 1788 3432 interdicto,
1836 3373 1963 3436 quo

0 3471 29 3515 s
87 3441 204 3509 usi
240 3463 484 3528 sumuS,
527 3463 932 3526 persequere.
1015 3440 1226 3517 Quid?
1275 3443 1331 3506 si
1370 3441 1481 3526 qui
1517 3439 1649 3504 iam
1696 3438 1774 3503 de
1819 3439 1963 3504 foro

1573 3542 1647 3593 5*
