2534 3875
679 956 1230 1030 ADNOTATIO
1290 955 1765 1057 ORITIOA.*)

365 1214 453 1269 De
491 1213 778 1269 codicibus
816 1215 1084 1269 orationis
1119 1232 1236 1285 pro
1276 1216 1530 1283 Tullio,
1568 1216 1827 1286 palimps.
1867 1216 2136 1273 Taurin.
2176 1220 2236 1273 et

226 1286 552 1353 Ambros„
602 1284 746 1340 nihil
792 1284 994 1340 attinet
1039 1285 1240 1354 dicere,
1286 1285 1397 1340 nisi
1434 1286 1493 1341 in
1528 1286 1628 1341 illo
1663 1289 1796 1357 post
1830 1288 2139 1357 Peyronum
2176 1291 2236 1343 et

224 1357 515 1411 Kellerum
567 1372 750 1425 pauca
801 1355 1005 1425 legisse
1051 1356 1110 1411 P.
1147 1358 1494 1425 Kruegerum
1542 1357 1746 1425 (Herm.
1787 1358 1835 1411 V
1875 1378 1929 1428 p.
1972 1366 2072 1413 146
2111 1362 2232 1427 sq.),

225 1444 373 1495 quae
409 1426 541 1481 illos
577 1426 852 1495 fugerant.
919 1426 1208 1482 Editiones
1249 1426 1397 1481 infra
1430 1427 1657 1483 nomino
1693 1428 1931 1498 Baiteri,
1977 1428 2231 1500 Kayseri,

224 1496 418 1552 Klotzi
457 1497 728 1552 Teubner.
769 1497 1017 1553 alteram.

369 1624 428 1677 P.
469 1628 519 1675 2.
561 1628 588 1675 1
626 1622 921 1690 reciperat.
962 1620 1132 1683 Bait:
1179 1637 1313 1675 nam
1358 1620 1438 1675 sic
1486 1620 1605 1675 cod.
1636 1620 1684 1674 A
1718 1639 1771 1690 p.
1802 1629 1851 1676 6.
1884 1629 1912 1675 1
1952 1626 2011 1677 61
2049 1631 2138 1691 17,
2186 1624 2233 1677 Τ

226 1712 281 1763 p.
323 1698 370 1749 8.
410 1700 506 1758 25,
545 1699 593 1745 9.
634 1698 718 1757 29,
760 1698 839 1746 11.
879 1697 948 1745 24
985 1695 1044 1745 61
1079 1697 1146 1747 27
1185 1694 1243 1745 61
1279 1698 1363 1758 34,
1406 1698 1486 1745 12.
1528 1698 1559 1745 5
1597 1693 1655 1746 61
1692 1700 1740 1760 7,
1776 1710 1955 1761 recup.
1993 1696 2059 1750 A.
2088 1710 2142 1761 p.
2180 1700 2230 1747 3.

228 1770 324 1830 30,
368 1771 420 1818 4.
460 1768 554 1829 25,
589 1762 635 1815 T
674 1767 754 1817 15.
797 1768 878 1816 13.
962 1762 1027 1815 111
1079 1762 1281 1817 ceteris
1332 1764 1493 1816 oratt.
1534 1762 1659 1815 edd.
1698 1762 2023 1831 saepissime
2066 1763 2233 1818 taciti

228 1834 573 1904 scripserunt
615 1848 818 1901 recup„
861 1832 924 1885 in
958 1832 1114 1887 Vei-r.
1162 1833 1283 1894 cod.
1313 1832 1364 1885 V
1394 1832 1566 1887 semel
1609 1832 1783 1887 habet
1818 1836 1979 1903 recip.
2016 1852 2072 1903 p.
2110 1839 2259 1889 296.’

229 1912 314 1973 36,
353 1904 475 1960 cod.
505 1903 637 1972 Lag.
669 1910 735 1958 29
772 1921 827 1973 p.
857 1909 977 1958 481.
1017 1908 1066 1971 7,
1105 1905 1166 1957 61
1190 1902 1407 1959 Iordan.
1440 1921 1493 1973 p.
1514 1910 1634 1960 244.
1668 1910 1733 1958 13
1771 1904 1856 1960 ed.
1886 1904 1974 1961 Or.
1996 1904 2231 1960 eundem

228 1977 350 2032 cod.
399 1978 460 2029 et
494 1974 540 2027 B
579 1990 796 2044 semper
837 1974 1044 2028 habere
1087 1978 1250 2044 recip.
1289 1974 1373 2029 ait
1406 1974 1573 2040 fals03
1621 1975 1760 2030 mihi
1803 1977 1911 2030 hoc
1960 1993 2070 2030 uno
2108 1977 2231 2030 loco

225 2049 488 2101 notatum
525 2047 626 2100 est.
673 2045 738 2098 In
767 2043 986 2100 Caecin.
1015 2060 1158 2112 raro,
1195 2044 1429 2112 sexiens,
1459 2046 1577 2101 cod.
1606 2047 1651 2098 Ε
1683 2048 1742 2100 et
1766 2046 1972 2116 partim
2002 2047 2046 2100 T
2066 2049 2229 2114 recip.

225 2119 436 2172 habere
474 2116 747 2180 dicuntur,
783 2116 961 2170 multo
1001 2115 1222 2185 saepius
1258 2133 1460 2183 recup.;
1503 2117 1570 2170 cf.
1604 2117 1691 2170 ad.
1721 2134 1775 2185 p.
1809 2123 1927 2172 108.
1958 2123 2041 2171 22.
2072 2147 2138 2156 -
2169 2117 2229 2171 Ρ.

229 2197 278 2243 3.
311 2195 376 2243 19
419 2187 570 2241 Tulli
607 2189 666 2240 et
700 2186 818 2241 sim.
849 2186 909 2238 in
945 2185 1034 2239 his
1062 2201 1283 2254 quoque
1311 2188 1472 2240 oratt.
1505 2189 1619 2255 opt.
1650 2187 1829 2254 codd„
1870 2188 2043 2242 Tullii
2070 2187 2229 2254 edd.;

229 2259 319 2313 ad.
365 2276 420 2327 p.
463 2263 546 2312 75.
583 2263 669 2314 27.
707 2287 774 2298 -·
809 2256 869 2311 Ρ.
909 2264 957 2311 3.
989 2263 1054 2310 31
1099 2275 1168 2312 nc
1202 2257 1457 2312 Momms.
1506 2259 1650 2311 auct.
1690 2258 1817 2313 add.
1856 2255 2023 2326 KayS.
2064 2289 2129 2298 —
2168 2259 2228 2312 P.

227 2338 279 2384 4.
310 2337 345 2383 4
371 2331 693 2398 quicquam
722 2329 1044 2382 constanter
1071 2343 1190 2393 scr.,
1227 2329 1409 2396 quidq.
1436 2327 1579 2381 Bait.
1610 2329 1737 2394 tac„
1774 2330 1945 2398 quicq.
1980 2345 2033 2398 p.
2066 2333 2148 2382 12.
2178 2333 2228 2395 3,

231 2407 354 2456 117.
384 2408 433 2467 3,
472 2405 592 2454 393.
627 2404 708 2465 18,
744 2415 847 2468 pro
884 2399 1044 2454 Font.
1074 2397 1256 2452 Halm.
1288 2400 1346 2452 et
1371 2399 1536 2466 Kays.
1566 2401 1764 2466 quater
1789 2400 1961 2468 quicq.
1993 2415 2023 2452 e
2050 2398 2229 2465 codd,

227 2471 396 2524 Klotz
439 2471 620 2538 quidq.
666 2471 731 2522 ut
775 2485 1008 2538 semper,
1053 2485 1153 2536 pro
1191 2467 1348 2523 Caec.
1388 2469 1603 2522 sexiens
1650 2469 1769 2526 cod.
1809 2469 1869 2536 T,
1910 2470 2082 2524 semel
2116 2470 2227 2538 pal.

227 2542 292 2609 P,
319 2560 376 2610 p.
407 2547 488 2596 59.
519 2546 605 2606 22,
631 2541 823 2610 quicq„
852 2539 1022 2594 semel
1050 2539 1164 2607 ille,
1190 2542 1256 2593 ut
1281 2538 1519 2604 videtur,
1547 2557 1599 2608 p.
1622 2547 1705 2595 47.
1731 2546 1811 2608 11,
1840 2541 2039 2608 quidq„
2058 2538 2157 2594 ubi
2182 2539 2229 2592 E

227 2612 406 2666 habet
451 2613 650 2680 quicq„
697 2625 1033 2678 quamquam
1070 2609 1274 2664 Baiter.
1314 2613 1373 2663 et
1406 2609 1624 2663 Iordan.
1660 2611 1719 2664 in
1754 2609 1881 2680 ipsa
1917 2611 2103 2665 adnot.
2141 2627 2230 2664 ex-

232 2683 414 2752 ceptis
451 2681 666 2736 duobus
694 2681 832 2735 locis
861 2680 930 2735 de
960 2681 1118 2734 codd.
1147 2682 1373 2746 tacent„
1408 2696 1510 2748 pro
1533 2680 1751 2735 Cluent.
1778 2681 1983 2736 Baiter.
2014 2697 2233 2751 semper

376 2823 426 2892 ²¹²)
465 2821 662 2886 Paucis
709 2821 904 2877 diebus
941 2824 1070 2876 ante
1105 2838 1275 2890 quam
1309 2821 1455 2875 hanc
1489 2820 1776 2892 plagulam
1813 2821 2027 2892 accipio
2065 2821 2229 2875 corri-

233 2891 1396 3032 {sffi‘..1303332320131132210A032t32222
1417 2894 1517 3017 ¹²33
1518 2891 1821 3030 {⁸1iifaq33‘
1824 2909 2047 3018 225333?
2064 2894 2231 3017 ξέῗὲἓ

232 3037 320 3090 1111
347 3035 667 3104 potuissem.
705 3033 836 3088 Non
861 3037 978 3088 tam
1008 3033 1310 3089 doluissem
1334 3033 1521 3102 plures
1552 3004 1723 3087 etia’m
1751 3051 1920 3101 quam
1944 3035 2059 3086 iam
2085 3051 2230 3086 nunc

234 3123 272 3160 a
304 3105 590 3175 Madvigio
627 3105 864 3172 aliisque
891 3103 1307 3158 emendationes
1332 3103 1475 3156 mihi
1499 3106 1819 3173 praereptas
1848 3121 1968 3159 esse
1999 3103 2069 3174 (si
2094 3103 2231 3173 quid

230 3179 356 3247 ipse
399 3174 704 3243 inveneris,
752 3177 802 3228 si
845 3173 995 3228 idem
1040 3175 1138 3230 alii
1175 3177 1304 3229 ante
1340 3174 1401 3227 in
1434 3173 1677 3228 medium
1712 3175 2068 3244 protulerint,
2114 3175 2229 3228 illis

231 3248 534 3316 adsignare
594 3247 889 3301 honestum
953 3261 1073 3300 esse
1136 3245 1343 3313 iudico)
1396 3262 1562 3313 quam
1614 3245 1767 3299 haud
1817 3262 1999 3315 pauca
2048 3243 2229 3312 magis

233 3319 534 3373 emendata
578 3317 741 3371 edere
785 3333 876 3370 me
911 3333 1074 3385 posse
1111 3315 1337 3385 gavisus
1376 3331 1568 3370 essem.
1642 3315 1803 3370 Nunc
1839 3331 2031 3384 cogor,
2077 3313 2239 3382 quic-,

233 3389 374 3458 quid
416 3387 550 3443 novi
584 3387 830 3458 Madvig.
867 3387 942 3441 ad
983 3388 1088 3440 has
1135 3385 1417 3441 orationes
1455 3386 1669 3453 attulit,
1709 3386 1776 3451 in
1810 3385 2231 3440 adnotationem

232 3460 442 3514 addere
480 3461 553 3527 et,
592 3458 642 3512 si
677 3474 788 3528 qua
821 3459 912 3512 vel
949 3473 1053 3527 ego
1089 3458 1180 3511 vel
1217 3457 1314 3512 alii
1344 3458 1539 3512 eodem
1564 3457 1729 3514 modo
1758 3459 2123 3524 correxerant,
2160 3455 2231 3510 iis

231 3529 490 3600 Madvigi
524 3545 741 3598 quoque
775 3545 974 3586 nomen
1013 3527 1342 3584 adscribere.

1740 3633 1813 3686 a*
