2534 3875
843 116 997 173 cAP.
1039 124 1247 172 19-21
1290 124 1321 183 s
1359 123 1591 175 57-62,
2130 118 2220 182 95

163 260 402 345 sentio,
453 260 652 345 quod,
697 283 825 347 quo
873 261 1088 327 minus
1135 266 1315 346 certa
1360 267 1462 327 est
1505 262 1848 328 hominum
1888 282 1963 327 ac
2000 260 2217 327 minus

167 348 486 414 diuturna
531 348 698 432 vita,
751 350 876 416 hoc
927 350 1140 434 magis
1194 373 1301 416 res
1346 350 1641 435 publica,
1696 350 1851 415 dum
1897 370 2016 431 per
2060 349 2217 413 deos

165 437 589 502 immortales
652 437 835 521 licet,
897 437 1028 503 frui
1087 438 1281 504 debet
1345 438 1587 503 summi
1643 440 1767 503 viri
1825 437 1964 504 vita
2018 440 2216 521 atque

167 526 433 591 virtute.
527 526 622 589 At
675 525 847 589 enim
900 548 983 591 ne
1040 527 1196 610 quid
1249 526 1408 592 novi
1460 528 1579 591 fiat
1633 532 1863 593 contra
1919 526 2217 609 exempla
2254 541 2323 591 60

113 629 141 671 5
170 617 372 699 atque
428 612 738 679 instituta
793 614 1132 680 maiorum.
1224 614 1380 680 Non
1434 614 1645 681 dicam
1700 615 1823 681 hoc
1876 616 2024 679 loco
2085 634 2216 677 ma-

167 702 346 768 iores
401 705 668 767 nostros
724 723 979 788 semper
1041 702 1112 767 in
1165 724 1325 788 pace
1379 702 1858 786 consuetudini,
1916 703 1986 767 in
2040 700 2215 765 bello

170 789 459 855 utilitati
511 790 837 875 paruisse,
894 812 1150 876 semper
1205 790 1289 855 ad
1342 813 1550 857 novos
1607 813 1797 857 casus
1841 795 2215 876 temporum

170 900 501 943 novorum
582 878 1003 944 consiliorum
1084 878 1376 944 rationes
1450 880 2003 962 accommodasse,
2084 898 2216 941 non

173 966 389 1033 dicam
437 966 566 1031 duo
608 966 785 1031 bella
821 968 1125 1050 maxima,
1172 967 1488 1033 Punicum
1526 972 1724 1053 atque
1760 966 2215 1051 Hispaniense,

97 1071 149 1111 ιο
176 1055 260 1120 ab
308 1076 440 1119 uno
483 1053 879 1137 imperatore
917 1077 1058 1121 esse
1093 1055 1391 1121 confecta
1428 1055 1719 1142 duasque
1754 1057 1950 1121 urbes
1988 1058 2216 1141 poten·

173 1143 496 1225 tissimas,
571 1164 737 1227 quae
809 1143 959 1208 huic
1032 1143 1310 1228 imperio
1375 1144 1656 1209 maxime
1722 1143 2215 1225 minitabantur,

173 1230 657 1316 Karthaginem
722 1234 917 1317 atque
970 1230 1427 1316 Numantiam,
1490 1233 1576 1298 ab
1632 1234 1859 1297 eodem
1914 1231 2215 1317 Scipione

175 1341 318 1384 esse
375 1319 654 1402 deletaS,
706 1341 840 1384 non
889 1322 1418 1403 commemorabo
1472 1343 1681 1406 nuper
1723 1322 1822 1385 ita
1865 1320 2054 1386 vobis
2100 1341 2213 1404 pa·

174 1408 517 1493 tribusque
563 1407 800 1473 vestris
849 1430 991 1473 esse
1027 1408 1256 1493 visum,
1302 1412 1378 1473 ut
1422 1409 1491 1473 in
1538 1430 1667 1475 uno
1707 1408 1775 1475 O.
1812 1407 2025 1474 Mario
2063 1428 2213 1493 spes

99 1511 150 1552 1⁵
176 1495 437 1581 imperii
491 1501 868 1581 poneretur,
922 1500 999 1561 ut
1040 1496 1210 1562 idem
1258 1518 1407 1562 cum
1451 1496 1802 1583 Iugurtha,
1848 1497 2021 1561 idem
2067 1516 2213 1561 cum

179 1583 483 1669 Cimbris,
527 1584 701 1649 idem
746 1605 894 1649 cum
930 1584 1241 1650 Teutonis
1289 1586 1535 1650 bellum
1575 1585 2092 1667 administraret3
2138 1583 2209 1647 in
2246 1598 2313 1646 61

176 1675 321 1757 ipso
381 1670 496 1737 Cn.
547 1671 886 1758 PompeiO,
948 1674 1018 1738 in
1084 1695 1212 1758 quo
1267 1673 1423 1739 novi
1478 1673 1793 1739 constitui
1845 1672 2012 1737 nihil
2070 1671 2213 1737 vult

178 1760 252 1837 Q.
300 1759 604 1842 Catulus,
663 1782 861 1845 quam
916 1762 1127 1827 multa
1173 1762 1306 1826 sint
1352 1783 1525 1827 nova
1570 1782 1826 1827 summa
1872 1758 1946 1836 Q.
1994 1758 2213 1859 Catuli

177 1849 520 1914 voluntate
564 1849 950 1933 constituta,
995 1850 1445 1916 recordamini.

99 1955 154 1994 2⁰
314 1938 484 2013 Quid
539 1941 678 2002 tam
721 1960 965 2005 novum
995 1961 1206 2042 ‘quam
1256 1939 1816 2005 adulescentulum
1861 1939 2193 2022 privatum
2207 1912 2320 2055 (311)

179 2027 532 2092 exercitum
598 2025 851 2092 difficili
917 2027 1014 2092 rei
1083 2029 1386 2113 publicae
1458 2031 1755 2113 tempore
1827 2024 2185 2092 conficere?

181 2113 496 2180 Confecit.
603 2113 776 2181 Huic
847 2116 1193 2201 praeesse?
1302 2115 1615 2181 Praefuit.
1726 2115 1890 2180 Rem
1963 2114 2213 2199 optime

180 2203 378 2270 ductu
423 2225 542 2268 suo
591 2204 860 2289 gerere?
935 2203 1174 2269 Gessit.
1247 2203 1417 2280 Quid
1461 2208 1602 2269 tam
1648 2207 1906 2290 praeter
1951 2223 2214 2267 consue-

179 2292 472 2357 tudinem
529 2314 725 2377 quam
779 2292 1030 2358 homini
1083 2293 1632 2378 peradulescenti,
1695 2292 1877 2358 cuius
1934 2294 2215 2356 aetasa

101 2395 152 2437 25
181 2379 510 2446 senatorio
566 2380 774 2465 gradu
819 2380 1016 2466 longe
1063 2381 1351 2465 abesset,
1405 2381 1750 2464 imperium
1797 2383 1993 2464 atque
2040 2399 2215 2443 exer-

179 2470 380 2534 citum
437 2468 607 2551 dari,
662 2465 954 2534 Siciliam
1006 2470 1305 2553 permitti
1358 2473 1555 2553 atque
1601 2469 1895 2534 Africam
1942 2467 2214 2533 bellum·

181 2578 304 2643 que
366 2557 437 2622 in
502 2578 580 2622 ea
643 2558 980 2640 provincia
1035 2557 1674 2623 administrandum?
1776 2556 1933 2621 Fuit
1986 2555 2056 2620 in
2108 2554 2213 2619 his

178 2645 530 2732 provinciis
579 2644 900 2730 singulari
945 2646 1337 2728 innocentia,
1382 2645 1726 2730 gravitate,
1772 2646 2033 2728 virtute,
2079 2643 2214 2708 bel·

179 2735 317 2799 lum
361 2735 432 2798 in
479 2732 708 2798 Africa
755 2735 1104 2799 maximum
1151 2734 1449 2818 confecit,
1494 2735 1812 2800 victorem
1858 2733 2211 2798 exercitum

104 2839 154 2879 ³0
181 2822 570 2906 deportavit.
662 2822 834 2899 Quid
877 2845 1031 2888 vero
1081 2827 1222 2887 tam
1268 2822 1639 2888 inauditum
1685 2843 1881 2907 quam
1927 2821 2214 2907 equitem

180 2911 550 2976 Romanum
596 2909 1044 2994 triumphare?
1109 2912 1204 2974 At
1250 2933 1396 2976 eam
1443 2932 1700 2996 quoque
1745 2933 1885 2975 rem
1930 2909 2212 2995 populus

180 2998 516 3064 Romanus
571 3020 704 3064 non
758 3001 952 3064 modo
1000 2998 1192 3081 vidit,
1249 2998 1364 3063 sed
1410 2998 1702 3064 omnium
1747 2999 1948 3063 etiam
1995 2997 2212 3062 studio

179 3088 516 3152 visendam
563 3090 631 3152 et
675 3087 1254 3153 concelebrandam
1292 3087 1569 3170 putavit.
1634 3085 1803 3162 Quid
1839 3090 1979 3150 tam
2016 3085 2212 3149 inusi-
2252 3102 2319 3152 62

182 3179 425 3259 tatum,
482 3197 680 3259 quam
733 3181 830 3259 ut,
885 3197 1029 3241 cum
1088 3177 1215 3240 duo
1264 3175 1563 3240 consules
1602 3174 1954 3240 clarissimi
1989 3171 2214 3237 fortis-

105 3279 154 3320 35
183 3264 458 3347 simique
506 3269 749 3345 essent,
805 3285 1002 3348 eques
1050 3263 1385 3329 Romanus
1433 3262 1516 3328 ad
1560 3263 1809 3328 bellum
1856 3261 2214 3325 maximum

179 3350 992 3438 formidolosissimumque
1036 3374 1156 3437 pro
1204 3351 1469 3418 consule
1508 3349 1922 3416 mitteretur?
1970 3347 2215 3412 Missus

181 3445 300 3506 est.
399 3437 541 3516 Quo
610 3441 873 3526 quidem
928 3445 1222 3526 tempore
1281 3462 1429 3505 cum
1486 3441 1659 3504 esset
1710 3456 1843 3500 non
1896 3457 2089 3501 nemo
2144 3437 2215 3500 in
