2534 3875
334 166 420 231 76
461 124 466 129 ⁸
743 166 843 221 DE
880 166 1187 223 IMPERIO
1226 166 1340 223 CN.
1371 166 1648 222 POMPEI
1686 167 1979 224 ORATIO.

333 332 610 396 quorum
676 333 956 398 magnae
1018 334 1124 377 res
1180 314 1467 397 aguntur
1519 312 1590 377 in
1641 311 1879 377 vestris
1933 311 2381 397 vectigalibus

333 399 705 465 exercendis
772 404 1148 485 occupatae3
1213 398 1325 482 qui
1389 399 1470 463 ad
1536 421 1640 464 me
1702 422 1825 484 pro
1878 400 2384 477 necessitudine,

238 532 244 539 -
335 510 501 573 quae
555 488 717 553 mihi
774 492 878 553 est
931 510 1079 553 cum
1131 488 1253 552 illo
1310 488 1563 571 ordine,
1618 509 1883 553 causam
1928 488 2026 553 rei
2070 488 2381 573 publicae

261 592 294 641 5
331 576 746 661 periculaque
781 598 999 641 rerum
1039 598 1305 640 suarum
1343 576 1747 661 detulerunt,
1789 576 2157 660 Bithyniae,
2205 599 2380 662 quae

331 686 505 730 nunc
532 670 754 730 vestra
781 664 1119 749 provincia
1147 667 1266 746 est,
1302 664 1481 729 vicos
1520 669 1784 730 exustos
1814 686 1955 729 esse
1984 666 2379 751 complures,
2446 685 2477 725 5

331 774 607 836 regnum
636 752 1123 831 Ariobarzanis,
1170 752 1344 837 quod
1380 752 1732 817 finitimum
1779 756 1882 817 est
1906 753 2145 817 vestris
2174 755 2379 819 vecti-

331 841 613 926 galibus,
656 845 872 907 totum
911 861 1053 905 esse
1089 842 1158 904 in
1195 840 1486 905 hostium
1524 844 1879 925 potestate3
1923 842 1998 906 L.
2027 840 2379 906 Lucullum

331 930 590 1015 magnis
648 929 841 994 rebus
899 928 1105 1015 gestis
1162 929 1244 993 ab
1304 949 1381 994 eo
1426 929 1602 994 bello
1651 929 2002 1012 discedere3
2059 930 2211 995 huic
2256 930 2378 1013 qui

333 1018 736 1101 successerit,
778 1039 913 1083 non
957 1018 1121 1082 satis
1168 1038 1311 1081 esse
1354 1022 1658 1102 paratum
1704 1018 1787 1082 ad
1822 1021 2083 1082 tantum
2120 1018 2376 1083 bellum

332 1105 951 1189 administrandum3
1005 1127 1208 1169 unum
1265 1105 1349 1169 ab
1405 1106 1708 1171 omnibus
1764 1106 1960 1171 sociis
2005 1109 2074 1171 et
2116 1106 2373 1171 civibus
2410 1128 2471 1168 ιο

333 1193 416 1258 ad
459 1193 528 1258 id
574 1194 821 1258 bellum
866 1194 1332 1278 imperatorem
1377 1194 1641 1279 deposci
1688 1199 1884 1279 atque
1930 1194 2173 1279 expeti,
2220 1216 2377 1259 eun·

333 1281 480 1345 dem
516 1283 690 1347 hunc
725 1304 927 1347 unum
955 1282 1039 1347 ab
1067 1281 1369 1346 hostibus
1398 1282 1621 1365 metui,
1656 1287 1996 1367 praeterea
2022 1283 2377 1348 neminem.

260 1387 293 1436 6
512 1368 728 1435 Causa
773 1392 940 1455 quae
987 1372 1094 1453 sit,
1129 1370 1391 1455 videtis3
1445 1392 1647 1451 nunc,
1691 1370 1845 1454 quid
1892 1371 2216 1457 agendum
2262 1372 2377 1455 sit,

332 1458 758 1524 considerate.
853 1458 1146 1523 Primum
1215 1458 1380 1523 mihi
1436 1459 1695 1523 videtur
1756 1456 1835 1523 de
1893 1480 2131 1544 genere
2189 1459 2375 1543 belli,

333 1545 561 1612 deinde
609 1547 687 1611 de
734 1546 1212 1631 magnitudine,
1268 1552 1411 1611 tum
1458 1547 1537 1612 de
1582 1547 1978 1631 imperatore
2025 1548 2373 1632 deligendo
2407 1568 2464 1609 ιε»

333 1655 475 1699 esse
521 1635 884 1702 dicendum.
957 1634 1178 1700 Genus
1226 1638 1328 1699 est
1371 1635 1546 1699 enim
1583 1635 1741 1700 belli
1777 1636 1915 1700 eius
1953 1636 2149 1719 modi,
2196 1638 2375 1721 quod

330 1722 615 1787 maxime
659 1729 915 1789 vestros
965 1724 1219 1788 animos
1267 1723 1551 1788 excitare
1589 1727 1787 1808 atque
1832 1723 2240 1789 inflammare
2288 1726 2375 1789 ad

331 1812 759 1895 persequendi
806 1811 1095 1876 studium
1142 1811 1406 1895 debeat3
1448 1812 1519 1876 in
1556 1833 1684 1896 quo
1725 1812 1943 1897 agitur
1977 1812 2206 1898 populi
2242 1812 2375 1878 Ro-

331 1899 507 1964 mani
563 1900 802 1986 gloria,
858 1921 1024 1984 quae
1067 1900 1257 1964 vobis
1315 1922 1355 1964 a
1409 1900 1769 1966 maioribus
1816 1921 1963 1966 cum
2009 1922 2253 1986 magna
2297 1901 2368 1966 in

331 1989 636 2053 omnibus
682 1989 897 2072 rebus„
941 1992 1083 2052 tum
1130 2010 1387 2053 summa
1429 1989 1502 2052 in
1537 2011 1611 2054 re
1647 1990 1921 2054 militari
1957 1989 2201 2053 tradita
2239 1994 2369 2074 est3
2397 2010 2459 2050 2⁰

330 2077 551 2162 agitur
597 2077 775 2141 salus
813 2077 1141 2142 sociorum
1176 2081 1374 2160 atque
1412 2078 1787 2161 amicorum,
1832 2099 1954 2163 pro
1992 2099 2124 2161 qua
2159 2079 2373 2144 multa

329 2167 609 2231 maiores
653 2165 857 2229 vestri
892 2186 1135 2250 magna
1171 2168 1239 2230 et
1276 2165 1503 2249 gravia
1540 2166 1716 2230 bella
1752 2168 2122 2252 gesserunt3
2168 2187 2373 2251 agun-

327 2257 439 2318 tur
484 2253 849 2318 certissima
901 2253 1132 2337 populi
1187 2253 1473 2318 Romani
1526 2253 1880 2340 vectigalia
1934 2258 2002 2318 et
2040 2255 2373 2338 ¹maxima,

330 2341 566 2425 quibus
623 2340 884 2406 amissis
941 2344 1008 2406 et
1065 2342 1246 2424 pacis
1304 2345 1688 2407 ornamenta
1742 2346 1810 2407 et
1865 2342 2155 2407 subsidia
2207 2343 2371 2409 belli

327 2429 702 2512 requiretis3
749 2433 1038 2514 aguntur
1083 2430 1255 2493 bona
1291 2431 1651 2495 multorum
1687 2430 1946 2514 civium,
1993 2431 2229 2515 quibus
2268 2437 2373 2496 est
2400 2451 2457 2492 25

332 2538 372 2580 a
407 2516 596 2580 vobis
635 2520 703 2580 et
738 2517 1034 2603 ipsorum
1073 2520 1141 2581 et
1175 2518 1273 2583 rei
1309 2518 1609 2602 publicae
1646 2540 1843 2584 causa
1881 2520 2378 2586 consulendum.

256 2583 422 2708 §Et
467 2605 778 2686 quoniam
818 2626 1073 2687 semper
1111 2609 1491 2688 appetentes
1532 2607 1783 2692 gloriae
1821 2611 2082 2692 praeter
2117 2611 2372 2674 ceteras

330 2695 560 2776 gentes
628 2699 823 2775 atque
881 2692 1056 2757 avidi
1111 2693 1325 2757 laudis
1386 2695 1632 2777 fuistis,
1697 2695 1969 2760 delenda
2024 2699 2125 2760 est
2177 2697 2371 2762 vobis

325 2779 446 2843 illa
481 2780 738 2844 macula
764 2779 1212 2846 Mithridatico
1252 2782 1427 2846 bello
1466 2782 1799 2867 superiore
1828 2787 2160 2869 concepta,
2198 2807 2371 2869 quae

325 2867 588 2952 penitus
651 2867 784 2931 iam
843 2868 1088 2933 insedit
1149 2891 1224 2934 ac
1288 2869 1485 2934 nimis
1548 2870 1941 2936 inveteravit
1999 2871 2070 2937 in
2136 2874 2371 2956 populi
2398 2893 2456 2932 30

325 2953 610 3020 Romani
660 2954 953 3040 nomine,
1009 2956 1181 3040 quod
1233 2956 1325 3034 is,
1379 2957 1491 3041 qui
1544 2979 1675 3023 uno
1735 2959 1839 3024 die
1883 2963 2030 3025 tota
2080 2959 2153 3024 in
2206 2961 2373 3026 Asia

324 3046 431 3108 tot
475 3043 545 3108 in
591 3043 970 3109 civitatibus
1016 3066 1148 3109 uno
1202 3044 1433 3110 nuntio
1482 3049 1676 3129 atque
1713 3068 1844 3112 una
1889 3047 2371 3133 significatione

324 3132 699 3197 litterarum
759 3131 932 3197 cives
989 3132 1324 3198 Romanos
1379 3155 1586 3200 omnes
1652 3136 1975 3200 necandos
2039 3137 2372 3202 trucidan-

325 3219 573 3305 dosque
642 3220 1004 3303 denotavit,
1066 3242 1201 3286 non
1256 3221 1452 3288 modo
1508 3222 1717 3289 adhuc
1770 3246 2050 3308 poenam
2112 3225 2370 3291 nullam

323 3329 442 3374 suo
491 3308 756 3394 dignam
805 3310 1046 3375 scelere
1093 3310 1406 3393 suscepit,
1462 3311 1574 3376 sed
1621 3313 1702 3376 ab
1748 3312 1868 3376 illo
1912 3316 2209 3396 tempore
2257 3335 2369 3378 an-
2398 3331 2451 3372 3⁵

320 3416 479 3460 num
528 3397 662 3461 iam
699 3397 972 3462 tertium
1019 3401 1086 3460 et
1121 3399 1502 3463 vicesimum
1548 3405 1812 3486 regnat,
1860 3403 1929 3464 et
1972 3401 2070 3465 ita
2112 3407 2369 3488 regnat,

323 3486 400 3547 ut
445 3505 515 3548 se
559 3506 691 3550 non
737 3484 934 3551 Ponti
978 3507 1188 3571 neque
1227 3485 1679 3572 Caapadociae
1725 3486 1999 3553 latebris
2038 3489 2371 3555 occultare
