2534 3875
781 176 935 231 CAP.
969 181 1106 230 1-8
1145 181 1176 241 s
1205 181 1365 232 2-6.
1979 174 2115 240 289

54 317 419 396 *vobiscum
477 339 700 384 omnes
711 369 729 402 ,
795 318 1052 384 etiamsi
1108 341 1212 384 me
1267 319 1369 383 vis
1426 319 1646 404 aliqua
1698 318 2115 403 oppresserit,

69 409 335 491 potius,
399 429 593 491 quam
661 411 728 472 et
789 406 894 471 illi
947 410 1014 471 et
1067 428 1188 472 nos
1243 429 1376 472 una
1424 407 1523 472 rei
1575 406 1875 492 publicae
1926 411 2112 492 peste

60 517 446 579 ‚pei-eamus.
556 495 797 578 Quare,
868 500 1088 580 patres
1162 495 1542 581 conscripti,
1612 494 1967 561 incumbite
2031 495 2113 560 ad
2148 510 2187 560 4

59 659 61 662 Α
100 583 368 648 salutem
421 583 515 647 rei
569 582 896 668 publicae,
961 583 1438 669 circumspicite
1494 604 1718 648 omnes
1772 583 2115 668 procellae,

60 750 62 752 V
105 693 260 755 quae
325 671 700 756 inpendent,
762 671 891 735 nisi
942 671 1319 755 providetis.
1417 669 1571 736 Non
1624 670 1719 736 Ti.
1764 669 2116 756 Gracchus,

74 759 263 842 ,quod
307 759 544 824 iterum
589 759 890 824 tribunus
936 759 1148 844 plebis
1193 760 1335 824 fieri
1378 758 1603 844 voluit,
1648 780 1781 825 non
1818 757 1890 824 O.
1918 758 2113 825 Grac-

55 912 57 914 .
98 847 268 930 chus,
313 847 826 934 quodlagrarios
865 847 1190 913 concitare
1235 851 1508 913 conatus
1555 851 1674 929 est,
1718 868 1852 914 non
1896 846 1968 912 L.
2006 844 2115 912 Sa·

52 983 70 1023 .·
97 937 409 1019 turninus,
456 935 628 1020 quod
675 935 744 1002 O.
769 935 1149 1000 Memmium
1197 936 1451 1020 occidit,
1494 935 1564 1000 in
1610 935 1954 1002 discrimen
1999 935 2115 1001 ali·

55 1024 262 1106 quod
319 1028 515 1109 atque
568 1023 638 1088 in
681 1030 938 1090 vestrae
984 1023 1353 1089 severitatis
1399 1023 1704 1089 iudicium
1751 1022 2116 1110 adducitur3

97 1115 392 1176 tenentur
435 1112 510 1190 ii,
565 1112 677 1196 qui
722 1111 804 1176 ad
849 1112 1030 1176 urbis
1075 1111 1474 1195 incendium,
1520 1110 1603 1177 ad
1646 1114 1936 1177 vestram
1984 1132 2118 1178 om·

95 1199 271 1264 nium
317 1200 596 1283 caedem,
643 1199 727 1265 ad
764 1198 1117 1264 Catilinam
1163 1199 1605 1285 accipiendum
1642 1199 1889 1265 Romae
1927 1200 2115 1265 resti·

60 1285 73 1341 ἶ
94 1291 326 1372 terunt,
375 1292 680 1353 tenentur
729 1288 1006 1370 litterae,
1054 1288 1260 1374 signa,
1308 1309 1557 1371 manus,
1604 1286 1876 1373 denique
1921 1287 2114 1353 unius

96 1376 400 1460 cuiusque
455 1375 802 1458 confessi03
870 1375 1309 1441 sollicitantur
1362 1374 1783 1460 Allobroges,
1850 1375 2117 1440 servitia

52 1464 59 1470 ’
96 1465 472 1547 excitantur,
509 1462 790 1528 Catilina
828 1464 1202 1548 accersitur3
1238 1463 1307 1528 id
1343 1469 1444 1528 est
1479 1463 1715 1528 initum
1752 1463 2115 1547 consilium,

96 1557 166 1616 ut
192 1550 558 1617 interfectis
589 1552 889 1618 omnibus
917 1573 1109 1617 nemo
1137 1573 1218 1616 nc
1247 1550 1332 1616 ad
1360 1551 1824 1636 deplorandum
1856 1550 2115 1637 quidem

57 1641 313 1724 ‘populi
370 1640 647 1705 Romani
711 1662 946 1705 nomen
1014 1643 1210 1724 atque
1267 1639 1350 1704 ad
1404 1639 1887 1704 lamentandam
1941 1639 2115 1704 tanti

52 1729 68 1737 ”
93 1729 347 1813 imperii
394 1728 832 1793 calamitatem
881 1728 1303 1812 relinquatur.
1376 1726 1556 1793 Haec
1602 1727 1822 1792 omnia
1867 1727 2112 1793 indices
2150 1707 2195 1833 ἓ

69 1816 490 1899 detulerunt,
543 1817 638 1881 rei
683 1816 965 1882 confessi
1010 1819 1189 1897 sunt,
1242 1837 1361 1881 vos
1408 1814 1633 1880 multis
1678 1815 1813 1880 iam
1858 1815 2113 1881 iudiciis

53 1908 72 1987 J.
94 1904 517 1988 iudicavistis,
570 1899 850 1991 primum
898 1904 1066 1991 quod
1113 1903 1274 1971 mihi
1320 1903 1569 1989 gratias
1616 1903 1844 1989 egistis
1896 1903 2115 1989 singu-

62 1995 340 2060 laribus
401 1992 618 2059 verbis
673 1998 739 2058 et
791 2014 936 2059 mea
990 1996 1233 2057 virtute
1280 1998 1475 2077 atque
1523 1992 1862 2077 diligentia
1905 1992 2115 2076 perdi-

52 2089 64 2153 ζ
94 2086 308 2147 torum
355 2081 696 2146 hominum
742 2082 1254 2147 coniurationem
1291 2081 1689 2165 patefactam
1727 2101 1869 2146 esse
1905 2078 2115 2145 decre-

59 2171 302 2253 ¹vistis,
352 2169 580 2234 deinde
627 2169 792 2254 quod
836 2166 907 2233 P.
952 2169 1297 2234 Lentulum
1346 2190 1414 2233 se
1462 2170 1759 2234 abdicare
1805 2172 2113 2253 praetura

63 2257 433 2344 coegisti&
486 2262 628 2323 tum
683 2258 855 2342 quod
909 2279 1055 2322 eum
1103 2261 1169 2321 et
1213 2260 1492 2339 ceteros,
1548 2256 1625 2320 de
1673 2256 1907 2341 quibus
1952 2255 2111 2321 iudi·

49 2350 319 2431 [castiS,
387 2346 458 2410 in
526 2345 884 2411 custodiam
955 2345 1199 2410 dandos
1273 2345 1641 2429 censuistis,
1710 2345 2115 2430 maximeque

92 2435 262 2517 quod
299 2456 447 2499 meo
483 2435 742 2499 nomine
771 2433 1314 2520 supplicationem
1341 2432 1731 2517 decrevistis,
1768 2432 1879 2517 qui
1906 2432 2113 2498 honos

88 2528 322 2609 togato
361 2522 628 2587 habitus
667 2525 816 2587 ante
851 2544 956 2587 me
993 2525 1092 2585 est
1127 2520 1400 2605 nemini3
1436 2524 1768 2605 postremo
1806 2520 2112 2586 hesterno

51 2611 188 2676 'die
261 2611 560 2695 praemia
622 2610 860 2696 legatis
923 2610 1362 2693 Allobrogum
1426 2607 1704 2694 Titoque
1767 2606 2111 2674 Volturcio

51 2698 53 2701 ⁴
88 2699 361 2764 dedistis
409 2698 828 2782 amplissima.
919 2696 1096 2773 Quae
1142 2701 1295 2762 sunt
1342 2698 1558 2761 omnia
1605 2696 1741 2763 eius
1786 2696 1992 2781 modi,
2037 2701 2113 2761 ut

85 2788 158 2871 ii,
215 2788 332 2872 qui
385 2786 454 2851 in
509 2786 870 2852 custodiam
924 2785 1313 2851 nominatim
1370 2785 1508 2850 dati
1553 2789 1733 2868 sunt,
1788 2786 1928 2850 sine
1973 2786 2112 2850 ulla

59 2874 497 2941 dubitatione
545 2898 584 2939 a
626 2874 812 2939 vobis
850 2875 1139 2939 damnati
1184 2896 1324 2938 esse
1371 2873 1728 2939 videantur.
1838 2892 1843 2899 ·

220 2962 353 3029 Sed
399 2984 523 3048 ego
568 2961 825 3027 institui
869 2962 1107 3028 referre
1157 2962 1238 3026 ad
1283 2984 1427 3046 vos,
1474 2965 1692 3044 patres
1740 2961 2111 3046 conscripti,
2148 2976 2183 3024 6

82 3056 429 3137 tamquam
475 3053 835 3136 integrum,
890 3054 957 3115 et
1003 3050 1079 3115 de
1123 3050 1304 3115 facto
1352 3049 1506 3134 quid
1552 3048 1849 3114 iudicetis
1860 3100 1877 3131 ,
1923 3053 1988 3113 et
2033 3048 2111 3113 de

79 3163 302 3224 poena
349 3138 502 3223 quid
548 3138 883 3205 censeatis,
955 3137 1083 3203 Illa
1126 3137 1512 3223 praedicam,
1558 3158 1721 3221 quae
1770 3140 1923 3202 sunt
1969 3158 2114 3200 con·

85 3229 269 3294 Sulis,
345 3226 492 3312 Ego
539 3249 846 3314 magnum
892 3227 962 3291 in
1007 3248 1078 3291 re
1124 3226 1386 3311 publica
1431 3225 1677 3290 versari
1720 3224 2008 3289 furorem
2046 3226 2114 3287 et

49 3332 260 3382 §nova
319 3315 634 3399 quaedam
691 3316 949 3380 misceri
995 3318 1061 3379 et
1106 3314 1421 3379 concitari
1466 3313 1642 3378 mala
1684 3312 1815 3377 iam
1862 3311 2112 3396 pridem

81 3405 410 3488 videbam,
457 3404 570 3469 sed
615 3403 782 3469 hanc
826 3407 1102 3487 tantam,
1149 3407 1286 3467 tam
1325 3402 1663 3467 exitiosam
1701 3399 1929 3464 haberi
1966 3420 2115 3463 con·

78 3493 479 3557 iurationem
527 3515 567 3557 a
603 3491 848 3557 civibus
885 3512 1239 3576 numquam
1275 3489 1518 3575 putavi.
1580 3486 1771 3553 Nunc
1792 3486 2119 3606 xquicquid

186 3605 308 3647 cro.
337 3605 398 3647 11.
430 3606 470 3647 2.
1683 3595 1749 3645 19
