2534 3875
289 325 324 374 9

363 163 493 228 378
844 162 988 218 PRO
1029 162 1307 217 ARCHIA
1343 160 1586 217 POETA
1625 160 1915 219 ORATIO.

363 308 470 373 An
527 307 926 373 domicilium
971 306 1218 372 Romae
1272 328 1407 372 non
1460 306 1697 371 habuit
1751 306 1833 390 is,
1892 305 2003 389 qui
2057 308 2161 371 tot
2211 306 2407 371 annis

361 402 506 463 ante
551 396 884 462 civitatem
933 396 1155 460 datam
1204 395 1425 461 sedem
1473 394 1765 461 omnium
1812 414 2030 458 rerum
2078 416 2153 459 ac
2196 394 2407 459 fortu-

361 508 594 551 narum
653 506 920 550 suarum
978 483 1226 549 Romae
1281 482 1674 548 collocavit?
1765 480 1875 545 An
1926 504 2063 547 non
2108 487 2209 547 est
2256 505 2407 567 pro-

362 573 621 639 fessus?
712 572 923 637 Immo
971 594 1125 636 vero
1171 572 1253 636 iis
1300 571 1546 636 tabulis
1591 570 1953 655 professuS,
2009 592 2172 654 quae
2221 572 2405 636 solae

363 684 441 727 ex
514 662 632 727 illa
705 660 1108 744 professione
1185 659 1591 745 collegioque
1654 662 2029 743 praetorum
2099 659 2408 743 optinent
2457 674 2481 714 5

283 750 327 815 5
364 751 774 835 publicarum
821 750 1194 814 tabularum
1243 748 1723 813 auctoritatem.
1798 745 1991 830 Nam,
2037 768 2184 812 cum
2222 746 2406 831 Appi

260 1471 326 1521 10

261 2530 324 2579 11

366 840 632 904 tabulae
705 837 1164 924 neglegentius
1237 837 1617 901 adservatae
1683 836 2071 919 dicerentur,
2144 834 2408 919 Gabini,

366 927 676 1012 quamdiu
740 926 1086 991 incolumis
1149 924 1305 1007 fuit,
1369 924 1631 1009 levitaS,
1695 927 1847 1008 post
1913 924 2407 988 damnationem

365 1015 706 1080 calamitas
737 1036 996 1079 omnem
1015 1014 1395 1078 tabularum
1412 1013 1607 1076 fidem
1624 1012 2043 1097 resignasset,
2070 1010 2405 1096 Metellus,

363 1103 563 1168 homo
621 1103 1072 1167 sanctissimus
1130 1100 1783 1183 modestissimusque
1841 1100 2156 1185 omnium,
2212 1104 2407 1165 tanta
2432 1115 2479 1154 1⁰

368 1190 709 1276 diligentia
769 1189 923 1274 fuit,
985 1194 1062 1254 ut
1115 1189 1197 1255 ad
1250 1190 1323 1254 L.
1367 1187 1719 1253 Lentulum
1772 1193 2139 1273 praetorem
2196 1193 2267 1253 et
2324 1189 2405 1253 ad

365 1279 610 1343 iudices
657 1280 908 1343 venerit
955 1282 1022 1342 et
1067 1277 1258 1343 unius
1305 1277 1589 1343 nominis
1637 1278 1839 1342 litura
1882 1298 1954 1343 se
1999 1281 2403 1343 commotum

366 1388 508 1431 esse
555 1367 808 1432 dixerit.
870 1366 1014 1431 ·His
1061 1366 1267 1452 igitur
1313 1368 1384 1431 in
1429 1366 1675 1431 tabulis
1719 1364 1970 1431 nullam
2017 1366 2290 1431 lituram
2334 1366 2402 1429 in

365 1456 628 1520 nomine
683 1454 762 1520 A.
816 1455 1027 1520 Licini
1091 1455 1345 1520 videtis.
1446 1452 1623 1529 Quae
1680 1476 1825 1518 cum
1878 1455 1975 1518 ita
2032 1454 2189 1538 sint,
2249 1454 2401 1539 quid

364 1548 492 1626 est,
548 1544 718 1628 quod
773 1544 851 1608 de
910 1543 1047 1608 eius
1103 1543 1370 1608 civitate
1425 1543 1763 1626 dubitetis,
1815 1542 2205 1626 praesertim
2253 1554 2469 1607 cum1⁵

365 1632 512 1697 aliis
561 1654 817 1717 quoque
863 1632 934 1695 in
981 1631 1357 1697 civitatibus
1404 1630 1603 1695 fuerit
1641 1630 2052 1714 adscriptus?
2113 1630 2400 1713 Etenim,

364 1743 510 1785 cum
568 1720 1002 1785 mediocribus
1059 1718 1285 1783 multis
1344 1724 1410 1783 et
1456 1722 1571 1783 aut
1614 1719 1797 1782 nulla
1842 1722 1956 1783 aut
2000 1718 2238 1783 humili
2286 1718 2399 1783 ali-

365 1832 494 1893 qua
549 1813 688 1873 arte
746 1807 1060 1893 praeditis
1119 1808 1411 1893 gratuito
1468 1806 1797 1872 civitatem
1854 1812 1923 1870 in
1968 1806 2244 1872 Graecia
2290 1806 2399 1871 ho-

365 1897 572 1962 mines
617 1896 1088 1981 inpertiebant,
1138 1896 1429 1981 Reginos
1476 1895 1665 1961 credo
1714 1897 1828 1960 aut
1871 1895 2229 1961 Locrenses
2289 1898 2399 1960 aut

363 1984 838 2070 Neapolitanos
877 1989 992 2049 aut
1027 1985 1434 2068 TarentinOS,
1482 1983 1653 2068 quod
1692 1983 2001 2048 scaenicis
2039 1985 2397 2050 artificibus
2422 1995 2467 2035 20

366 2075 598 2160 largiri
635 2073 956 2156 solebant,
993 2073 1058 2136 id
1095 2072 1246 2137 huic
1286 2095 1537 2138 summa
1573 2073 1820 2157 ingenii
1856 2072 2151 2156 praedito
2184 2071 2399 2158 gloria

362 2163 681 2227 noluisse!
785 2161 997 2238 Quid?
1063 2162 1266 2242 [cum]
1336 2161 1532 2227 ceteri
1595 2182 1727 2224 non
1791 2160 1983 2225 modo
2037 2164 2193 2244 post
2249 2160 2396 2226 civi·

363 2255 570 2315 tatem
629 2250 880 2333 datam,
949 2249 1061 2313 sed
1119 2249 1319 2313 etiam
1374 2253 1528 2334 post
1580 2249 1791 2333 legem
1845 2249 2119 2332 Papiam
2174 2249 2395 2333 aliquo

365 2339 556 2404 modo
592 2339 662 2402 in
701 2360 922 2403 eorum
960 2337 1462 2422 municipiorum
1498 2337 1761 2401 tabulas
1788 2337 2237 2420 inrepserunt3
2276 2336 2393 2417 hic,

367 2427 480 2511 qui
515 2448 598 2490 ne
634 2428 842 2490 utitur
881 2426 1137 2509 quidem
1174 2427 1326 2510 illis,
1364 2427 1433 2491 in
1470 2425 1703 2511 quibus
1742 2429 1845 2490 est
1884 2425 2185 2510 scriptuS‚
2228 2424 2392 2511 quod
2419 2433 2459 2475 2⁵

369 2536 625 2598 semper
665 2536 732 2578 00
770 2514 1254 2579 Heracliensem
1298 2535 1437 2578 esse
1474 2513 1701 2596 voluit,
1738 2513 2081 2578 reicietur?
2148 2511 2393 2579 Census

338 2607 626 2667 ·›n0stros
664 2602 960 2687 requiris.
1024 2600 1451 2704 Scilicetffest
1488 2601 1659 2666 enim
1698 2602 2044 2666 obscurum
2080 2601 2392 2686 proximis

367 2691 743 2755 censoribus
780 2691 952 2756 hunc
984 2713 1132 2755 cum
1161 2690 1525 2756 clarissimo
1554 2690 1968 2775 imperatore,
2004 2689 2075 2754 L.
2104 2689 2392 2770 Lucullo,

368 2778 538 2862 apud
586 2779 937 2845 exercitum
981 2779 1203 2863 fuisse,
1252 2777 1693 2864 superioribus
1739 2800 1885 2843 cum
1934 2778 2158 2843 eodem
2208 2799 2390 2862 quae-

368 2871 544 2931 store
589 2867 790 2931 fuisse
835 2867 906 2930 in
949 2867 1140 2950 Asia,
1195 2868 1451 2952 primis,
1506 2866 1675 2931 Iulio
1724 2870 1791 2930 et
1836 2865 2099 2950 OraSSO,
2143 2869 2389 2931 nullam
2414 2875 2458 2915 ³⁰

366 2955 596 3056 populi
641 2959 896 3039 partem
935 2976 1076 3018 esse
1115 2976 1393 3021 censam.
1458 2952 1602 3038 Sed,
1651 2955 1956 3039 quoniam
1996 2975 2226 3020 census
2264 2973 2389 3019 non

366 3044 469 3108 ius
531 3043 816 3108 civitatis
873 3043 1216 3108 confirmat
1273 3065 1348 3107 ac
1394 3047 1653 3107 tantum
1698 3043 1892 3108 modo
1938 3042 2183 3108 indicat
2232 3063 2389 3142 eum,

367 3132 478 3214 qui
527 3133 616 3196 sit
661 3152 918 3215 census,
964 3133 1061 3194 ita
1109 3153 1176 3195 se
1223 3131 1355 3196 iam
1399 3136 1541 3196 tum
1591 3131 1898 3217 gessisse,
1945 3153 2063 3216 pro
2114 3133 2269 3215 cive,
2312 3129 2386 3193 iis

365 3219 802 3304 temporibuS,
850 3241 1042 3303 quem
1087 3222 1161 3283 tu
1208 3219 1571 3284 criminaris
1617 3241 1700 3284 ne
1744 3221 1951 3304 ipsius
1999 3219 2257 3304 quidem
2302 3219 2387 3282 iu·

367 3308 534 3372 dicio
599 3309 671 3372 in
723 3307 960 3372 civium
1014 3306 1457 3373 Romanorum
1518 3307 1657 3372 iure
1715 3328 1858 3372 esse
1908 3311 2267 3392 versatum,
2325 3307 2385 3368 et
2408 3312 2451 3354 3⁵

365 3398 832 3460 testamentum
880 3417 1072 3479 saepe
1119 3395 1275 3460 fecit
1318 3396 1565 3460 nostris
1611 3394 1869 3481 legibus
1908 3400 1975 3460 et
2012 3395 2176 3461 adiit
2212 3397 2383 3461 here-

368 3483 605 3547 ditates
647 3483 880 3548 civium
910 3483 1357 3547 Romanorum
1402 3487 1468 3548 et
1502 3483 1573 3547 in
1599 3483 1928 3550 beneficiis
1958 3483 2041 3548 ad
2070 3484 2381 3550 aerarium
