2534 3875
285 187 420 251 216
750 187 847 241 DE
884 185 1076 241 LEGE
1112 185 1443 241 AGRARIA
1481 183 1751 240 ORATIO
1787 184 1855 241 11.

285 332 568 418 vigilare
615 332 750 397 dies
799 335 995 416 atque
1039 335 1265 397 noctes
1314 334 1381 395 et
1424 329 1695 395 intentis
1733 330 1935 395 oculis
1974 329 2185 395 omnis
2220 328 2325 395 rei

286 421 586 506 publicae
631 422 842 505 partis
889 420 1129 485 intueri
1172 418 1383 503 iubet,
1440 421 1660 483 tamen
1706 418 2063 503 paulisper,
2118 417 2177 481 si
2203 418 2323 481 'ita

288 507 700 575 commodum
755 512 1048 573 vestrum
1100 508 1257 590 fert,
1313 507 1644 572 coniveb0.
1745 505 1869 572 Sed
1925 506 1981 570 si
2035 506 2321 590 quinque

287 586 628 663 hominum
671 597 938 661 milibus
987 595 1070 661 ad
1113 596 1277 679 vim,
1321 595 1575 660 facinus
1621 594 2006 678 caedemque
2051 594 2320 658 delectis

287 686 470 751 locus
518 688 714 769 atque
761 685 946 768 urbS,
992 705 1156 768 quae
1204 684 1452 747 bellum
1496 682 1709 747 facere
1756 687 1950 768 atque
1994 682 2318 747 instruere
2350 698 2381 739 5

287 774 524 858 possit,
591 773 950 857 quaeritur,
1012 775 1318 837 tamenne
1382 772 1723 855 patiemini
1773 775 1992 835 vestro
2054 770 2318 837 nomine

289 866 520 928 contra
554 884 672 927 vos
711 861 962 927 firmari
989 882 1166 945 opes,
1203 861 1446 925 armari
1473 858 1815 944 praesidia,
1848 859 2063 943 urbes,
2100 879 2319 944 agros,

183 968 251 1017 78
290 952 512 1034 copias
570 950 980 1033 comparari?
1069 947 1244 1013 Nam
1302 969 1533 1033 agrum
1580 947 1840 1032 quidem
1892 945 2319 1033 Campanum,

290 1060 480 1123 quem
546 1037 734 1103 vobis
799 1040 1159 1121 ostentant,
1215 1037 1347 1121 ipsi
1406 1036 1939 1120 concupiverunt3
2001 1034 2318 1099 deducent

290 1148 470 1210 suos,
524 1147 798 1210 quorum
852 1126 1114 1190 nomine
1167 1124 1295 1207 ipsi
1361 1128 1625 1189 teneant
1680 1128 1745 1189 et
1796 1123 2125 1207 fruantur3
2180 1129 2319 1188 coe·
2348 1142 2408 1181 ιο

289 1217 468 1279 ment
512 1218 878 1297 praeterea3
923 1214 1052 1277 ista
1099 1212 1264 1277 dena
1308 1212 1537 1298 iugera
1582 1212 2071 1277 continuabunt.
2142 1210 2319 1275 Nam

291 1302 347 1366 si
401 1302 616 1366 dicent
669 1323 786 1387 per
830 1302 1043 1386 legem
1089 1301 1158 1365 id
1199 1322 1332 1365 non
1379 1301 1601 1384 licere,
1654 1322 1736 1365 ne
1782 1322 1898 1384 per
1944 1299 2320 1365 Corneliam

291 1390 550 1474 quidem
623 1390 802 1472 licet3
877 1394 947 1455 at
1010 1390 1302 1454 videmus
1312 1440 1330 1473 ,
1393 1393 1469 1453 ut
1538 1389 1899 1475 longinqua
1960 1388 2321 1471 mittamuS,

290 1499 524 1564 agrum
552 1477 1046 1543 Praenestinum
1085 1500 1124 1541 a
1150 1478 1375 1562 paucis
1402 1476 1737 1561 possideri.
1784 1476 2011 1561 Neque
2036 1476 2319 1542 istorum

290 1566 576 1650 pecuniis
635 1566 978 1650 quicquam
1035 1564 1212 1630 aliud
1269 1565 1490 1629 deesse
1535 1565 1723 1631 video
1779 1565 1909 1630 nisi
1956 1565 2091 1629 eius
2140 1564 2321 1630 modi
2348 1581 2406 1623 ιδ

287 1654 553 1737 fundos,
608 1676 884 1738 quorum
941 1653 1230 1719 subsidio
1277 1653 1679 1718 familiarum
1724 1653 2205 1738 magnitudines
2254 1657 2321 1717 et

291 1741 732 1808 Cumanorum
807 1764 882 1808 ac
953 1742 1463 1807 Puteolanorum
1534 1740 1943 1826 praediorum
2016 1745 2319 1824 sumptus

291 1834 660 1896 sustentare
688 1831 962 1915 possint.
1018 1828 1261 1905 Quodsi
1288 1833 1581 1895 vestrum
1610 1829 2017 1895 commodum
2046 1834 2320 1914 spectat,

291 1920 512 1986 veniat
576 1923 642 1984 et
706 1941 926 1984 coram
981 1941 1233 1984 mecum
1291 1917 1369 1982 de
1425 1918 1568 2004 agri
1628 1917 1943 2004 Campani
1998 1918 2319 1984 divisione

184 1987 270 2052 29
293 2009 599 2093 disputet.
691 2006 995 2083 Quaesivi
1052 2029 1128 2072 ex
1185 2028 1260 2072 eo
1316 2005 1629 2072 Kalendis
1674 2005 2022 2091 Ianuariis,
2078 2007 2317 2092 quibus
2346 2026 2405 2068 20

186 2065 254 2114 79
292 2097 664 2162 hominibus
731 2100 796 2160 et
861 2117 1052 2178 quem
1119 2095 1199 2160 ad
1264 2095 1529 2160 modum
1593 2095 1780 2159 illum
1845 2117 2076 2181 agrum
2142 2099 2319 2161 esset

291 2185 777 2249 distributurus.
865 2183 1226 2266 Respondit
1280 2205 1321 2248 a
1366 2183 1651 2248 Romilia
1703 2184 1881 2248 tribu
1928 2205 1996 2248 se
2050 2185 2317 2248 initium

289 2295 431 2338 esse
493 2273 837 2337 facturum.
937 2271 1229 2336 Primum
1297 2293 1461 2354 quae
1525 2276 1625 2336 est
1686 2272 1817 2336 ista
1882 2272 2186 2356 superbia
2250 2279 2320 2337 et

287 2361 720 2443 contumacia,
763 2363 839 2423 ut
891 2360 1116 2444 populi
1162 2381 1316 2444 pars
1363 2362 1763 2444 amputetur,
1818 2361 1974 2425 ordo
2022 2360 2318 2425 tribuum

290 2447 696 2532 neglegatur,
744 2451 896 2512 ante
932 2447 1192 2512 rusticis
1231 2447 1419 2511 detur
1456 2467 1629 2532 ager,
1671 2448 1782 2531 qui
1818 2449 2079 2532 habent,
2116 2471 2316 2534 quam
2345 2466 2401 2509 2⁶

290 2534 586 2620 urbanis,
646 2535 880 2618 quibus
941 2535 1072 2600 ista
1137 2535 1283 2620 agri
1342 2556 1489 2618 spes
1554 2539 1619 2600 et
1681 2536 2046 2601 iucunditas
2101 2542 2317 2603 osten-

289 2627 510 2691 ditur?
577 2629 731 2704 Aut,
770 2627 827 2690 si
862 2627 988 2692 hoc
1025 2627 1110 2691 ab
1147 2649 1217 2691 se
1255 2626 1498 2690 dictum
1534 2630 1754 2711 negat,
1788 2631 1866 2691 ut
1903 2627 2064 2692 satis
2100 2627 2320 2692 facere

288 2714 589 2778 omnibus
644 2714 832 2778 vobis
887 2713 1160 2797 cogitet,
1215 2713 1531 2798 proferat3
1594 2715 1665 2777 in
1718 2714 1947 2800 iugera
2003 2715 2170 2780 dena
2224 2715 2320 2779 di-

251 2879 260 2888 ·
290 2799 551 2883 scribat,
587 2822 627 2864 a
653 2795 994 2864 Suburana
1027 2819 1231 2882 usque
1271 2798 1354 2863 ad
1380 2799 1765 2863 Arniensem
1800 2799 2067 2863 nomina
2092 2802 2315 2865 vestra

288 2889 632 2972 proponat.
724 2885 794 2950 Si
839 2909 970 2951 non
1018 2887 1210 2950 modo
1257 2885 1423 2950 dena
1468 2886 1693 2971 iugera
1740 2887 1882 2951 dari
1926 2887 2142 2971 vobis,
2196 2887 2314 2952 sed
2340 2903 2397 2946 ao

287 2997 370 3040 ne
407 2974 766 3059 constipari
803 2975 1061 3059 quidem
1097 2977 1357 3039 tantum
1385 2996 1725 3038 numerum
1752 2974 2089 3040 hominum
2117 2997 2313 3059 posse

287 3065 358 3129 in
405 3084 634 3149 agrum
673 3061 1080 3147 Campanum
1123 3062 1540 3148 intellegetis,
1585 3065 1886 3127 tamenne
1921 3063 2141 3128 vexari
2175 3085 2314 3128 rem

287 3151 638 3237 publicam,
685 3152 1008 3216 contemni
1046 3151 1455 3215 maiestatem
1492 3151 1715 3234 populi
1753 3150 2051 3234 Romani,
2096 3150 2319 3218 deludi

288 3243 544 3306 vosmet
625 3240 806 3324 ipsos
879 3239 1120 3304 diutius
1197 3261 1235 3303 a
1306 3239 1572 3303 tribuno
1644 3238 1856 3322 plebis
1926 3239 2313 3324 patiemini?

184 3346 252 3394 80
293 3327 539 3404 Quodsi
582 3332 808 3413 posset
853 3349 1008 3413 ager
1051 3327 1176 3391 iste
1223 3327 1306 3390 ad
1349 3329 1467 3391 vos
1508 3328 1861 3412 pervenire,
1904 3349 2117 3392 nonne
2164 3349 2315 3392 eum
2341 3343 2397 3386 36

288 3421 510 3481 tamen
538 3417 608 3480 in
625 3416 1020 3501 patrimonio
1041 3419 1260 3481 vestro
1282 3435 1611 3479 remanere
1630 3415 1915 3479 malletis
1930 3415 1964 3479 ‘?
2009 3414 2315 3482 Unumne

288 3503 560 3568 fundum
615 3505 1124 3588 pulcherrimum
1179 3503 1407 3589 populi
1452 3502 1757 3586 Romani,
1816 3507 2011 3586 caput
2054 3509 2317 3570 vestrae
