2534 3875
695 938 792 1012 M.
853 938 1138 1012 TULLI
1196 940 1699 1018 CICERONIS

171 1104 382 1189 PRO
447 1104 532 1189 C.
572 1103 1014 1189 RABIRIO
1079 1104 1929 1194 PERDUELLIONIS
1992 1108 2205 1194 REO

666 1274 797 1348 AD
853 1274 1296 1361 QUIRITES
1352 1276 1724 1351 ORATIO.

894 1541 1485 1605 ARGUMENTUM.

314 1658 377 1713 T.
409 1658 694 1730 Labienus
729 1658 986 1713 tribunus
1021 1658 1172 1728 pleb.
1205 1658 1262 1713 C.
1294 1658 1526 1714 Rabirio
1564 1660 1967 1728 perduellionis
1997 1664 2209 1719 crimen

174 1730 446 1787 Cicerone
483 1729 713 1784 consule
748 1728 1014 1796 intendit,
1051 1728 1204 1797 quod
1239 1728 1298 1782 L.
1328 1730 1671 1799 Appuleium
1709 1730 2073 1787 Saturninum
2108 1736 2206 1789 tri-

175 1804 388 1856 bunum
443 1800 592 1871 pleb.
640 1816 729 1855 res
784 1816 961 1855 novas
1008 1799 1338 1855 molientem
1384 1800 1762 1856 interfecisset
1808 1802 1865 1857 C.
1913 1802 2092 1859 Mario
2143 1805 2203 1859 L.

174 1872 405 1927 Valerio
443 1888 583 1925 coss.
625 1886 672 1925 a.
710 1888 765 1925 u.
805 1888 850 1925 c.
891 1876 1010 1926 654.
1087 1870 1272 1925 Causa.
1308 1872 1441 1925 acta
1476 1874 1565 1927 est
1598 1873 1779 1942 primo
1818 1874 1970 1944 apud
2009 1874 2205 1929 duum-

172 1944 327 1999 viros
375 1943 610 2011 antiquo
657 1958 838 2010 more,
887 1942 986 1996 sed
1035 1944 1185 1996 sorte
1233 1959 1271 1996 a
1314 1945 1575 2012 praetore
1624 1944 1815 2012 datos,
1861 1962 1977 2000 non
2024 1963 2059 2000 a
2103 1965 2206 2016 po-

171 2014 308 2086 pulo
365 2013 620 2068 Romano
676 2029 830 2068 more
887 2015 947 2068 et
995 2013 1257 2068 instituto
1316 2017 1551 2070 creatos.
1635 2016 1683 2069 Ii
1729 2019 1892 2070 erant
1936 2016 1993 2072 C.
2044 2019 2104 2072 et
2140 2019 2203 2074 L.

171 2086 305 2140 lulii
340 2086 628 2141 Caesares.
684 2085 772 2138 Ab
809 2083 900 2138 his
939 2084 1344 2138 condemnatus
1382 2085 1647 2139 Rabirius
1683 2089 1956 2156 provocat
1993 2087 2067 2141 ad
2103 2105 2203 2158 po-

171 2157 387 2227 pulum.
446 2155 626 2220 Quam
665 2156 737 2210 ob
774 2172 894 2210 rem
931 2170 1102 2208 causa
1136 2157 1339 2223 postea
1377 2158 1507 2209 acta
1542 2159 1631 2210 est
1664 2158 1725 2211 in
1762 2174 1959 2227 campo
1994 2159 2204 2214 Martio

173 2227 421 2282 comitiis
467 2227 812 2282 centuriatis.
896 2225 1165 2279 Defendit
1213 2227 1271 2280 C.
1321 2227 1612 2281 Rabirium
1650 2227 1723 2283 M.
1766 2228 1960 2283 Cicero
2007 2230 2205 2284 consul

173 2316 224 2353 a.
265 2305 387 2366 691,
425 2297 526 2351 sed
573 2298 632 2350 in
677 2296 993 2352 semihorae
1037 2295 1376 2351 curriculum
1428 2300 1655 2352 coactus
1708 2315 1745 2352 a
1786 2299 2014 2354 tribuno
2050 2301 2201 2368 pleb.

171 2370 238 2424 T.
257 2369 526 2423 Labieno.
581 2369 658 2422 At
690 2367 872 2422 nihilo
907 2366 1092 2420 minus
1131 2383 1166 2420 a
1201 2367 1414 2436 populo
1445 2369 1851 2424 condemnatus
1881 2372 2032 2425 esset
2057 2387 2203 2440 reus,

170 2440 281 2495 nisi
309 2439 571 2494 Metellus
600 2437 759 2493 Celer
797 2454 977 2509 augur
1014 2441 1074 2492 et
1109 2440 1351 2506 praetor,
1391 2455 1517 2492 cum
1547 2455 1582 2492 a
1608 2439 1971 2495 multitudine
2001 2458 2060 2496 se
2087 2459 2205 2496 non

171 2509 357 2567 audiri
395 2513 454 2564 et
491 2509 547 2563 C.
587 2509 881 2563 Rabirium
919 2507 1119 2578 cupide
1157 2510 1517 2564 condemnari
1555 2509 1788 2579 videret,
1827 2512 2094 2565 vexillum
2132 2513 2203 2569 de

169 2582 423 2636 laniculo
462 2580 814 2648 detraxisset,
852 2581 919 2634 ut
953 2579 1069 2633 iam
1104 2579 1252 2634 nihil
1288 2581 1524 2635 sciscere
1559 2582 1769 2652 populo
1807 2583 1964 2637 Rom.
1988 2583 2200 2640 liceret.
2312 2649 2314 2652 Α

174 2651 434 2708 Comitiis
471 2667 607 2720 ergo
643 2653 778 2706 tunc
815 2649 1016 2706 solutis
1055 2650 1265 2705 abiecit
1300 2650 1361 2704 T.
1400 2651 1680 2706 Labienus
1718 2652 2017 2721 actionem,
2055 2656 2114 2708 et
2142 2654 2201 2710 C.

169 2723 434 2777 Rabirius
469 2723 744 2776 liberatus
783 2720 1057 2776 discessit.
1099 2751 1166 2761 —
1205 2721 1402 2776 Oratio
1441 2723 1608 2790 haec,
1647 2740 1761 2791 qua
1795 2725 1868 2779 M.
1910 2724 2102 2780 Cicero
2142 2724 2201 2781 C.

168 2793 463 2848 Rabirium
512 2793 788 2861 defendit,
835 2795 951 2847 inte
995 2807 1060 2844 ra
1103 2809 1219 2846 non
1255 2795 1368 2859 est,
1415 2809 1753 2861 quamquam
1790 2794 2009 2850 duobus
2048 2795 2196 2865 frag-

168 2867 373 2919 mentis
411 2881 442 2920 e
479 2864 823 2920 membranis
858 2863 918 2917 bi
955 2808 1242 2917 zothecae
1271 2862 1582 2918 Vaticanae
1621 2881 1655 2918 a
1681 2864 1994 2921 Niebuhr-io
2024 2869 2199 2921 erutis

171 2935 417 2990 adaucta
451 2953 598 2990 nunc
635 2935 854 3004 legitur.

300 3167 478 3252 Etsi,
533 3166 846 3250 Quirites,
899 3189 1034 3232 non
1088 3171 1188 3232 est
1243 3188 1425 3231 meae
1477 3167 1961 3232 consuetudinis
2006 3167 2195 3233 initio
2240 3152 2272 3214 l

171 3255 419 3322 dicendi
476 3258 800 3322 rationem
845 3255 1136 3338 reddere,
1193 3266 1322 3338 q'ua
1368 3255 1445 3318 de
1484 3275 1679 3319 causa
1726 3277 2043 3341 quemque
2089 3257 2190 3320 de·
2236 3229 2265 3276 ¹

167 3343 445 3428 fendam,
482 3348 830 3429 propterea
867 3343 1040 3428 quod
1078 3366 1224 3409 cum
1263 3343 1565 3408 omnibus
1594 3342 1845 3408 civibus
1872 3344 1941 3408 in
1971 3365 2193 3408 eorum

169 3433 470 3516 periculis
529 3454 784 3516 semper
832 3432 992 3497 satis
1038 3431 1281 3496 iustam
1329 3430 1491 3494 mihi
1539 3451 1797 3494 causam
1843 3431 2193 3496 necessitu-

116 3537 142 3576 5
169 3521 336 3586 dinis
373 3541 515 3586 esse
554 3521 725 3604 duxi,
760 3525 981 3586 tamen
1017 3520 1088 3583 in
1123 3521 1246 3584 hac
1285 3517 1656 3582 defensione
1690 3518 1942 3603 capitiS,
1978 3519 2191 3584 famae
