2534 3875
309 633 380 682 13

345 1743 390 1808 5

325 3104 394 3154 15

423 207 559 272 344
1021 205 1168 262 PRO
1205 205 1265 260 P.
1307 205 1539 260 SULLA
1569 203 1859 261 ORATIO.

417 373 584 437 quae
628 351 804 416 facta
849 353 1077 416 contra
1121 372 1257 432 voe,
1305 350 1525 415 delata
1570 350 1650 414 ad
1696 371 1833 433 voS,
1878 372 1918 414 a
1963 348 2143 416 vobis
2180 348 2371 434 prolata

415 461 560 505 esse
623 439 885 521 dicitur,
949 460 1071 523 ego
1134 437 1327 503 testis
1392 459 1534 504 esse
1594 459 1726 503 non
1788 437 2008 522 potui3
2072 459 2186 502 non
2234 435 2367 500 modo

418 528 637 593 animo
699 526 867 592 nihil
921 526 1232 610 comperi,
1298 526 1411 592 sed
1474 525 1583 591 vix
1638 525 1721 591 ad
1776 547 1967 590 aures
2030 545 2192 589 meas
2238 523 2368 588 istius

419 615 805 700 suspicionis
887 615 1066 680 fama
1143 614 1457 700 pervenit.
1575 612 1701 689 Qui
1772 613 1963 679 vobis
2038 614 2106 677 in
2171 611 2367 677 consilio

417 705 708 784 fuerunt,
772 704 883 788 qui
947 702 1286 768 vobiscum
1349 703 1468 768 illa
1533 705 1927 787 cognorunt,
1995 701 2212 786 quibus
2260 698 2395 783 ipsis⁵

419 792 775 877 periculum
829 796 971 856 tum
1025 791 1295 856 conflari
1347 791 1737 875 putabatur,
1792 791 1904 874 qui
1951 789 2253 855 Autronio
2284 809 2369 851 non

422 881 798 963 adfuerunt,
863 879 975 964 qui
1037 879 1107 944 in
1172 879 1362 944 illum
1416 879 1797 944 testimonia
1850 878 2083 964 gravia
2135 877 2370 956 dixerunt,

419 970 593 1035 hunc
640 967 1010 1048 defendunt,
1053 967 1207 1032 huic
1253 967 1510 1050 adsunt,
1555 967 1625 1031 in
1670 967 1864 1032 huius
1910 966 2195 1052 periculo
2232 964 2371 1029 decla-

421 1061 574 1122 rant
620 1078 688 1122 se
735 1079 869 1121 non
904 1056 1176 1121 crimine
1213 1055 1701 1139 coniurationiS,
1745 1077 1826 1119 ne
1866 1055 2165 1120 adessent
2195 1051 2372 1132 ceteris,

423 1145 534 1211 sed
597 1145 940 1210 hominum
1002 1143 1323 1208 maleficio
1379 1143 1724 1208 deterritos
1780 1165 1939 1208 esse.
2042 1142 2169 1208 Mei
2214 1151 2409 1207 consu-1·

421 1234 597 1298 latus
644 1237 862 1298 autem
909 1236 1168 1317 tempus
1214 1236 1283 1296 et
1328 1233 1572 1298 crimen
1618 1231 1941 1298 maximae
1989 1228 2373 1298 coniurationis

424 1344 466 1387 a
540 1343 642 1386 me
718 1320 1111 1386 defendetur.
1224 1320 1445 1404 Atque
1517 1319 1681 1386 haec
1752 1320 1927 1387 inter
2001 1343 2123 1387 nos
2180 1315 2374 1403 partitio

425 1409 875 1492 [defensionis]
951 1431 1083 1474 non
1148 1412 1250 1473 est
1313 1410 1614 1488 fortuito,
1685 1409 1963 1493 iudiceS,
2036 1431 2152 1474 nec
2206 1411 2375 1471 temere

425 1499 630 1579 facta3
680 1497 812 1580 sed,
857 1519 1004 1563 cum
1039 1497 1405 1562 videremus
1444 1519 1666 1562 eorum
1706 1498 2051 1562 criminum
2086 1518 2197 1562 nos
2230 1497 2377 1579 patro-
2425 1535 2426 1560 ÷

424 1608 547 1652 nos
603 1586 926 1668 adhiberi,
984 1607 1261 1670 quorum
1315 1588 1518 1651 testes
1566 1607 1709 1651 esse
1753 1607 2127 1671 possemus,
2178 1563 2426 1684 uterque&

424 1679 722 1740 nostrum
767 1675 834 1738 id
881 1674 1009 1739 sibi
1055 1674 1533 1757 suscipiendum
1578 1674 1865 1759 putavit,
1910 1675 1994 1739 de
2042 1696 2166 1759 quo
2206 1667 2378 1753 aliquid
2390 1711 2427 2178 ἱ

356 1822 391 1870 4
429 1764 594 1829 scire
657 1763 796 1846 ipse
863 1766 1058 1847 atque
1124 1761 1499 1827 existimare
1553 1763 1892 1846 potuisset.
1993 1761 2089 1828 Et
2150 1759 2378 1846 quoniam

429 1852 506 1917 de
545 1850 924 1916 criminibus
965 1850 1320 1935 superioris
1358 1851 1826 1917 coniurationis
1854 1850 2262 1916 Hortensium
2290 1845 2378 1909 dili-

430 1943 661 2027 genter
708 1940 1002 2024 audistis,
1048 1941 1126 2004 de
1172 1939 1299 2004 hac
1336 1940 1803 2023 coniuratione,
1848 1962 2017 2024 quae
2054 1962 2156 2006 me
2191 1934 2378 2004 consule

427 2030 604 2094 facta
652 2032 778 2111 est,
823 2028 949 2094 hoc
992 2028 1277 2112 primum
1326 2028 1661 2094 attendite.

559 2116 790 2198 Multa,
838 2138 983 2183 cum
1029 2138 1241 2182 essem
1287 2116 1534 2197 consul,
1580 2118 1658 2183 de
1705 2118 1980 2182 summis
2026 2117 2123 2182 rei
2156 2113 2379 2203 publicae

427 2204 736 2291 periculis
776 2205 1009 2289 audivi,
1056 2206 1268 2270 multa
1305 2205 1611 2289 quaesivi,
1650 2205 1858 2270 multa
1894 2205 2196 2292 cognovi3
2228 2201 2381 2267 nullus

428 2316 738 2378 umquam
794 2294 873 2359 de
929 2291 1114 2359 Sulla
1165 2295 1433 2359 nuntius
1490 2293 1573 2359 ad
1625 2316 1756 2378 me,
1818 2293 2079 2359 nullum
2130 2290 2381 2367 indicium,

427 2383 648 2447 nullae
703 2382 962 2447 litterae
1015 2386 1476 2466 pervenerunt,
1541 2382 1723 2447 nulla
1776 2382 2078 2466 suspicio.
2174 2380 2382 2446 Multum

426 2471 589 2536 haec
643 2492 770 2535 vox
831 2469 1114 2535 fortasse
1172 2471 1389 2535 valere
1454 2470 1718 2536 deberet
1780 2469 1918 2535 eius
1973 2469 2268 2551 hominis,
2314 2462 2424 2548 qui*

430 2558 658 2624 consul
740 2557 1012 2623 insidias
1093 2560 1189 2623 rei
1261 2559 1561 2642 publicae
1635 2559 1904 2624 consilio
1978 2556 2385 2642 investigasset,

430 2646 708 2711 veritate
782 2647 1171 2731 aperuisset,
1252 2646 1699 2731 magnitudine
1774 2646 1974 2712 animi
2049 2642 2385 2718 vindicasset,

430 2757 578 2801 cum
624 2734 682 2798 is
721 2756 790 2799 se
834 2734 1000 2799 nihil
1048 2735 1306 2801 audisse
1352 2735 1430 2799 de
1475 2735 1547 2800 P.
1596 2733 1797 2819 Sulla,
1840 2735 2010 2800 nihil
2057 2734 2385 2821 suspicatum

430 2844 572 2887 esse
619 2822 877 2888 diceret.
943 2821 1068 2888 Sed
1116 2844 1238 2909 ego
1285 2823 1575 2889 nondum
1620 2827 1771 2888 utor
1814 2824 1938 2889 hac
1972 2846 2131 2889 voce
2168 2821 2241 2887 ad
2268 2820 2383 2883 hunc

430 2910 923 2993 defendendum3
959 2913 1039 2977 ad
1076 2912 1488 2998 purgandum
1526 2933 1631 2976 me
1665 2912 1885 2997 potius
1922 2916 2089 2996 utar,
2126 2915 2196 2977 ut
2224 2902 2383 2973 mirari

430 2999 803 3083 Torquatus
870 3000 1126 3065 desinat
1193 3021 1324 3082 me,
1389 3001 1502 3085 qui
1559 3001 1882 3066 Autronio
1936 3022 2068 3066 non
2123 2993 2384 3069 adfuerim,

437 3087 689 3154 Sullam
765 3088 1122 3153 defendere.
1232 3087 1411 3163 Quae
1478 3090 1649 3153 enim
1712 3088 1997 3154 Autroni
2057 3088 2181 3153 fuit
2234 3100 2385 3157 causa,

432 3198 597 3262 quae
653 3174 875 3241 Sullae
935 3177 1080 3243 est?
1179 3175 1305 3241 Ille
1373 3177 1659 3241 ambitus
1721 3177 2029 3242 iudicium
2095 3175 2299 3242 tollere
2337 3187 2385 3230 ac

434 3263 806 3354 disturbare
877 3264 1166 3350 primum
1245 3264 1531 3330 conflato
1605 3264 1817 3330 voluit
1891 3264 2303 3349 gladiatorum
2337 3274 2386 3319 80

427 3351 858 3435 fugitivorum
904 3354 1221 3434 tumultu,
1266 3351 1514 3437 deinde,
1559 3352 1626 3416 id
1675 3353 1847 3437 quod
1890 3352 2169 3418 vidimus
2208 3352 2421 3421 om11es‚²a

430 3438 834 3522 lapidatione
882 3443 1077 3523 atque
1122 3462 1471 3524 concursu3
1520 3439 1730 3525 Sulla,
1777 3442 1833 3505 si
1880 3440 2007 3506 sibi
2054 3460 2201 3506 suus
2236 3433 2388 3523 pudor

432 3546 508 3588 ac
553 3523 839 3609 dignitas
885 3548 1017 3592 non
1052 3527 1414 3613 prodesset,
1458 3528 1715 3594 nullum
1750 3529 2067 3597 auxilium
2101 3520 2389 3613 requisivit.
