2534 3875
795 147 950 205 CAP.
991 155 1076 217 60,
1115 155 1181 204 61
1223 155 1253 214 ς
1296 154 1605 204 165-111.-
2098 151 2225 216 165

190 294 300 378 qui
339 294 440 359 sui
464 292 706 377 luctUS,
743 297 963 377 pater3
998 297 1204 377 pater,
1241 292 1529 377 inquam,
1564 294 1743 357 illius
1774 294 2227 380 adulescentiS,

189 404 384 466 quem
427 385 705 466 propter
753 383 956 447 animi
1002 382 1295 445 dolorem
1339 381 1671 465 pertenuis
1722 382 2003 465 suspicio
2040 388 2227 467 potu-

189 472 350 535 isset
421 492 500 533 ex
571 470 687 534 illo
757 470 900 535 loco
969 472 1208 534 testem
1279 470 1348 533 in
1412 470 1491 534 A.
1550 468 1923 534 Cluentium
1990 472 2225 536 consti-

187 562 398 642 tuere,
451 558 510 623 is
565 558 738 623 hunc
793 580 912 622 suo
966 558 1346 623 testimonio
1409 559 1732 642 sublevat3
1786 558 1957 644 quod
2002 562 2224 625 recita.

139 664 164 704 5
192 646 292 711 Tu
329 650 570 728 autem,
605 646 736 711 nisi
773 647 1124 711 molestum
1154 649 1275 727 est,
1312 647 1646 746 paulisper
1674 668 1974 732 exsurge3
2010 648 2227 731 perfer

189 736 364 801 hunc
429 735 723 799 dolorem
783 697 1421 799 commemorationis
1475 736 1908 819 necessariae,
1969 735 2041 800 in
2098 758 2227 837 qua

191 845 316 909 ego
387 823 632 887 diutius
697 845 832 887 non
897 823 1228 923 morabor,
1296 824 1628 907 quoniam,
1694 825 1867 907 quod
1920 823 2047 888 fuit
2100 825 2226 888 viri

191 912 457 997 optimi,
502 912 733 987 fecisti,
778 915 854 975 ut
897 932 980 974 ne
1026 911 1129 975 cui
1173 910 1505 976 innocenti
1551 932 1808 976 maeror
1856 916 2007 977 tuus
2054 913 2224 977 cala-

189 1001 494 1065 mitatem
541 1003 609 1063 et
652 1000 893 1063 falsum
941 999 1184 1063 crimen
1231 998 1531 1065 adferret.
2246 1052 2329 1117 61

117 1107 164 1147 ιο
325 1088 550 1154 Unum
601 1088 803 1152 etiam
848 1087 1012 1151 mihi
1055 1088 1378 1172 reliquum
1418 1089 1553 1151 eius
1592 1090 1769 1153 modi
1808 1089 2051 1171 crimen
2090 1094 2209 1173 est,
2234 1131 2333 1179 169

189 1178 463 1260 iudiceS,
519 1198 597 1241 ex
645 1198 772 1259 quo
819 1176 980 1239 illud
1027 1176 1395 1260 perspicere
1441 1177 1745 1261 possitiS,
1801 1166 1971 1261 quod
2020 1200 2060 1242 a
2105 1200 2209 1241 me

192 1266 380 1329 initio
441 1265 758 1330 orationis
813 1286 995 1329 meae
1051 1264 1297 1329 dictum
1358 1269 1485 1349 est,
1544 1265 1849 1350 quicquid
1909 1267 2063 1331 mali
2112 1288 2229 1351 per

191 1354 388 1420 hosce
444 1374 651 1418 annos
692 1353 768 1416 A.
817 1351 1156 1417 Cluentius
1211 1352 1476 1435 viderit,
1532 1354 1835 1438 quicquid
1888 1354 2015 1419 hoc
2070 1358 2229 1418 tem·
2305 1400 2315 1407 -

16 1516 18 1521 ,
192 1464 350 1527 pore
395 1442 640 1506 habeat
676 1441 1134 1508 sollicitudinis
1183 1462 1258 1505 ac
1294 1440 1564 1525 negotii,
1608 1442 1677 1504 id
1714 1463 1904 1505 omne
1942 1464 1981 1506 a
2018 1447 2228 1507 matre

16 1524 18 1557 ²
119 1548 166 1588 15
193 1552 334 1595 esse
415 1530 786 1595 conflatum.
894 1528 1325 1615 Oppianicum
1390 1551 1637 1593 veneno
1700 1534 2005 1595 necatum
2070 1552 2230 1611 esse,

16 1614 18 1633 '
193 1620 366 1703 quod
413 1619 475 1683 ei
520 1618 746 1682 datum
793 1618 882 1682 sit
925 1618 995 1681 in
1039 1639 1207 1701 pane
1255 1638 1373 1703 per
1407 1617 1493 1682 M.
1522 1617 1850 1681 Asellium
1889 1618 2228 1702 quendam,

190 1706 586 1771 familiarem
642 1707 850 1790 illius,
913 1706 1109 1789 idque
1161 1704 1398 1770 Habiti
1452 1706 1724 1771 consilio
1778 1705 2026 1770 fact-um
2087 1728 2229 1771 esse

193 1796 428 1861 dicitis.
537 1795 616 1859 In
692 1816 819 1878 quo
882 1796 1167 1879 primum
1231 1794 1396 1858 illud
1460 1814 1729 1877 quaero,
1804 1816 1970 1877 quae
2034 1816 2229 1858 causa

194 1883 444 1949 Habito
491 1883 711 1966 fuerit,
758 1904 871 1949 cur
915 1884 1279 1948 interficere
1326 1881 1757 1968 Oppianicum
1802 1884 2020 1948 vellet.
2102 1881 2229 1946 Ini-

123 1987 171 2025 20
197 1972 480 2038 micitias
511 1973 684 2036 enim
715 1974 914 2053 [inter
940 1973 1152 2056 ipsos]
1181 1972 1384 2036 fuisse
1415 1971 1756 2054 confiteor-3
1792 1971 1905 2036 sed
1929 1971 2227 2035 homines

194 2061 492 2126 inimicos
523 2083 676 2125 suos
704 2063 918 2124 morte
948 2060 1139 2124 adfici
1164 2062 1413 2144 volunt,
1443 2064 1558 2124 aut
1587 2061 1761 2144 quod
1789 2081 1898 2124 eos
1929 2063 2229 2124 metuunt
2296 2063 2349 2118 ε)

197 2153 310 2214 aut
361 2149 536 2233 quod
581 2149 876 2213 oderunt.
951 2147 1091 2224 Quo
1138 2150 1401 2213 tandem
1447 2148 1652 2232 igitur
1697 2147 1985 2213 Habitus
2031 2152 2210 2212 metu
2234 2167 2339 2216 170

197 2238 514 2303 adductus
558 2241 818 2302 tantum
864 2238 935 2301 in
981 2258 1049 2301 se
1092 2235 1347 2301 facinus
1395 2238 1722 2321 suscipere
1772 2239 2044 2301 conatus
2084 2236 2227 2300 est?

199 2327 351 2411 quid
399 2329 569 2409 erat,
615 2326 788 2410 quod
824 2326 958 2390 iam
1004 2323 1432 2410 Oppianicum
1479 2346 1692 2410 poena
1738 2324 2061 2389 adfectum
2105 2346 2228 2407 pro

125 2427 173 2466 2⁵
199 2414 538 2479 maleficiis
605 2419 671 2478 et
735 2415 1010 2479 eiectum
1075 2435 1110 2477 e
1177 2413 1445 2479 civitate
1510 2413 1857 2497 quisquam
1919 2413 2228 2478 timeret?

16 2491 23 2588 J
199 2503 353 2588 quid
427 2503 801 2567 metuebat?
872 2524 956 2567 116
1021 2505 1512 2588 oppugnaretur
1577 2523 1617 2565 a
1680 2501 1935 2585 perdito
2001 2523 2086 2566 an
2147 2523 2229 2566 ne

199 2594 612 2658 accusaretur
667 2613 706 2655 a
760 2591 1072 2655 damnato
1129 2613 1213 2654 an
1258 2612 1341 2654 ne
1388 2590 1631 2654 exsulis
1676 2589 2055 2655 testimonio
2102 2590 2231 2654 lae-

199 2679 508 2744 deretur?
601 2676 670 2744 Si
726 2683 971 2762 autem,
1027 2679 1200 2763 quod
1254 2679 1483 2742 oderat
1536 2677 1821 2743 Habitus
1874 2678 2232 2762 inimicum,

198 2767 437 2832 idcirco
483 2767 668 2832 illum
712 2769 853 2832 vita
894 2767 1026 2830 frui
1071 2767 1311 2850 noluit,
1358 2767 1601 2846 adeone
1649 2770 1814 2839 erat,
1838 2767 2109 2848 stultus,
2156 2773 2231 2832 ut

127 2869 176 2908 3⁰
199 2856 405 2940 illam,
450 2878 645 2940 quam
690 2860 834 2920 tum
879 2856 992 2919 ille
1035 2855 1312 2938 vivebat,
1356 2855 1563 2920 vitam
1600 2875 1743 2920 esse
1782 2855 2231 2939 arbitraretur,

201 2943 519 3027 damnati,
574 2945 846 3026 exsulis,
900 2944 1144 3007 deserti
1201 2943 1284 3007 ab
1332 2944 1660 3026 omnibuS,
1716 2965 1909 3028 quem
1965 2947 2233 3028 propter

201 3033 403 3097 animi
437 3033 1002 3114 importunitatem
1036 3040 1229 3096 nemo
1256 3031 1542 3114 recipere
1573 3035 1767 3115 tecto,
1811 3052 2005 3095 nemo
2035 3031 2231 3111 adire,

201 3141 390 3185 nemo
447 3120 740 3205 adloqui,
794 3142 986 3184 nemo
1045 3119 1375 3205 adspicere
1421 3120 1667 3184 vellet?
1760 3117 1973 3183 Huius
2026 3117 2232 3203 igitur

199 3209 487 3274 Habitus
533 3210 709 3274 vitae
756 3208 1136 3274 invidebat?
1219 3208 1408 3272 Hunc
1457 3207 1513 3270 si
1560 3207 1791 3272 acerbe
1839 3210 1907 3270 et
1950 3207 2211 3289 penitus
2237 3225 2335 3275 171

130 3311 177 3352 ³⁵
204 3297 449 3381 oderat,
485 3317 618 3362 non
657 3319 803 3361 eum
842 3318 1036 3381 quam
1075 3295 1441 3360 diutissime
1469 3295 1687 3359 vivere
1715 3294 1883 3359 velle
1912 3293 2231 3358 debebat?

199 3385 362 3451 huic·
401 3390 683 3450 mortem
741 3384 1122 3449 maturabat
1177 3383 1506 3465 inimicust,
1563 3382 1735 3466 quod
1778 3381 1882 3445 illi
1916 3403 2118 3445 unum
2164 3383 2235 3446 in

202 3474 392 3539 malis
451 3477 593 3538 erat
645 3473 1016 3558 perfugium
1063 3470 1503 3536 calamitatis?
1551 3468 1676 3544 Qui
1726 3470 1783 3533 si
1830 3467 1985 3552 quid
2030 3468 2235 3532 animi
