2534 3875
859 176 1012 233 CAP.
1053 184 1110 245 7,
1151 182 1184 232 8
1224 183 1253 243 ς
1296 184 1521 232 16—20.
2042 177 2171 243 437

137 320 216 384 de
265 318 640 385 Tusculano
697 320 781 385 ad
825 321 984 386 item
1033 320 1315 387 vicinum
1363 322 1640 386 alterum
1687 322 2019 387 consulem
2067 322 2175 387 de-

134 406 551 492 ferebantur,
614 429 760 472 cum
824 409 1032 473 isdem
1087 408 1303 493 operis
1360 409 1742 493 suffragium
1796 409 2173 494 ferentibus,

138 494 372 560 eodem
414 495 778 579 gladiatore
814 497 1042 581 latore,
1087 518 1293 562 vacuo
1330 518 1464 562 non
1499 497 1692 562 modo
1730 520 1771 561 a
1805 497 2013 581 boniS,
2060 500 2172 563 sed

8 580 10 589 '
140 583 346 647 etiam
385 605 425 647 a
452 583 676 647 liberis
707 589 902 669 atque
929 585 1107 649 inani
1134 585 1299 668 forO,
1325 584 1555 671 ignaro
1583 586 1827 669 populo
1857 585 2173 670 Romane,

87 687 114 728 5
140 671 302 755 quid
339 676 661 757 ageretur,
707 677 936 738 senatu
971 694 1127 737 vero
1164 694 1479 758 oppresso
1518 678 1585 737 et
1622 674 1882 755 adflicto
1922 673 2171 737 duobus

138 759 365 843 impiis
437 759 832 845 nefariisque
904 761 1277 825 consulibus
1352 762 1700 846 aerarium,
1781 762 2171 847 provinciae,

138 848 467 933 legiones,
511 847 788 933 imperia
834 848 1259 914 donabantur.

277 934 532 1000 Horum
587 937 923 1002 consulum
981 936 1200 1001 ruinas
1257 959 1375 1002 vos
1431 938 1730 1003 consules
1775 942 1998 1003 vestra
2046 938 2171 1001 vir·
2208 938 2249 1003 8

139 1027 288 1089 tute
358 1023 637 1089 fulsistis
709 1047 966 1090 summa
1033 1027 1442 1090 tribunorum
1516 1026 1605 1110 pl.
1668 1030 2170 1111 praetorumque

62 1129 114 1168 1⁰
138 1112 270 1176 fide
317 1115 384 1176 et
419 1111 758 1198 diligentia
803 1113 1144 1179 sublevati.
1235 1111 1404 1189 Quid
1449 1135 1571 1199 ego
1620 1115 1697 1179 de
1744 1114 2169 1199 praestantis-
2210 1130 2276 1179 19

143 1200 312 1264 simo
378 1200 546 1283 viro,
610 1201 682 1265 Τ.
737 1200 985 1285 Annio,
1051 1201 1286 1284 dicam,
1350 1206 1465 1266 aut
1523 1203 1667 1286 quis
1723 1202 1801 1267 de
1855 1202 1977 1267 tali
2031 1203 2171 1267 eive

141 1288 307 1353 satis
356 1288 551 1374 digne
595 1310 905 1373 umquam
950 1290 1297 1373 loquetur?
1379 1287 1505 1365 Qui
1550 1312 1696 1355 cum
1742 1290 1992 1355 videret
2037 1311 2169 1355 sce-

139 1377 426 1441 leratum
472 1376 840 1442 civemaut
877 1377 1297 1443 domesticum
1334 1378 1553 1461 potius
1589 1378 1867 1463 hostem,
1916 1380 1972 1443 si
2008 1379 2170 1465 legi-

140 1464 267 1529 bus
313 1464 412 1528 uti
457 1464 706 1548 liceret,
761 1464 998 1531 iudicio
1046 1486 1188 1530 esse
1232 1464 1692 1551 frangendum,
1738 1467 1842 1531 sin
1885 1467 2031 1551 ipsa
2075 1470 2165 1531 iu-

64 1570 113 1611 15
142 1552 314 1617 dicia
393 1553 493 1618 vis
566 1554 910 1638 impediret
982 1576 1056 1619 ac
1126 1553 1416 1638 tolleret,
1499 1554 1836 1619 audaciam
1908 1554 2170 1638 virtute,

8 1704 9 1721 ¹
139 1641 429 1705 furorem
454 1640 854 1723 fortitudine,
881 1642 1321 1706 temeritatem
1343 1642 1630 1726 consilio,
1658 1664 1923 1707 manum
1946 1642 2170 1726 copiis,

141 1729 276 1794 vim
349 1729 418 1793 vi
488 1749 630 1793 esse
703 1730 1158 1814 superandam,
1229 1729 1445 1813 primo
1511 1731 1587 1794 de
1650 1730 1718 1795 vi
1780 1730 2169 1815 postulavit3

8 1822 9 1887 l
141 1820 569 1902 posteaquam
625 1817 706 1882 ab
764 1818 989 1882 eodem
1043 1817 1283 1882 iudicia
1337 1818 1597 1882 sublata
1653 1839 1795 1883 esse
1839 1817 2032 1900 vidit,
2086 1837 2168 1882 ne

12 1951 16 1958 -
140 1906 256 1970 ille
295 1905 514 1971 omnia
548 1904 614 1972 vi
650 1909 875 1991 posset
911 1905 1184 1989 efficere,
1230 1906 1509 1992 curavit3
1556 1906 1667 1990 qui
1706 1906 1923 1972 docuit
1958 1927 2167 1989 neque

61 2013 115 2052 20
141 1999 320 2060 tecta
388 2016 596 2083 neque
669 1996 917 2080 templa
988 2017 1196 2079 neque
1259 1994 1474 2060 forum
1537 2017 1655 2059 nec
1719 1995 1963 2060 curiam
2030 1995 2167 2059 sine

143 2105 400 2148 summa
452 2082 694 2147 virtute
748 2105 823 2148 ac
878 2083 1178 2148 maximis
1236 2083 1469 2167 opibus
1516 2088 1583 2147 et
1628 2083 1831 2166 copiis
1877 2082 1960 2146 ab
2005 2083 2168 2146 inte-

145 2172 319 2236 stino
366 2170 710 2236 latrocinio
756 2192 948 2255 posse
996 2171 1267 2254 defendi,
1316 2172 1426 2254 qui
1473 2171 1722 2255 primus
1759 2174 1912 2254 post
1950 2191 2166 2234 meum

146 2259 500 2324 discessum
565 2263 809 2323 metum
875 2259 1090 2342 boniS,
1163 2281 1346 2343 spem
1411 2259 1759 2324 audacibus
1770 2309 1788 2342 ,
1864 2257 2167 2323 timorem

145 2348 295 2413 huic
324 2347 552 2430 ordini,
590 2347 971 2412 servitutem
1000 2347 1244 2432 depulit
1272 2346 1543 2411 civitati.
1608 2344 1818 2421 Quam
1845 2347 2165 2411 rationem
2204 2362 2275 2414 20

67 2453 119 2494 2⁵
146 2436 291 2521 pari
348 2435 616 2518 virtute,
672 2435 919 2519 animo,
972 2434 1096 2499 fide
1141 2434 1210 2499 P.
1257 2433 1506 2499 Sestius
1552 2439 1812 2499 secutus
1856 2456 1977 2518 pro
2024 2455 2169 2498 mea

149 2525 374 2606 salute,
411 2545 531 2608 pro
570 2527 792 2588 vestra
827 2523 1236 2607 auctoritate,
1269 2544 1389 2606 pro
1428 2525 1608 2587 statu
1636 2523 1921 2588 civitatis
1949 2523 2165 2587 nullas

149 2613 274 2677 sibi
315 2612 718 2696 inimicitias,
771 2613 1026 2676 nullam
1071 2611 1232 2695 vim,
1287 2611 1505 2676 nullos
1550 2611 1862 2694 impetus,
1909 2611 2166 2676 nullum

29 2731 36 2742 ·
147 2701 320 2766 vitae
357 2699 703 2764 discrimen
739 2700 1071 2764 vitandum
1105 2721 1412 2783 umquam
1443 2699 1727 2783 putavit3
1764 2699 1875 2783 qui
1904 2721 2167 2764 causam

153 2792 412 2853 senatus
479 2788 878 2872 exagitatam
933 2788 1345 2854 contionibus
1399 2787 1846 2872 improborum
1901 2788 1995 2852 sic
2050 2809 2169 2852 sua

71 2895 124 2934 30
152 2877 488 2962 diligentia
539 2875 942 2941 multitudini
989 2876 1491 2956 commendavit,
1542 2879 1619 2940 ut
1662 2875 1827 2940 nihil
1873 2879 2012 2940 tam
2058 2897 2168 2960 po-

150 2965 375 3050 pulare
449 2986 641 3048 quam
716 2968 1008 3028 vestrum
1078 2983 1343 3042 nomen,
1414 2963 1581 3027 nihil
1651 2967 1791 3028 tam
1867 2963 2168 3027 omnibus

153 3075 369 3118 carum
434 3052 781 3137 aliquando
851 3074 1045 3136 quam
1112 3055 1334 3117 vestra
1396 3051 1749 3116 auctoritas
1812 3051 2166 3134 videretur3

155 3142 262 3226 qui
335 3163 439 3206 me
511 3163 657 3206 cum
731 3141 1030 3206 omnibus
1101 3140 1295 3205 rebus
1304 3190 1323 3223 ,
1399 3140 1634 3224 quibus
1705 3138 2008 3203 tribunus
2081 3139 2167 3222 pl.

154 3230 382 3314 potuit,
427 3228 730 3313 defendit,
775 3233 918 3293 tum
954 3229 1220 3312 reliquis
1258 3227 1512 3311 officiis,
1555 3228 1739 3292 iuxta
1776 3248 1851 3291 ac
1890 3225 1947 3290 si
1982 3247 2166 3290 meus

72 3334 124 3376 35
154 3319 354 3382 frater
399 3321 588 3401 esset,
634 3317 1053 3400 sustentavit3
1099 3316 1281 3381 cuius
1329 3336 1448 3401 ego
1487 3314 1849 3399 clientibuS,
1892 3314 2167 3398 libertis,
2268 3339 2273 3351 ·

154 3405 428 3485 familia,
481 3405 710 3490 copiis,
764 3404 1007 3469 litteris
1052 3404 1149 3468 ita
1195 3426 1341 3468 sum
1388 3407 1820 3486 sustentatus,
1864 3407 1939 3467 ut
1984 3425 2167 3468 meae

159 3493 544 3558 calamitatis
607 3514 740 3558 non
801 3493 1060 3557 adiutor
1123 3491 1361 3574 solum,
1421 3512 1645 3554 verum
1700 3491 1896 3555 etiam
1953 3493 2168 3556 socius
