2534 3875
363 182 492 245 110
886 180 1029 235 PRO
1068 181 1134 236 A.
1174 179 1538 236 CLUENTIO
1578 179 1867 238 ORATIO.

254 344 321 391 26
456 330 460 334 ’
493 324 789 390 Primum
851 324 1064 390 videte
1135 325 1423 390 hominis
1499 324 1853 391 audaciam.
1964 323 2254 391 Sassiam
2330 325 2402 390 in

360 414 849 479 matrimonium
879 413 1128 495 ducere,
1156 413 1391 479 Habiti
1418 418 1716 495 matrem,
1742 413 1947 497 illam,
1977 413 2157 479 cuius
2186 414 2401 479 virum

361 503 440 568 A.
486 501 765 566 Aurium
816 501 1156 585 occiderat,
1203 501 1591 585 concupivit.
1671 500 1911 567 Utrum
1956 502 2400 587 impudentior

359 591 468 655 hic
475 640 494 673 ,
541 589 653 674 qui
699 590 1022 674 postulet,
1068 610 1153 654 an
1199 589 1523 654 crudelior
1566 590 1711 670 illa,
1759 589 1815 653 si
1859 590 2086 673 nubat,
2132 589 2398 655 difficile

361 679 539 743 dictu
585 682 710 762 est3
759 677 874 742 sed
917 681 1140 741 tamen
1187 678 1525 763 utriusque
1570 677 2050 743 humanitatem
2097 682 2399 743 constan·
2424 695 2455 735 ⁵

255 785 322 835 27
360 768 650 850 tiamque
698 766 1086 850 cognoscite.
1177 765 1355 830 Petit
1401 765 1827 850 Oppianicus,
1884 770 1961 830 ut
2008 766 2136 831 sibi
2175 764 2399 832 Sassia

359 854 584 936 nubat,
631 857 697 918 et
741 854 810 918 id
856 873 1096 939 magno
1145 875 1339 939 opere
1386 854 1738 920 contendit.
1824 853 1955 919 Illa
2000 858 2219 920 autem
2265 876 2401 920 non

363 943 727 1007 admiratur
803 941 1167 1026 audaciam,
1241 964 1378 1006 non
1449 942 1924 1025 impudentiam
1996 946 2402 1027 aspernatur,

359 1052 494 1095 non
542 1030 815 1114 denique
861 1030 1047 1094 illam
1084 1030 1430 1115 Oppianici
1479 1030 1741 1095 domum
1779 1030 1904 1096 viri
1941 1031 2042 1096 sui
2080 1031 2399 1117 sanguine

360 1119 831 1183 redundantem
887 1117 1303 1202 reformidat,
1360 1118 1498 1196 sed,
1555 1119 1728 1203 quod
1772 1120 2047 1184 haberet
2091 1123 2228 1183 tres
2281 1119 2397 1182 ille
2430 1137 2483 1177 ιο

359 1207 560 1289 filios,
616 1206 854 1271 idcirco
912 1228 982 1270 se
1039 1207 1123 1272 ab
1178 1207 1260 1271 iis
1317 1206 1567 1291 nuptiis
1634 1207 1985 1272 abhorrere
2039 1207 2400 1291 respondit.

362 1294 778 1379 OppianicuS,
826 1295 939 1379 qui
982 1296 1323 1378 pecuniam
1364 1294 1622 1360 Sassiae
1660 1295 2156 1380 concupivisset,
2204 1295 2401 1361 domo

363 1383 491 1448 sibi
528 1382 967 1467 quaerendum
1004 1383 1362 1447 remedium
1404 1383 1807 1448 existimavit
1844 1384 1927 1447 ad
1954 1405 2099 1448 eam
2126 1405 2402 1464 moram,

363 1493 528 1557 quae
564 1471 818 1556 nuptiis
857 1471 1295 1536 adserebatur.
1357 1470 1532 1535 Nam
1571 1493 1716 1537 cum
1754 1473 2029 1537 haberet
2064 1494 2143 1536 ex
2179 1470 2403 1537 Novia

361 1559 678 1623 infantem
738 1560 973 1643 filium,
1035 1560 1204 1624 alter
1258 1563 1478 1624 autem
1534 1560 1671 1623 eius
1729 1560 1905 1624 filius
1952 1559 2157 1645 Papia
2201 1564 2400 1624 natus
2432 1550 2520 1618 15'

363 1646 564 1713 Teani
612 1647 840 1733 Apuli,
897 1648 1068 1732 quod
1125 1649 1315 1712 abest
1374 1648 1456 1711 ab
1501 1647 1741 1713 Larino
1788 1666 1967 1713 XVIII
2022 1648 2207 1712 milia
2250 1670 2401 1732 pas·
2518 1716 2520 1719 Α

362 1758 579 1820 suum,
637 1736 810 1821 apud
863 1739 1140 1800 matrem
1197 1736 1616 1817 educaretur,
1671 1738 1944 1801 arcessit
1989 1736 2209 1801 subito
2256 1736 2404 1800 sine
2518 1734 2520 1737 ⁴

362 1846 560 1889 causa
605 1846 878 1909 puerum
923 1823 1162 1907 Teano,
1209 1823 1383 1909 quod
1428 1824 1639 1889 facere
1684 1823 1812 1888 nisi
1849 1824 2018 1888 ludis
2060 1824 2401 1909 [publicis]

362 1916 479 1980 aut
549 1912 738 1978 festis
818 1912 1044 1978 diebus
1119 1916 1315 1978 antea
1377 1934 1511 1979 non
1569 1913 1844 1978 solebat.
1952 1912 2169 1978 Mater
2229 1913 2403 1977 nihil

363 2002 524 2066 mali
584 2003 822 2067 misera
868 2001 1207 2085 suspicans
1253 2000 1478 2066 mittit.
1568 2001 1687 2065 Ille
1735 2023 1803 2066 se
1850 2001 2205 2066 Tarentum
2249 2023 2403 2086 pro·
2432 2020 2481 2060 εει

361 2089 565 2155 ficisci
624 2112 771 2155 cum
824 2090 1225 2172 simulasset,
1287 2111 1363 2154 eo
1418 2090 1563 2174 ipso
1621 2089 1721 2154 die
1778 2111 1938 2174 puer
1990 2090 2155 2154 hora
2201 2089 2399 2154 unde·
2516 2121 2518 2191 ¹

363 2179 532 2243 cima
579 2200 725 2244 cum
772 2177 996 2242 valens
1043 2178 1112 2240 in
1158 2178 1421 2262 publico
1469 2179 1647 2243 visus
1696 2182 1893 2260 esset,
1941 2181 2093 2242 ante
2137 2181 2403 2242 noctem

361 2270 657 2331 mortuus
696 2269 761 2330 et
796 2265 1128 2349 postridie,
1174 2270 1524 2350 antequam
1560 2267 1825 2350 luceret,
1862 2266 2239 2331 combustus
2278 2270 2403 2331 est.

256 2372 325 2421 28
363 2354 583 2437 Atque
638 2354 812 2418 hunc
871 2357 1131 2418 tantum
1179 2375 1541 2418 maerorem
1586 2355 1787 2418 matri
1831 2355 2013 2438 prius
2058 2355 2405 2418 hominum
2514 2369 2516 2463 ἱ

361 2462 588 2507 rumor
635 2464 832 2526 quam
881 2443 1226 2525 quisquam
1267 2463 1346 2506 ex
1382 2440 1724 2526 Oppianici
1758 2441 2015 2507 familia
2049 2443 2405 2509 nuntiavit.
2432 2459 2481 2500 25

362 2529 490 2593 Illa
535 2552 682 2595 cum
729 2551 859 2594 uno
905 2533 1201 2614 tempore
1249 2529 1542 2594 audisset
1589 2530 1717 2594 sibi
1752 2552 1886 2595 non
1923 2532 2133 2595 solum
2168 2530 2405 2614 filium,
2512 2603 2514 2626 Ι

363 2618 478 2682 sed
525 2617 725 2682 etiam
771 2619 1222 2702 exsequiarum
1267 2639 1503 2682 munus
1539 2622 1852 2702 ereptum,
1896 2617 2209 2683 Larinum
2246 2639 2403 2683 con·
2512 2651 2514 2735 J

362 2705 587 2770 festim
644 2706 1014 2770 exanimata
1068 2706 1250 2769 venit
1306 2710 1373 2770 et
1432 2706 1527 2769 ibi
1583 2706 1661 2770 de
1718 2706 1979 2791 integro
2024 2705 2219 2770 funus
2263 2706 2403 2770 iam

366 2793 622 2876 sepulto
669 2793 808 2857 filio
854 2793 1028 2858 fecit.
1094 2793 1252 2857 Dies
1289 2794 1581 2859 nondum
1618 2794 1837 2859 decem
1874 2795 2401 2878 intercesserant,
2510 2853 2512 2882 ,

364 2903 510 2946 cum
583 2881 695 2945 ille
767 2881 936 2945 alter
999 2881 1174 2946 filius
1236 2882 1452 2946 infans
1515 2886 1802 2946 necatur.
1910 2881 2141 2966 Itaque
2204 2883 2403 2947 nubit
2428 2900 2512 3007 30*

365 2969 729 3054 Oppianico
779 2969 1088 3034 continuo
1138 2967 1361 3035 Sassia
1405 2971 1682 3035 laetanti
1727 2971 1859 3034 iam
1907 2971 2124 3035 animo
2172 2974 2239 3035 et
2285 2993 2402 3055 spe

365 3059 616 3143 optima
661 3057 1067 3140 confirmato,
1110 3079 1232 3122 nec
1277 3059 1536 3136 mirum,
1583 3081 1747 3144 quae
1794 3079 1863 3123 se
1907 3079 2043 3124 non
2084 3059 2403 3144 nuptiali·
2508 3075 2510 3078 ⁴

364 3148 486 3212 bus
535 3146 743 3228 doniS,
792 3145 905 3210 sed
949 3146 1232 3211 filiorum
1269 3146 1606 3211 funeribus
1654 3168 1797 3211 esse
1845 3147 2184 3212 delinitam
2222 3148 2401 3212 vide·
2508 3163 2510 3279 κ

363 3239 484 3301 ret.
565 3233 697 3318 Ita,
754 3234 924 3319 quod
982 3235 1179 3299 ceteri
1234 3239 1504 3319 propter
1562 3235 1804 3300 liberos
1865 3236 2179 3319 pecuniae
2226 3237 2399 3320 cupi-

364 3324 578 3390 diores
608 3324 821 3387 solent
849 3343 1009 3405 esse,
1037 3323 1152 3387 ille
1178 3329 1451 3407 propter
1469 3324 1808 3408 pecuniam
1828 3324 2071 3388 liberos
2093 3324 2399 3389 amittere
2426 3338 2477 3379 3⁵

260 3387 344 3513 129³
363 3412 710 3477 iucundum
759 3432 902 3476 esse
949 3411 1151 3476 duxit.
1243 3408 1496 3494 Sentio,
1541 3411 1802 3496 iudices,
1848 3433 1965 3476 vos
2009 3433 2130 3496 pro
2176 3417 2399 3477 vestra
2506 3421 2508 3549 l

364 3501 774 3565 humanitate
837 3499 940 3564 his
1005 3499 1211 3565 tantis
1274 3500 1627 3566 sceleribus
1688 3500 1978 3565 breviter
2042 3522 2082 3564 a
2136 3521 2241 3564 me
2296 3502 2400 3565 de-
