2534 3875
727 171 884 225 GAP.
925 176 1134 225 11-13
1172 177 1202 236 s
1239 176 1467 226 25—29.
1978 173 2111 238 273

90 313 315 377 :nullus
367 313 710 379 insidiator
764 315 933 399 viae3
991 315 1049 380 si
1104 315 1216 397 qui
1272 314 1446 386 exire
1499 316 1757 400 volunt,
1812 316 2110 382 conivere

91 399 384 486 itpossum3
440 405 550 486 qui
604 425 756 468 vero
812 424 880 468 se
937 404 1007 467 in
1053 402 1210 466 urbe
1258 402 1706 486 commoverit,
1761 403 1939 469 cuius
1988 425 2109 490 ego

90 487 229 552 mon
287 489 474 554 modo
539 490 812 575 factum,
877 490 989 554 sed
1054 490 1385 575 inceptum
1453 490 1663 555 ullum
1726 499 2110 558 conatumve

91 583 318 658 :contra
360 579 642 662 patriam
682 578 1179 663 deprehendero,
1225 579 1467 642 sentiet
1506 578 1577 642 in
1613 578 1736 644 hac
1772 580 1931 645 urbe
1967 601 2111 645 esse

88 666 387 730 fconsules
450 667 817 750 vigilantis,
881 687 1022 731 esse
1085 666 1383 753 egregios
1446 666 1901 752 magistratus,
1972 689 2110 733 esse

88 750 330 818 :fortem
377 759 694 839 senatum,
739 775 880 819 esse
927 776 1126 836 arma,
1171 775 1313 820 esse
1360 774 1699 839 carcerem,
1747 776 1938 839 quem
1975 755 2113 819 vin-

88 840 298 905 rdicem
350 843 746 908 nefariorum
799 864 874 907 ac
929 842 1423 908 manifestorum
1470 843 1783 907 scelerum
1828 843 2108 908 maiores

107 932 302 993 nostri
347 952 489 995 esne
535 931 897 996 voluerunt.

229 1020 442 1102 Atque
469 1019 628 1084 haec
656 1019 875 1083 omnia
903 1019 996 1084 sic
1025 1022 1318 1103 agentur,
1347 1016 1649 1102 Quirites,
1676 1022 1753 1083 ut
1770 1009 2217 1136 maxumae-12}

91 1125 201 1172 res
269 1107 534 1171 minimo
608 1111 818 1191 motu,
888 1107 1178 1192 pericula
1241 1124 1493 1171 summa
1553 1107 1737 1172 nullo
1805 1108 2110 1192 tumultu,

107 1192 338 1258 bellum
381 1195 764 1259 intestinum
785 1216 886 1283 ‘ac
932 1195 1355 1261 domesticum
1403 1198 1557 1280 post
1599 1195 1936 1261 hominum
1981 1218 2108 1261 me·

88 1283 370 1347 <moriam
434 1283 948 1348 crudelissimum
1008 1287 1074 1348 et
1127 1283 1485 1347 maximum
1539 1305 1644 1347 me
1698 1304 1826 1348 uno·
1879 1287 2111 1369 togato

105 1369 251 1434 duce
279 1374 345 1435 et
371 1371 763 1456 imperatore
793 1372 1068 1436 sedetur.
1136 1369 1322 1446 Quod
1351 1391 1474 1456 ego
1501 1371 1596 1435 sic
1624 1371 2113 1456 administrabO,

92 1455 408 1543 Quirites,
461 1464 560 1544 ut,
615 1460 669 1523 si
725 1460 862 1525 ullo
917 1459 1108 1524 modo
1166 1459 1307 1522 fieri
1352 1457 1619 1542 poterit,
1671 1480 1755 1523 ne
1799 1461 2109 1545 inprobus

88 1546 354 1628 ‚quidem
424 1548 766 1632 quisquam
820 1548 893 1630 in
950 1549 1074 1613 hac
1129 1548 1290 1611 urbe
1352 1567 1629 1630 poenam
1690 1547 1790 1610 sui
1850 1548 2111 1612 sceleris

105 1635 377 1701 sufferat.
441 1633 565 1700 Sed
612 1637 668 1700 si
712 1639 810 1700 vis
857 1636 1240 1701 manifestae
1287 1634 1621 1716 audaciae,
1664 1635 1722 1698 si
1756 1634 2113 1719 inpendens

103 1725 344 1804 patriae
389 1722 750 1808 periculum
786 1746 889 1788 me
927 1723 1292 1789 necessario
1330 1722 1409 1786 de
1445 1721 1567 1786 hac
1604 1723 1805 1786 animi
1841 1724 2112 1788 lenitate

87 1810 456 1896 deduxerit,
511 1810 672 1875 illud
726 1813 1019 1896 profecto
1073 1810 1431 1896 perficiam,
1486 1810 1656 1894 quod
1700 1810 1770 1874 in
1814 1812 2000 1876 tanto
2048 1817 2115 1876 et

102 1901 231 1964 tam
284 1900 597 1966 insidioso
650 1899 828 1968 bello
885 1901 992 1966 vix
1048 1899 1405 1985 optandum
1454 1899 1735 1982 videtur,
1788 1902 1862 1964 ut
1904 1919 2113 1985 neque

101 1987 302 2053 bonus
386 1990 730 2073 quisquam
810 1992 1092 2055 intereat
1165 2008 1643 2073 paucorumque
1714 2008 1925 2071 poena
1996 2010 2113 2053 vos

103 2097 318 2141 omnes
377 2077 556 2142 salvi
608 2099 748 2143 esse
795 2078 1081 2163 possitis.
1181 2075 1359 2153 Quae
1415 2075 1673 2160 quidem
1730 2096 1851 2161 ego
1906 2096 2110 2159 neque

97 2186 236 2229 mea
269 2164 614 2250 prudentia
657 2188 864 2251 neque
900 2166 1199 2231 humanis
1235 2163 1527 2231 consiliis
1558 2163 1763 2228 fretus
1799 2164 2113 2249 polliceor

98 2255 306 2339 vobiS,
364 2253 674 2339 Quirites,
730 2256 839 2320 sed
890 2254 1113 2320 multis
1160 2256 1228 2317 et
1271 2276 1402 2318 non
1449 2251 1663 2316 dubiis
1709 2252 1974 2316 deorum
2018 2255 2111 2316 in·

97 2343 468 2408 mortalium
497 2343 1096 2426 significationibus,
1135 2342 1369 2425 quibus
1398 2361 1519 2425 ego
1549 2339 1819 2404 ducibus
1845 2340 1917 2404 in
1943 2341 2112 2406 hanc

99 2451 272 2513 spem
323 2431 836 2516 sententiamque
884 2452 1028 2497 sum
1072 2432 1433 2515 ingressus3
1480 2429 1590 2513 qui
1626 2428 1757 2492 iam
1793 2449 1926 2493 non
1960 2450 2112 2513 pro-

95 2519 223 2603 cul,
289 2524 368 2584 ut
425 2520 750 2602 quondam
814 2519 1141 2603 solebant,
1206 2519 1289 2583 ab
1356 2521 1621 2582 externo
1675 2516 1862 2580 hoste
1916 2526 2110 2601 atque

93 2605 469 2692 longinquo,
507 2607 618 2672 sed
652 2609 761 2673 hic
794 2610 1170 2693 praesentes
1211 2629 1329 2672 suo
1357 2606 1620 2670 numine
1648 2608 1842 2689 atque
1869 2605 2110 2670 auxilio

94 2716 210 2759 sua
264 2696 517 2779 templa
567 2700 760 2779 atque
813 2696 995 2762 urbis
1047 2699 1219 2760 tecta
1273 2694 1641 2759 defendunt.
1745 2692 1922 2767 Quos
1975 2715 2111 2778 vos,

94 2781 400 2865 Quirites,
443 2785 710 2868 precari,
755 2785 1066 2868 venerari,
1099 2784 1449 2869 implorare
1486 2782 1751 2867 debetis,
1787 2785 1879 2865 ut,
1916 2804 2111 2867 quam

93 2873 322 2936 urbem
359 2872 856 2955 pulcherrimam
890 2873 1543 2956 florentissimamque
1581 2891 1721 2935 esse
1750 2871 2111 2953 voluerunt,

90 2960 261 3024 hanc
309 2959 608 3025 omnibus
653 2961 944 3025 hostium
990 2961 1192 3047 copiis
1238 2964 1413 3025 terra
1459 2960 1749 3043 marique
1787 2958 2111 3043 superatis

93 3070 131 3111 a
189 3048 782 3133 perditissimorum
845 3049 1083 3115 civium
1136 3048 1386 3113 nefario
1447 3048 1687 3114 scelere
1745 3046 2111 3111 defendant.

199 3602 316 3647 010.
343 3604 404 3645 11.
442 3606 483 3648 2.
1728 3598 1793 3647 18

2150 2108 2219 2157 29
