2534 3875
760 156 918 214 CAP.
959 163 1097 214 ‘1-9
1134 165 1167 224 ἓ
1202 165 1434 214 20-25.
1941 184 1947 190 ·
2023 165 2112 227 45

73 300 275 387 fugit.
364 299 613 366 Eodem
666 305 961 387 ternpore
1016 323 1085 367 se
1138 301 1209 367 in
1250 303 1480 389 fugam
1525 304 1867 372 conferunt
1923 307 2116 374 amici

76 389 511 472 advocatique
574 388 711 454 eius
774 395 955 456 metu
1017 392 1375 476 perterriti,
1448 414 1639 477 quem
1704 393 1786 458 ad
1848 394 2114 461 modum

74 477 348 543 illorum
400 481 637 542 testem
690 476 901 542 dicere
956 478 1250 544 audistis.
1337 477 1462 545 His
1517 481 1733 550 rebus.
1764 482 1861 547 ita
1907 484 2112 569 gestis
2153 501 2218 549 23

78 565 151 628 P.
182 564 534 630 Dolabella
577 567 843 650 praetor
886 566 1244 649 interdixit,
1289 571 1366 632 ut
1409 571 1512 634 est
1557 570 1972 654 consuetudo,
2016 589 2113 636 DE

49 671 155 718 ¹VI
208 670 599 720 HOMINIBUS
654 670 955 720 ARMATIS
1010 653 1150 720 sine
1205 655 1346 720 ulla
1401 655 1804 742 exceptione,
1857 662 2116 724 tantum

79 745 184 824 ut,
239 743 409 806 unde
466 741 829 824 deiecisset,
882 741 1277 807 restitueret.
1366 742 1760 810 Restituisse
1816 767 1886 811 se
1931 746 2113 812 dixit.

80 827 366 981 {ponsio
418 828 595 895 facta
652 834 771 894 est,
860 829 1003 895 Hac
1059 830 1138 895 de
1191 831 1545 914 sponsione
1599 832 1789 898 vobis
1834 833 2116 900 iudican-

125 939 239 981 um
286 921 402 982 est.

214 1003 496 1070 Maxime
540 1005 666 1070 fuit
711 1005 1069 1091 optandum
1114 1003 1448 1092 Caecinae,
1493 1013 1998 1095 recuperatoreS,
2044 1017 2119 1078 ut
2154 1013 2196 1077 9

48 1093 564 1158 ·controversiae
608 1092 777 1158 nihil
814 1093 1111 1178 haberet,
1165 1095 1447 1160 secundo
1494 1095 1668 1180 loen,
1722 1101 1800 1162 ut
1841 1120 1924 1163 ne
1968 1121 2114 1164 cum

81 1185 227 1245 tam
252 1181 527 1266 inprobo
565 1181 846 1267 homine,
881 1181 1096 1265 tertio,
1130 1186 1207 1246 ut
1240 1204 1390 1248 cum
1427 1189 1564 1250 tam
1593 1186 1801 1252 stulto
1828 1186 2116 1253 haberet.

78 1268 351 1334 Etenim
402 1291 536 1334 non
580 1270 794 1336 minus
839 1291 963 1334 nos
1010 1270 1300 1335 stultitia
1341 1271 1523 1337 illius
1568 1272 1874 1339 sublevat
1919 1296 2118 1360 quam

78 1357 289 1422 laedit
322 1357 706 1442 inprobitas,
776 1356 1103 1443 Inprobus
1139 1359 1284 1441 fuit,
1331 1359 1504 1444 quod
1537 1359 1836 1427 homines
1883 1364 2118 1450 coegit,

80 1446 394 1530 armavit,
450 1446 689 1512 coactis
744 1446 1144 1531 armatisque
1196 1447 1334 1512 vim
1385 1446 1556 1513 fecit
1648 1446 1873 1515 Laesit
1925 1452 1996 1515 in
2040 1473 2117 1518 eo

48 1571 53 1586 ·
82 1531 455 1618 Caecinam,
490 1533 793 1599 sublevat
826 1533 1096 1617 ibidem3
1134 1557 1288 1599 nam
1323 1535 1394 1600 in
1430 1557 1544 1600 eas
1577 1537 1758 1621 ipsas
1794 1559 1917 1620 res,
1955 1561 2117 1624 quas

78 1622 545 1707 inprobissime
590 1621 764 1707 fecit,
808 1622 1191 1689 testimonia
1234 1625 1519 1708 sumpsit
1563 1628 1630 1689 et
1676 1625 1769 1690 eis
1816 1626 1886 1690 in
1923 1648 2119 1692 causa

79 1709 482 1778 testimoniis
529 1711 755 1776 utitur.
836 1708 1068 1794 Itaque
1114 1710 1280 1775 mihi
1323 1715 1573 1777 certum
1619 1715 1738 1796 est,
1785 1733 2116 1798 recupera·
2153 1731 2224 1780 24

79 1805 281 1882 tores,
327 1803 677 1884 antequam
724 1798 807 1864 ad
852 1820 1062 1863 meam
1110 1798 1547 1864 defensionem
1583 1821 1890 1885 meosque
1925 1802 2118 1867 testis

81 1887 297 1971 venio,
322 1885 501 1953 illius
532 1886 633 1952 uti
648 1885 1055 1953 confessione
1075 1891 1141 1952 et
1159 1887 1582 1972 testimoniis;
1616 1889 1726 1974 qui
1754 1891 2120 1975 confitetur,

48 1982 285 2062 ’atque
329 1975 427 2039 ita
459 1976 749 2041 libenter
792 1976 1155 2059 confitetur,
1200 1980 1276 2041 ut
1320 1998 1454 2043 non
1499 1976 1713 2042 solum
1747 1976 1960 2063 fateri,
2007 1979 2120 2045 sed

84 2068 289 2131 etiam
333 2063 631 2149 profiteri
664 2062 981 2147 videatur,
1017 2067 1536 2147 recuperatores:
1575 2062 1969 2133 ‘Convocavi
2004 2066 2120 2133 ho·

83 2154 317 2235 mines,
353 2151 555 2237 coegi,
592 2151 859 2235 armavi,
884 2154 1135 2217 terrore
1172 2153 1406 2218 mortis
1444 2174 1520 2218 ac
1545 2153 1838 2239 periculo
1867 2155 2120 2241 capitis,

83 2264 167 2308 ne
191 2240 549 2323 accederes,
576 2240 831 2323 obstiti3
861 2238 1077 2323 ferro',
1102 2240 1332 2325 inquit,
1362 2238 1580 2306 ‘ferro'
1605 2238 1703 2328 (et
1729 2240 1854 2308 hoc
1874 2241 2034 2307 dicit
2052 2242 2123 2307 in

82 2328 355 2415 iudicio)
405 2327 497 2392 ‘te
540 2327 733 2393 reieci
776 2331 974 2413 atque
1017 2328 1388 2412 proterrui'.
1458 2328 1670 2404 Quid?
1717 2334 1919 2395 testes
1965 2330 2120 2416 quid

50 2450 55 2469 ·
84 2417 319 2483 aiunt?
357 2413 740 2499 P.Vetilius,
758 2416 1161 2501 propinquus
1180 2416 1443 2498 Aebuti,
1461 2438 1534 2482 se
1552 2417 1836 2483 Aebutio
1857 2440 2004 2484 cum
2024 2441 2121 2484 ar-

85 2504 287 2571 matis
307 2503 515 2570 servis
543 2503 798 2569 venisse
826 2506 1229 2569 advocatum.
1279 2503 1446 2580 Quid
1472 2506 1858 2589 praeterea?
1893 2505 2121 2573 Fuisse

82 2592 446 2677 compluris
466 2596 771 2657 armatos.
815 2590 984 2667 Quid
1004 2591 1225 2657 aliud?
1260 2590 1587 2658 Minatum
1605 2614 1746 2659 esse
1765 2594 2122 2661 Aebutium

86 2680 427 2747 Caecinae.
499 2678 666 2755 Quid
703 2701 825 2764 ego
864 2681 942 2744 dc
977 2680 1104 2745 hoc
1139 2684 1311 2745 teste
1351 2681 1561 2746 dicam
1595 2681 1724 2747 nisi
1759 2681 1902 2767 hoc,
1947 2704 2124 2750 recu·

84 2772 445 2855 perator-es,
491 2770 568 2833 ut
601 2790 683 2833 ne
718 2767 959 2833 idcirco
1004 2768 1220 2833 minus
1267 2768 1329 2834 ei
1375 2768 1671 2853 credatis,
1717 2770 1890 2855 quod
1925 2771 2122 2837 homo

86 2858 307 2923 minus
352 2856 622 2921 idoneus
666 2856 963 2939 habetur,
1010 2855 1123 2921 sed
1158 2856 1304 2922 ideo
1342 2858 1640 2942 credatiS,
1687 2859 1860 2943 quod
1897 2880 1974 2923 ex
2009 2861 2126 2925 illa

86 2950 281 3030 parte
324 2944 393 3009 id
438 2944 623 3028 dicit,
676 2944 850 3028 quod
894 2944 997 3008 illi
1041 2966 1273 3010 causae
1320 2946 1600 3011 maxime
1648 2949 1750 3011 est
1795 2946 2122 3015 alienum?

86 3034 170 3098 A.
216 3033 587 3116 Terentius,
640 3033 810 3117 alter
862 3032 1053 3097 testis
1062 3082 1080 3115 ,
1134 3054 1272 3097 non
1323 3033 1516 3099 modo
1571 3033 1957 3119 Aebutium,
2013 3036 2125 3101 sed
2159 3052 2227 3099 25

88 3121 293 3187 etiam
339 3142 409 3185 se
454 3120 723 3204 pessimi
764 3120 1076 3185 facinoris
1133 3122 1369 3207 arguit.
1459 3119 1540 3185 In
1585 3121 1946 3187 Aebutium
2001 3123 2126 3188 hoc

90 3210 267 3293 dicit,
316 3212 605 3275 armatos
651 3208 947 3274 homines
992 3208 1213 3293 fuisse,
1259 3209 1340 3274 de
1386 3230 1457 3273 se
1505 3213 1723 3274 autem
1770 3210 1896 3276 hoc
1940 3232 2124 3295 prae-

50 3298 292 3380 ⁵dicat‚
356 3296 707 3381 Antioch0,
772 3296 1018 3361 Aebuti
1080 3318 1268 3363 servo
1278 3347 1297 3380 ,
1357 3318 1428 3363 se
1481 3296 1866 3383 imperasse,
1923 3303 2000 3362 ut
2058 3299 2126 3362 in

88 3385 440 3452 Caecinam
486 3386 937 3451 advenientem
980 3406 1147 3451 cum.
1174 3384 1350 3450 ferro
1395 3385 1748 3449 invaderet.
1822 3384 1989 3459 Quid
2035 3386 2126 3451 lo-

90 3495 257 3559 quar
294 3473 575 3558 amplius
610 3473 687 3539 de
725 3473 851 3540 hoc
886 3472 1193 3540 homine?
1258 3472 1340 3539 In
1377 3494 1568 3558 quem
1597 3493 1720 3558 ego
1748 3473 1872 3537 hoc
1900 3472 2125 3556 dicere,
