2534 3875
777 146 932 202 CAP.
971 153 1031 215 8,
1071 153 1102 202 9
1141 154 1172 214 8
1212 153 1437 203 18-23.
2060 149 2197 214 455

155 291 396 377 mittit,
434 291 757 392 cogitabo.
829 292 1143 375 Denique,
1183 291 1485 374 Quirites,
1524 293 1831 376 quoniam
1870 315 1973 358 me
2012 299 2195 379 quat-

155 383 320 443 tuor
367 379 628 445 ommno
675 379 1012 444 hominum
1050 401 1290 465 genera
1325 380 1676 463 violarunt,
1712 403 1912 446 unum
1951 404 2194 464 eorum,

157 467 277 550 qui
337 467 483 532 odio
532 468 627 532 rei
650 468 996 570 publicae,
1053 468 1224 551 quod
1273 490 1417 532 eam
1461 468 1622 552 ipsis
1668 468 1895 532 invitis
1942 491 2195 570 conser-

155 577 419 638 varam,
482 555 915 621 inimicissimi
969 555 1132 620 mihi
1185 556 1475 641 fuerunt,
1540 556 1845 639 alterum,
1912 557 2021 641 qui
2077 580 2195 642 per

99 661 129 702 5
161 644 656 744 simulationem
684 644 1008 709 amicitiae
1034 644 1281 709 nefarie
1309 666 1413 708 me
1441 644 1881 730 prodiderunt,
1909 645 2193 729 tertium,

159 731 280 815 qui
337 754 481 796 cum
535 737 804 817 propter
859 732 1160 796 inertiam
1217 753 1404 796 suam
1460 732 1682 798 eadem
1738 732 2006 816 adsequi
2060 755 2193 798 non

157 824 459 904 possent,
513 820 886 884 inviderunt
933 820 1111 884 laudi
1157 825 1222 884 et
1260 820 1568 906 dignitati
1613 842 1822 900 meae,
1870 825 2192 905 quartum,

159 909 278 991 qui
326 930 470 973 cum
518 908 816 973 custodes
863 909 961 972 rei
1004 908 1303 992 publicae
1350 931 1491 974 esse
1538 909 1865 993 deberent,
1912 910 2191 975 salutem

159 1017 397 1078 meam,
445 999 692 1061 statum
738 996 1044 1073 civitatiS‚
1089 996 1475 1082 dignitatem
1522 997 1657 1062 eius
1696 997 1970 1080 imperii,
2018 998 2192 1080 quod

69 1103 128 1142 10
160 1087 310 1147 erat
354 1105 551 1167 penes
596 1084 794 1169 ipsos,
839 1084 1293 1149 vendiderunt:
1341 1085 1433 1149 sic
1470 1085 1746 1150 ulciscar
1782 1084 2191 1171 singulorum

153 1171 484 1250 facinora,
547 1195 738 1257 quem
793 1172 875 1236 ad
930 1173 1193 1237 modum
1251 1195 1291 1236 a
1346 1172 1706 1256 quibusque
1762 1195 1906 1238 sum
1961 1195 2193 1256 provo-

156 1264 375 1344 catus,
433 1261 647 1324 malos
704 1260 862 1325 civis
908 1283 979 1324 re
1024 1260 1290 1345 publica
1336 1261 1499 1325 bene
1546 1261 1853 1346 gerenda,
1906 1260 2190 1346 perfidos

157 1348 407 1412 amicos
462 1348 632 1412 nihil
688 1349 1005 1413 credendo
1063 1353 1257 1432 atque
1306 1348 1522 1413 omnia
1569 1349 1881 1433 cavendo,
1934 1349 2190 1415 invidos

153 1436 394 1500 virtuti
439 1440 504 1500 et
551 1437 804 1522 gloriae
849 1436 1211 1519 serviendo,
1267 1439 1661 1501 mercatores
1707 1437 2190 1520 provinciarum

68 1541 125 1583 15
155 1524 524 1589 revocando
582 1524 845 1590 domum
903 1528 1097 1608 atque
1153 1525 1237 1588 ab
1284 1524 1364 1588 iis
1411 1524 1889 1608 provinciarum
1934 1526 2187 1591 ratione

151 1613 525 1695 repetenda.
627 1611 1034 1695 Quamquam
1090 1612 1279 1696 mihi,
1343 1611 1656 1697 Quirites,
1711 1613 1944 1677 maiori
1998 1635 2187 1678 curae

153 1704 291 1783 est,
355 1723 544 1784 quem
592 1701 674 1766 ad
720 1701 985 1766 modum
1031 1701 1246 1784 vob1s‚
1307 1701 1417 1784 qui
1464 1701 1541 1764 de
1587 1723 1690 1764 me
1737 1701 1895 1764 estis
1944 1702 2187 1802 opti-'me

151 1788 406 1871 meriti,
467 1789 752 1891 gratiam
797 1790 1104 1870 referam,
1153 1811 1347 1872 quam
1396 1811 1587 1872 quem
1633 1788 1716 1852 ad
1761 1787 2025 1853 modum
2070 1789 2188 1853 ini·

154 1875 480 1941 micorum
525 1877 795 1943 iniurias
844 1876 1423 1977 crudelitatemque
1469 1897 1838 1962 persequar.
1919 1875 2188 1942 Etenim

63 1986 122 2024 20
153 1964 567 2030 ulciscendae
621 1959 892 2031 iniuriae
946 1966 1201 2031 facilior
1254 1965 1425 2031 ratio
1483 1969 1584 2029 est
1639 1987 1834 2048 quam
1888 1965 2188 2030 beneficii

151 2054 637 2137 remunerandi,
693 2057 1039 2138 propterea
1095 2054 1266 2137 quod
1324 2054 1721 2137 superiorem
1769 2074 1911 2117 esse
1958 2057 2187 2117 contra

149 2142 493 2225 improbos
558 2142 770 2206 minus
836 2145 936 2205 est
998 2142 1247 2226 negotii
1312 2164 1507 2225 quam
1569 2141 1759 2205 bonis
1826 2141 2187 2225 exaequari.

154 2228 330 2293 Tum
404 2229 604 2294 etiam
676 2252 759 2293 ne
827 2235 963 2294 tam
1027 2229 1463 2294 necessarium
1528 2229 1785 2313 quidem
1851 2232 1952 2293 est
2015 2229 2185 2293 male

151 2316 410 2381 meritis
478 2340 673 2401 quam
738 2319 980 2399 optime
1045 2318 1295 2381 meritis
1360 2316 1631 2399 referre,
1695 2316 1866 2400 quod
1931 2316 2185 2381 debeaS.

61 2425 122 2465 25
155 2404 398 2469 Odium
461 2406 568 2469 vel
636 2405 938 2489 precibus
994 2405 1287 2490 mitigari
1342 2408 1564 2488 potest
1613 2404 1717 2469 vel
1776 2405 2183 2488 temporibus

151 2493 255 2558 rei
309 2492 608 2577 publicae
656 2493 1106 2576 communique
1149 2492 1437 2557 utilitate
1484 2492 1719 2577 deponi
1762 2494 1869 2557 vel
1916 2492 2185 2557 difficul-

151 2586 299 2645 tate
343 2580 692 2646 ulciscendi
739 2581 931 2646 leniri
974 2580 1079 2645 vel
1125 2584 1453 2645 vetustate
1501 2579 1739 2663 sedari3
1786 2582 1949 2645 bene
1996 2582 2185 2645 meri-

149 2675 265 2733 tos
309 2690 388 2733 ne
432 2668 635 2747 colas,
679 2691 798 2733 nec
845 2670 1098 2734 exorari
1141 2668 1244 2733 fas
1293 2671 1420 2751 est,
1463 2690 1673 2753 neque
1718 2668 1786 2731 id
1830 2669 1926 2733 rei
1970 2669 2185 2753 publi-

153 2778 273 2822 cae
336 2757 669 2821 remittere
733 2779 956 2821 verum
1021 2778 1225 2840 neque
1290 2777 1552 2821 necesse
1618 2760 1744 2840 est3
1808 2777 2015 2841 neque
2082 2761 2183 2821 est

53 2866 119 2906 30
153 2845 486 2910 excusatio
543 2844 975 2923 difficultatis,
1029 2866 1236 2929 neque
1294 2866 1571 2928 aequum
1626 2848 1729 2910 est
1772 2848 2069 2929 tempore
2118 2849 2183 2909 et

153 2933 261 2997 die
323 2932 704 2997 memoriam
763 2932 1057 2997 beneficii
1121 2932 1405 2997 definire.
1504 2931 1871 3012 PostremO,
1936 2932 2047 3015 qui
2112 2932 2181 2996 in

150 3020 522 3087 ulciscendo
568 3021 902 3085 remissior
947 3020 1090 3102 fuit,
1134 3020 1203 3084 in
1241 3042 1317 3086 eo
1355 3042 1612 3085 morum
1650 3019 1970 3103 asperitas
2008 3023 2181 3083 certe

147 3130 282 3175 non
333 3109 849 3192 reprehenditur3
906 3112 976 3173 at
1031 3108 1419 3193 gravissime
1466 3108 1900 3192 vituperatur,
1955 3106 2066 3190 qui
2111 3106 2183 3171 in

148 3196 358 3261 tantis
403 3196 760 3279 beneficiis,
808 3198 1054 3280 quanta
1099 3217 1214 3260 vos
1260 3197 1329 3260 in
1378 3217 1480 3259 me
1527 3193 1920 3277 0011111118118,
1966 3215 2180 3259 1011111-

54 3306 118 3348 35
150 3284 454 3351 nerandis
531 3288 631 3349 est
702 3285 978 3366 tardior,
1049 3304 1258 3367 neque
1326 3283 1539 3347 solum
1602 3282 1929 3367 ingratuS‚
2006 3283 2180 3367 quod

148 3375 368 3458 ipsum
424 3394 623 3457 grave
671 3376 797 3456 est,
851 3393 1076 3436 verum
1123 3373 1321 3436 etiam
1369 3370 1607 3453 impius
1656 3370 2025 3455 appelletur
2070 3392 2179 3435 ne-

151 3482 331 3528 cesse
378 3470 494 3525 est.
573 3460 819 3543 [Atque
865 3460 937 3525 in
984 3458 1196 3525 officio
1235 3458 1661 3544 persolvendo
1703 3456 2037 3522 dissimilis
2077 3462 2178 3523 est

2230 298 2275 362 9

2225 1616 2299 1664 22

2222 2426 2294 2475 23
