2534 3875
286 192 418 257 236
602 203 622 219 ·
846 190 987 245 PRO
1030 189 1089 245 C.
1129 188 1429 245 RABIRIO
1468 190 1756 246 ORATIO.

285 338 616 403 tabulario
673 337 938 401 incenso
995 337 1198 423 longa
1254 335 1466 400 oratio
1514 339 1613 400 est
1659 335 2135 419 expromenda?
2190 357 2325 420 quo

239 462 244 469 -
285 428 357 491 in
403 426 670 491 crimine
715 426 1120 509 propinquus
1169 422 1240 489 O.
1288 423 1520 489 Rabiri
1554 423 1791 488 iudicio
1830 424 2214 505 clarissimO,
2252 422 2327 489 C.

289 513 583 596 Curtius,
641 535 761 597 pro
821 514 1064 578 virtute
1131 534 1250 577 sua
1307 516 1409 577 est
1461 511 1924 577 honestissime
1983 512 2325 595 liberatus,

288 604 430 687 ipse
475 623 628 667 vero
676 602 984 666 Rabirius
1030 623 1164 665 non
1209 600 1404 665 modo
1449 600 1521 664 in
1564 600 1872 665 iudicium
1917 600 2154 665 horum
2201 600 2327 665 cri-

290 691 569 773 minum,
628 690 740 755 sed
794 712 874 755 ne
927 691 998 753 in
1057 689 1509 754 tenuissimam
1566 688 1827 772 quidem
1884 688 2323 772 suspicionem
2353 705 2382 746 ⁵

183 791 264 859 (8)
291 780 491 845 verbo
549 783 651 843 est
695 800 1006 861 umquam
1051 781 1339 843 vocatus.
1430 778 1539 842 An
1584 776 1661 841 de
1708 777 1952 841 sororis
1996 778 2131 842 filio
2180 777 2324 840 dili-

293 868 551 953 gentius
626 866 1144 951 respondendum
1211 866 1356 930 est?
1431 887 1624 950 quem
1684 866 1765 930 ab
1828 864 1955 929 hoc
2017 870 2324 929 necatum

297 978 438 1021 esse
493 955 745 1036 dixisti,
802 977 949 1020 cum
995 955 1076 1019 ad
1119 954 1341 1019 iudicii
1387 976 1639 1019 moram
1685 953 2028 1019 familiaris
2073 954 2321 1017 funeris

297 1043 626 1109 excusatio
692 1046 1124 1127 quaereretur.
1234 1041 1403 1117 Quid
1467 1042 1683 1106 enim?
1758 1046 1861 1106 est
1925 1044 2116 1124 [tam]
2186 1042 2324 1108 veri

297 1131 509 1197 simile
575 1132 829 1214 [quam]
886 1130 1201 1196 cariorem
1255 1130 1409 1195 huic
1464 1130 1706 1195 sororis
1761 1130 2069 1195 maritum
2126 1152 2323 1214 quam
2354 1148 2407 1186 1⁰

297 1220 539 1285 sororis
585 1220 793 1283 filium
839 1219 1058 1303 fuisse,
1105 1223 1303 1303 atque
1349 1219 1447 1283 ita
1491 1220 1823 1301 cariorem,
1868 1222 1943 1282 ut
1982 1220 2147 1283 alter
2185 1218 2330 1283 vita·

297 1307 740 1373 crudelissime
811 1308 1206 1392 privaretur,
1280 1329 1425 1372 cum
1486 1308 1676 1372 alteri
1742 1306 1823 1371 ad
1884 1308 2323 1391 prolationem

295 1396 517 1460 iudicii
589 1395 856 1460 biduum
924 1396 1380 1481 quaereretur?
1488 1396 1596 1460 An
1668 1396 1746 1459 de
1821 1397 2023 1460 servis
2092 1395 2324 1460 alienis

296 1488 526 1549 contra
570 1484 783 1570 legem
820 1483 1091 1549 Fabiam
1135 1484 1407 1549 retentis
1454 1487 1569 1547 aut
1605 1483 1683 1548 de
1720 1483 1969 1548 civibus
2006 1482 2325 1548 Romanis

297 1576 525 1638 contra
588 1574 802 1659 legem
855 1572 1154 1638 Porciam
1219 1572 1577 1636 verberatis
1642 1576 1757 1636 aut
1819 1571 2067 1636 necatis
2132 1573 2326 1657 plura
2356 1588 2408 1629 1⁵

297 1661 566 1726 dicenda
631 1664 811 1743 sunt,
879 1683 1025 1725 cum
1093 1663 1281 1725 tanto
1344 1660 1557 1725 studio
1624 1658 1694 1725 C.
1747 1658 2054 1725 Rabirius
2116 1660 2327 1725 totius

297 1749 594 1834 Apuliae,
633 1748 952 1835 singulari
978 1750 1319 1813 voluntate
1349 1747 1745 1832 Campaniae
1783 1748 2198 1830 [vicinitatis]
2228 1769 2327 1813 or-

296 1842 516 1921 netur,
574 1858 846 1921 cumque
901 1836 1180 1901 adeius
1235 1837 1746 1922 propulsandum
1791 1836 2148 1921 periculum
2194 1858 2327 1901 non

296 1925 490 1991 modo
546 1925 874 2010 homines,
928 1924 1041 1990 sed
1085 1947 1289 2009 prope
1334 1926 1633 2012 regiones
1677 1925 1861 2009 ipsae
1905 1926 2327 1991 convenerint

298 2015 635 2099 aliquanto
692 2014 892 2078 etiam
947 2014 1145 2078 latius
1201 2015 1545 2098 excitatae,
1601 2037 1797 2098 quam
1852 2015 2057 2098 ipsius
2104 2015 2325 2080 vicini·
2355 2033 2411 2072 20

295 2104 458 2169 tatis
503 2124 744 2168 nomen
790 2125 864 2167 ac
910 2102 1172 2167 termini
1217 2103 1687 2185 postulabant?
1776 2102 1949 2167 Nam
1997 2103 2153 2186 quid
2200 2125 2323 2188 ego

298 2191 380 2257 ad
416 2191 484 2255 id
521 2191 790 2277 longam
828 2191 1190 2255 orationem
1227 2212 1616 2274 comparem,
1654 2190 1828 2275 quod
1865 2195 1967 2256 est
2001 2191 2071 2254 in
2098 2191 2327 2256 eadem

296 2280 544 2344 multae
599 2279 1000 2362 irrogatione
1058 2281 1563 2363 praescriptum,
1616 2279 1787 2345 hunc
1841 2301 1959 2344 nec
2006 2301 2160 2344 suae
2205 2302 2327 2344 nec

225 2380 258 2427 9
298 2369 548 2432 alienae
624 2368 970 2450 pudicitiae
1043 2367 1449 2451 pepercisse?
1542 2365 1713 2442 Quin
1776 2369 1976 2432 etiam
2033 2368 2329 2451 suspicor

297 2477 373 2519 eo
420 2455 582 2519 mihi
629 2456 1020 2521 semihoram
1069 2455 1151 2519 ab
1188 2453 1475 2532 Labieno
1521 2456 1980 2538 praestitutam
2028 2478 2191 2539 esse,
2250 2460 2331 2520 ut
2355 2473 2412 2516 ²5

296 2563 379 2607 ne
423 2543 617 2625 plura
664 2543 742 2608 de
778 2543 1094 2628 pudicitia
1129 2543 1425 2608 dicerem.
1502 2542 1685 2629 Ergo
1725 2545 1805 2609 ad
1840 2544 1999 2609 haec
2036 2545 2328 2628 crimina,

300 2651 464 2713 quae
525 2632 790 2713 patroni
845 2631 1255 2715 diligentiam
1311 2631 1707 2712 desiderant,
1772 2632 2105 2718 intellegis
2162 2634 2328 2698 mihi

300 2717 695 2782 semihoram
742 2720 938 2783 istam
982 2719 1258 2783 nimium
1304 2721 1571 2804 longam
1615 2719 1834 2788 fuisse.

431 2805 626 2870 Illam
673 2806 947 2870 alteram
986 2810 1242 2890 partem
1290 2807 1368 2871 de
1402 2829 1558 2872 nece
1596 2805 1930 2873 Saturnini
1964 2809 2159 2874 nimis
2199 2811 2328 2875 exi-

300 2915 496 2980 guam
536 2898 729 2977 atque
767 2899 1115 2977 angustam
1152 2917 1293 2959 esse
1328 2896 1625 2980 voluisti3
1674 2919 1837 2980 quae
1872 2919 2004 2963 non
2042 2899 2327 2964 oratoris
2356 2916 2413 2956 3⁰

298 2983 664 3070 ingenium,
719 2983 832 3047 sed
887 2983 1170 3047 consulis
1227 2984 1535 3048 auxilium
1581 2985 1889 3070 implorat
1934 2989 2001 3050 et
2044 2986 2329 3072 flagitat.

195 3086 263 3135 10
299 3070 475 3136 Nam
531 3072 606 3135 de
661 3071 1125 3155 perduellionis
1179 3071 1445 3154 iudicio,
1510 3074 1681 3156 quod
1738 3096 1777 3139 a
1830 3096 1935 3139 me
1991 3075 2328 3140 sublatum

302 3181 443 3225 esse
499 3159 831 3224 criminari
887 3161 1085 3244 soles,
1140 3182 1357 3225 meum
1415 3161 1655 3226 crimen
1712 3164 1836 3246 est,
1890 3185 2022 3227 non
2076 3163 2329 3230 Rabiri.

300 3246 758 3332 Quodutinam,
788 3247 1092 3330 Quirites,
1121 3269 1242 3333 ego
1272 3249 1339 3313 id
1370 3253 1484 3314 aut
1504 3251 1752 3333 primus
1776 3254 1889 3314 aut
1910 3252 2084 3315 solus
2106 3274 2183 3316 ex
2202 3252 2329 3318 hac

297 3357 368 3400 re
403 3337 668 3418 publica
704 3337 1140 3402 sustulissem!
1182 3337 1489 3418 [utinam]
1527 3338 1677 3421 hoc,
1718 3339 1889 3421 quod
1924 3339 2037 3403 ille
2080 3339 2330 3405 crimen
2357 3358 2411 3398 35

300 3445 441 3488 esse
496 3425 664 3508 vult,
718 3426 1056 3511 proprium
1113 3425 1563 3491 testimonium
1618 3447 1799 3490 meae
1862 3426 2073 3491 laudis
2133 3433 2328 3494 esset.

300 3510 468 3585 Quid
514 3513 686 3577 enim
733 3513 948 3598 optari
983 3517 1222 3599 potest,
1269 3513 1443 3598 quod
1489 3535 1610 3598 ego
1658 3515 1942 3598 mallem,
1985 3537 2182 3598 quam
2220 3537 2328 3581 me
