2534 3875
258 504 298 568 9

231 1137 299 1185 20

232 1843 298 1892 21

234 3429 301 3476 22

331 178 466 245 382
817 177 960 233 PRO
999 177 1278 234 ARCHIA
1313 177 1556 233 POETA
1594 176 1881 235 ORATIO.

335 325 725 390 confirmant
760 324 984 408 itaque
1023 324 1218 388 etiam
1259 323 1603 389 delubrum
1643 324 1779 389 eius
1815 322 1886 389 in
1924 323 2163 408 oppido
2201 322 2374 387 dedi-

335 416 672 497 caverunt,
744 411 1055 498 permulti
1125 412 1237 477 alii
1301 417 1641 496 praeterea
1704 416 2005 497 pugnant
2068 412 2242 476 inter
2306 432 2377 472 se

341 505 535 586 atque
583 500 1001 566 contendunt.
1068 499 1250 586 Ergo
1299 500 1400 565 illi
1448 500 1750 582 alienum,
1799 499 1951 585 quia
1996 503 2193 584 poeta
2229 498 2379 583 fuit

337 594 491 675 post
517 593 816 654 mortem
865 589 1062 653 etiam
1112 592 1451 673 expetunt3
1496 610 1617 655 nos
1664 589 1836 653 hunc
1871 587 2113 672 vivum,
2160 589 2272 672 qui
2310 592 2379 652 et

333 678 673 743 voluntate
716 681 783 742 et
819 677 1076 763 legibus
1113 681 1336 741 noster
1374 681 1491 761 est,
1536 676 2039 762 repudiabimus,
2084 698 2379 761 praeser—
2406 694 2433 735 ⁵

336 767 458 831 tim
515 788 663 833 cum
720 787 910 830 omne
971 766 1128 830 olim
1185 766 1475 830 studium
1536 769 1729 849 atque
1786 787 1977 829 omne
2035 764 2380 851 ingenium

338 854 687 922 contulerit
731 854 1010 919 Archias
1059 854 1141 918 ad
1184 876 1316 939 pop
1320 854 1412 919 uli
1449 854 1729 919 Romani
1774 854 2057 938 gloriam
2091 854 2380 918 laudem-

338 965 461 1029 que
509 942 1008 1008 celebrandam?
1100 878 1316 1006 Namp
1321 946 1388 1006 et
1436 941 1797 1008 Cimbricas
1844 964 1948 1007 res
1998 942 2379 1007 adulescens

341 1032 568 1117 attigit
616 1035 683 1095 et
727 1030 857 1115 ipsi
903 1030 1005 1094 illi
1043 1029 1112 1096 C.
1141 1029 1373 1111 Mario,
1422 1031 1534 1115 qui
1579 1031 1799 1096 durior
1838 1030 1921 1095 ad
1956 1030 2116 1095 haec
2156 1030 2381 1095 studia

339 1121 706 1201 videbatur,
758 1118 1074 1183 iucundus
1128 1118 1275 1184 fuit.
1366 1117 1593 1203 Neque
1650 1120 1822 1184 enim
1879 1118 2224 1203 quisquam
2274 1122 2380 1183 est
2410 1138 2463 1178 10

338 1213 475 1273 tam
525 1228 790 1272 aversus
839 1230 876 1272 a
913 1205 1141 1290 Musis,
1187 1206 1300 1292 qui
1334 1229 1470 1272 non
1507 1207 1803 1272 mandari
1838 1208 2133 1272 versibus
2173 1211 2381 1272 aeter-

338 1318 493 1361 num
583 1317 849 1360 suorum
935 1295 1237 1359 laborum
1308 1294 1500 1361 facile
1573 1297 1990 1381 praeconium
2062 1294 2381 1380 patiatur.

339 1383 846 1449 Themistoclem
893 1383 1108 1466 illum,
1155 1404 1481 1449 summum
1529 1383 1809 1449 Athenis
1856 1385 2090 1467 virum,
2133 1383 2381 1448 dixisse

341 1458 540 1556 aiunt,
587 1494 734 1537 cum
773 1494 850 1535 ex
889 1493 965 1536 eo
1007 1476 1441 1557 quaereretur,
1489 1474 1663 1556 quod
1700 1494 2004 1537 acroama
2041 1476 2154 1537 aut
2191 1472 2381 1537 cuius

339 1582 564 1627 vocem
633 1559 1064 1625 libentissime
1119 1560 1401 1625 audiret·
1467 1560 1655 1644 εειὶιιε,
1716 1584 1756 1625 a
1810 1583 1937 1646 quo
1994 1582 2115 1625 sua
2166 1560 2381 1625 virtus
2412 1578 2459 1620 ιε

337 1649 1134 1802 {ptffiffigffieqffiffiun
1131 1647 1329 1802 ωέἷέ
1331 1649 1638 1821 ⁰13.ssssss
1657 1648 2121 1822 wem
2141 1648 2383 1820 θῖἳξὲ

395 1787 410 1803 ·
2131 1788 2147 1818 9

339 1830 660 1911 gesserat,
716 1845 910 1910 posse
958 1787 1291 1891 cel'ebrari.
1360 1824 1880 1891 Mithridaticum
1926 1847 2079 1891 vero
2125 1826 2384 1890 bellum

339 1934 654 2001 magnum
723 1916 919 1998 atque
985 1912 1249 1979 difficile
1315 1918 1381 1978 et
1436 1914 1506 1978 in
1561 1915 1770 1979 multa
1824 1914 2141 1980 varietate
2196 1917 2382 1980 terra

340 2005 635 2087 marique
687 2006 1021 2067 versatum
1075 2006 1291 2066 totum
1346 2003 1429 2067 ab
1484 2003 1609 2068 hoc
1655 2025 2031 2087 expressum
2077 2007 2206 2086 est3
2267 2004 2383 2087 qui
2412 2024 2463 2064 ιο

339 2092 492 2156 libri
544 2112 679 2156 non
738 2090 930 2155 modo
988 2088 1059 2154 L.
1114 2088 1484 2175 Lucullum,
1538 2091 1971 2157 fortissimum
2032 2095 2099 2156 et
2154 2092 2383 2156 claris-

341 2182 578 2245 simum
643 2179 884 2262 virum,
948 2200 1175 2243 verum
1239 2179 1438 2244 etiam
1502 2181 1729 2264 populi
1790 2180 2073 2245 Romani
2134 2201 2383 2244 nomen

339 2269 695 2333 illustrant.
786 2265 1072 2351 Populus
1140 2268 1314 2331 enim
1378 2267 1713 2334 Romanus
1781 2268 2037 2354 aperuit
2097 2267 2382 2334 Lucullo

338 2356 702 2441 imperante
757 2354 1042 2420 Pontum
1103 2360 1170 2420 et
1219 2357 1420 2442 regiis
1468 2357 1790 2443 quondam
1837 2358 2070 2440 opibus
2118 2361 2186 2421 et
2230 2359 2383 2441 ipsa

339 2450 576 2510 natura
631 2447 696 2507 et
743 2443 1010 2529 regione
1057 2445 1401 2528 vallatum,
1454 2445 1675 2530 populi
1725 2444 2005 2510 Romani
2054 2445 2381 2510 exercitus
2410 2463 2457 2504 25

343 2533 568 2598 eodem
625 2531 784 2596 duce
837 2552 969 2596 non
1024 2533 1311 2597 maxima
1364 2555 1561 2597 manu
1608 2533 2101 2598 innumerabilis
2148 2532 2383 2600 Arme-

341 2622 600 2684 niorum
655 2620 876 2704 copias
934 2619 1130 2704 fudit,
1183 2623 1409 2706 populi
1455 2621 1738 2686 Romani
1791 2621 1939 2686 laus
1999 2626 2099 2687 est
2144 2622 2381 2688 urbem

343 2707 805 2774 amicissimam
862 2705 1330 2791 Cyzicenorum
1388 2711 1671 2776 eiusdem
1729 2710 2001 2776 consilio
2058 2731 2135 2774 ex
2197 2713 2382 2776 omni

341 2798 592 2882 impetu
647 2795 830 2881 regio
877 2801 1073 2880 atque
1119 2797 1325 2862 totius
1372 2798 1533 2863 belli
1579 2821 1689 2864 ore
1738 2821 1813 2864 ac
1856 2798 2150 2866 faucibus
2198 2821 2384 2884 erep-

341 2889 480 2949 tam
545 2904 686 2949 esse
745 2887 942 2970 atque
991 2889 1345 2970 servatam3
1408 2890 1638 2952 nostra
1692 2908 1951 2973 semper
2002 2887 2251 2951 feretur
2310 2892 2379 2953 et
2406 2905 2459 2946 30

339 2971 824 3060 praedicabitur
886 2971 958 3038 L.
1013 2971 1287 3039 Lucullo
1354 2974 1728 3057 dimicante,
1802 2997 1947 3040 cum
2012 2975 2379 3041 interfectis

344 3062 614 3127 ducibus
654 3061 962 3145 depressa
997 3061 1290 3126 hostium
1330 3064 1557 3129 classis
1597 3067 1714 3147 est,
1762 3063 2161 3129 incredibilis
2200 3066 2377 3147 apud

343 3150 678 3214 Tenedum
750 3170 974 3235 pugna
1035 3150 1155 3214 illa
1217 3152 1505 3233 navalis,
1576 3157 1803 3216 nostra
1866 3157 2021 3217 sunt
2083 3155 2379 3237 tropaea,

340 3241 570 3303 nostra
633 3241 1082 3322 monumenta,
1145 3239 1359 3304 nostri
1422 3239 1755 3326 triumphi.
1856 3241 2035 3317 Quae
2096 3262 2378 3325 quorum

340 3326 619 3412 ingeniis
677 3326 1074 3409 ecferuntur,
1131 3327 1213 3390 ab
1261 3327 1344 3391 iis
1391 3328 1619 3412 populi
1665 3328 1946 3395 Romani
1988 3329 2167 3394 fama
2214 3331 2377 3395 cele·
2406 3345 2461 3388 3⁵

341 3414 587 3479 bratur.
681 3412 886 3478 Carus
931 3414 1060 3478 fuit
1105 3413 1417 3480 Africano
1466 3416 1789 3500 superiori
1832 3420 2059 3482 noster
2100 3416 2376 3501 EnniuS,

339 3501 561 3585 itaque
625 3500 828 3566 etiam
881 3503 952 3566 in
1006 3502 1303 3588 sepulcro
1362 3502 1739 3589 Scipionum
1793 3509 2065 3592 putatur
2117 3505 2175 3570 is
2232 3527 2377 3572 esse
