2534 3875
348 217 482 284 520
689 216 787 272 DE
825 214 1297 270 HARUSPICUM
1334 213 1711 270 RESPONSO
1753 213 2039 272 ORATIO.

349 361 610 427 dixistis
658 365 724 426 et
769 382 912 425 eam
958 359 1276 446 religione
1322 360 1500 425 omni
1544 359 1906 440 liberastis,
1952 364 2065 424 aut
2112 363 2367 424 senatus

350 451 495 535 ipse
558 449 903 533 iudicabit,
964 449 1074 534 qui
1137 471 1266 513 uno
1326 449 1441 514 illo
1502 448 1641 513 solo
1690 448 1987 512 antistite
2045 469 2363 513 sacrorum

350 538 772 603 dissentiente
829 537 1392 620 frequentissimus
1453 540 1646 600 antea
1707 536 2043 620 iudicavit,
2108 541 2246 620 aut,
2302 537 2363 601 id

353 627 525 712 quod
555 630 728 691 certe
762 626 894 708 fiet,
934 625 1016 690 ad
1055 625 1394 709 pontifices
1431 625 1749 702 reicietur,
1787 645 2062 707 quorum
2101 626 2364 690 auctori-

351 715 499 799 tati,
543 714 713 798 fidei,
757 713 1140 799 prudentiae
1185 715 1463 778 maiores
1508 713 1719 778 nostri
1766 734 1952 777 sacra
1997 712 2359 798 religiones·
2384 733 2407 771 5
2510 733 2523 758 ι

354 825 477 888 que
523 808 590 867 et
633 803 926 887 privatas
967 806 1031 867 et
1067 803 1358 886 publicas
1396 800 1945 866 commendarunt.
2011 799 2180 876 Quid
2218 823 2363 888 ergo

351 893 400 956 ii
462 894 738 974 possunt
797 891 972 956 aliud
1030 889 1337 974 iudicare,
1403 912 1477 954 ac
1538 889 2032 954 iudicaverunt?
2123 889 2363 954 Multae

351 984 503 1046 sunt
542 980 772 1045 domus
809 981 877 1044 in
916 978 1037 1042 hac
1073 979 1252 1063 urbe,
1297 981 1517 1062 patres
1553 977 1926 1062 conscripti,
1964 981 2165 1061 atque
2198 979 2363 1042 haud

351 1070 484 1134 scio
543 1091 627 1132 an
683 1089 891 1168 paene
945 1071 1214 1132 cunctae
1267 1066 1408 1130 iure
1462 1066 1736 1149 optim0,
1792 1066 1904 1130 sed
1956 1070 2181 1131 tamen
2234 1066 2360 1130 iure

351 1158 612 1242 privato
622 1206 640 1239 ,
693 1155 832 1219 iure
877 1154 1298 1238 hereditarie,
1342 1155 1480 1218 iure
1527 1153 1962 1238 auctoritatis,
2008 1155 2152 1218 iure
2196 1177 2359 1220 man·
2383 1175 2423 1213 ιο

355 1244 502 1327 cipi,
546 1244 686 1308 iure
730 1242 908 1326 nexi3
951 1263 1121 1328 nego
1161 1263 1302 1306 esse
1337 1242 1538 1306 ullam
1575 1242 1835 1306 domum
1877 1205 2073 1306 aliam
2112 1243 2359 1343 privato

357 1333 580 1396 eodem
654 1352 780 1414 quo
856 1352 1020 1415 quae
1089 1331 1338 1415 optima
1399 1331 1572 1415 lege,
1650 1329 1912 1414 publico
1974 1353 2134 1396 vero
2200 1332 2363 1396 omni

251 1436 316 1486 15
353 1420 700 1504 praecipuo
756 1424 825 1483 et
876 1419 1161 1483 humano
1216 1422 1283 1482 et
1338 1418 1555 1483 divino
1608 1418 1748 1482 iure
1802 1420 2154 1505 munitam3
2212 1441 2363 1504 quae

350 1509 631 1594 primum
707 1507 1082 1573 aedificatur
1153 1529 1231 1570 ex
1305 1507 1693 1572 auctoritate
1767 1512 2032 1572 senatus
2100 1469 2365 1592 p’ecunia

350 1597 643 1682 publica,
705 1596 932 1660 deinde
997 1598 1224 1660 contra
1288 1595 1418 1659 vim
1481 1595 1797 1660 nefariam
1868 1596 2061 1660 huius
2130 1597 2425 1682 gladia-‘1

349 1686 512 1750 toris
576 1688 679 1748 tot
743 1684 954 1748 senati
1017 1683 1333 1749 consultis
1398 1684 1649 1748 munita
1712 1687 1908 1768 atque
1969 1690 2205 1769 saepta
2258 1690 2367 1750 est.

279 1774 317 1838 8
349 1772 640 1837 Primum
710 1771 1049 1856 negotium
1123 1771 1331 1836 isdem
1402 1771 1895 1856 magistratibus
1968 1777 2071 1836 est
2150 1773 2368 1838 datum

352 1882 521 1925 anno
571 1859 917 1946 superiore,
963 1864 1036 1924 ut
1079 1863 1401 1945 curarent,
1446 1864 1521 1924 ut
1558 1859 1694 1924 sine
1731 1860 1797 1925 vi
1832 1861 2179 1926 aedificare
2215 1863 2370 1927 mihi

350 1951 606 2033 liceret,
689 1949 923 2033 quibus
997 1949 1065 2012 in
1137 1949 1437 2013 maximis
1510 1949 1815 2033 periculis
1887 1950 2202 2016 universa
2272 1974 2367 2016 res

350 2038 613 2122 publica
669 2037 1106 2101 commendari
1163 2038 1357 2121 solet3
1414 2036 1667 2122 deinde,
1722 2059 1865 2103 cum
1921 2038 2037 2103 ille
2083 2040 2265 2105 saxis
2310 2044 2429 2104 etso

350 2126 616 2211 ignibus
676 2129 742 2190 et
799 2125 972 2189 ferro
1033 2127 1414 2190 vastitatem
1474 2125 1633 2189 meis
1698 2126 1957 2190 sedibus
2022 2127 2367 2211 intulisset,

355 2215 639 2279 decrevit
684 2217 947 2279 senatus
985 2235 1116 2296 eos,
1161 2215 1272 2297 qui
1306 2213 1374 2278 id
1408 2212 1731 2297 fecissent,
1775 2215 1920 2301 lege
1958 2214 2037 2279 de
2072 2217 2164 2298 vi,
2213 2239 2366 2301 quae

354 2307 454 2367 est
491 2303 558 2366 in
598 2324 726 2385 coe,
771 2302 880 2385 qui
917 2302 1285 2367 universam
1321 2324 1459 2366 rem
1494 2301 1823 2387 publicam
1863 2312 2365 2389 oppugnassent,

347 2390 577 2455 teneri.
639 2389 846 2455 Vobis
881 2411 1033 2455 vero
1079 2389 1527 2474 referentibuS,
1574 2411 1611 2454 o
1655 2394 1810 2474 post
1853 2391 2200 2458 hominum
2246 2416 2365 2458 me·
2519 2470 2520 2477 ἵ

351 2479 624 2542 moriam
652 2477 998 2542 fortissimi
1027 2482 1221 2562 atque
1249 2478 1481 2561 optimi
1511 2480 1833 2543 consules!
1883 2480 2175 2545 decrevit
2202 2482 2364 2547 idem
2386 2498 2422 2537 ἥ

349 2570 612 2631 senatus
665 2565 1253 2650 frequentissimuS,
1311 2566 1419 2650 qui
1464 2587 1675 2630 meam
1724 2567 1985 2633 domum
2035 2570 2365 2652 violasset,

247 2670 314 2720 16
354 2657 581 2719 contra
641 2674 776 2717 rem
830 2654 1160 2738 publicam
1215 2675 1356 2718 esse
1411 2654 1751 2721 facturum.
1840 2654 2031 2742 Nego
2094 2657 2237 2723 ullo
2294 2659 2364 2722 de

351 2762 542 2826 opere
589 2740 869 2826 publicO,
918 2742 993 2806 de
1039 2746 1480 2827 monumento,
1525 2742 1603 2807 de
1647 2745 1891 2828 templo
1938 2748 2045 2809 tot
2102 2752 2361 2812 senatus

350 2833 604 2895 exstare
659 2830 957 2894 consulta
1020 2833 1179 2914 quot
1233 2830 1313 2894 de
1366 2852 1513 2895 mea
1567 2830 1785 2916 dome,
1848 2855 2072 2935 quam·
2100 2839 2359 2899 senatus

348 2940 542 2983 unam
590 2921 742 3003 post
787 2917 955 2982 hanc
1000 2919 1224 2983 urbem
1274 2919 1700 2985 constitutam
1746 2942 1822 2984 ex
1863 2923 2116 2987 aerario
2158 2923 2357 2988 aedifi·
2378 2938 2413 2976 ³⁰

348 3007 647 3089 eandam,
714 3028 752 3069 a
811 3006 1229 3091 pontificibus
1284 3007 1712 3092 liberandam,
1771 3030 1810 3073 a
1868 3032 1975 3073 ma
2027 3012 2357 3076 'stratibus

348 3093 833 3177 defendendam,
863 3116 900 3158 a
926 3094 1244 3159 iudicibus
1274 3096 1695 3177 poeniendam
1724 3030 2095 3251 putaritJP.
2097 3099 2353 3165 Valerio

230 3186 464 3266 pro
521 3183 822 3247 maximis
876 3182 943 3246 in
999 3204 1135 3245 rem
1185 3182 1516 3266 publicam
1562 3184 1887 3250 beneficiis
1934 3186 1975 3249 d
2015 3190 2089 3251 ta
2136 3189 2351 3255 domus

349 3273 448 3333 est
493 3270 560 3333 in
590 3269 783 3334 Velia
827 3270 1100 3354 publice,
1149 3274 1218 3333 at
1263 3270 1425 3334 mihi
1469 3270 1537 3334 in
1582 3270 1839 3338 Palatio
1884 3276 2223 3362 restituta3
2268 3276 2351 3341 illi

345 3357 542 3439 locuS,
589 3362 658 3421 at
703 3357 864 3421 mihi
904 3358 1102 3422 etiam
1139 3358 1419 3441 parietes
1458 3363 1653 3443 atque
1691 3364 1960 3445 tectum3
2003 3362 2123 3448 illi,
2172 3374 2395 3451 quam-'⁵

344 3443 482 3523 ipse
529 3446 784 3525 privato
831 3447 968 3509 iure
1013 3449 1333 3529 tueretur,
1378 3447 1566 3525 mihi,
1622 3470 1815 3533 quam
1861 3451 2119 3533 publice
2165 3454 2347 3555 magi

347 3531 592 3593 stratus
649 3552 872 3597 omnes
930 3533 1358 3599 defenderent.
1384 3521 1417 3654 s
1451 3534 1627 3610 Quae
1674 3537 1930 3623 quidem
1979 3560 2103 3626 ego
2150 3542 2209 3607 si
2252 3544 2345 3609 aut
