2534 3875
4 0 28 191 ἶ

906 189 1057 245 CAP.
1099 197 1235 245 1-—3
1276 196 1306 256 §
1346 196 1500 246 1—6.
2093 191 2224 256 459

186 337 481 417 tempore
530 355 858 419 sensurOS,
907 357 981 400 ac
1028 357 1130 400 me
1180 335 1450 400 absente
1502 335 1842 419 senserint,
1891 335 2226 401 arbitrere.

191 421 467 506 ‘Fuisti',
511 422 743 506 inquit,
781 421 945 487 ‘tum
984 423 1156 506 apud
1192 424 1533 508 pontifices
1575 424 1886 508 superior,
1925 424 2037 488 sed
2073 428 2224 507 iam,
2262 439 2299 488 4

191 510 499 594 quoniam
544 513 611 576 te
650 510 732 576 ad
768 513 1082 596 populum
1121 513 1480 595 contulisti,
1527 511 1615 576 sis
1655 511 1926 576 inferior
1961 533 2224 576 necesse

192 597 333 662 est.'
436 599 623 664 Itane
677 600 877 664 vero?
934 600 1106 684 quod
1162 601 1231 664 in
1287 599 1593 686 imperita
1649 600 2066 664 multitudine
2125 603 2226 664 est

134 707 163 748 5
192 686 707 770 vitiosissimum,
752 687 1035 752 varietas
1082 692 1148 753 et
1190 689 1632 753 inconstantia
1679 693 1744 752 et
1791 689 2018 752 crebra
2055 691 2226 752 tam-

192 797 387 858 quam
435 779 902 859 tempestatum
946 775 1042 841 sic
1088 777 1560 842 sententiarum
1605 776 2053 859 commutatiO,
2097 775 2223 840 hoc

192 870 267 930 tu
323 864 405 929 ad
458 865 579 928 hos
639 863 1026 948 transferaS,
1084 887 1245 948 quos
1295 865 1377 930 ab
1423 865 1866 929 inconstantia
1914 863 2228 964 gravitaS,

194 977 235 1020 a
285 952 635 1018 libidinosa
696 953 1020 1017 sententia
1079 957 1327 1018 certum
1391 957 1456 1017 et
1519 952 1856 1017 definitum
1917 953 2020 1017 1118
2080 952 2226 1015 reli-

196 1045 497 1130 gionum,
559 1044 853 1106 vetustas
909 1042 1384 1126 exemplorum,
1441 1042 1797 1106 auctoritas
1854 1041 2226 1104 litterarum

113 1149 169 1190 10
196 1133 889 1213 monumentorumque
956 1129 1288 1194 deterret?
1390 1129 1594 1194 ‘Tune
1653 1151 1724 1194 es
1786 1128 1924 1193 ille'
1928 1179 1944 1211 ,
1999 1128 2228 1212 inquit,

196 1225 349 1304 quo
406 1221 671 1283 senatus
718 1239 934 1283 carere
979 1240 1111 1283 non
1157 1218 1403 1303 potuit,
1463 1239 1654 1302 quem
1701 1217 1860 1282 boni
1905 1218 2228 1296 luxerunt,

198 1330 389 1393 quem
454 1328 557 1370 res
612 1305 876 1390 publica
932 1305 1351 1389 desideravit,
1409 1328 1536 1390 quo
1595 1307 1903 1370 restituto
1963 1310 2227 1370 senatus

197 1395 652 1461 auctoritatem
700 1394 1075 1459 restitutam
1111 1394 1526 1478 putabamus,
1573 1416 1766 1478 quam
1803 1393 2088 1478 primum
2128 1392 2236 1457 ad·

197 1484 462 1550 veniens
509 1481 922 1567 prodidisti‘P'
1006 1480 1313 1546 Nondum
1362 1482 1440 1546 de
1487 1503 1634 1546 mea
1681 1483 2007 1547 sententia
2053 1481 2227 1563 dico;

119 1589 171 1632 15
197 1571 618 1657 inpudentiae
680 1571 964 1654 primum
1028 1570 1432 1654 respondebo
1486 1575 1660 1635 tuae.
1757 1569 1949 1633 Hunc
2002 1569 2227 1654 igitur,
2265 1541 2308 1668 ἓ

197 1663 459 1726 funesta
504 1660 600 1723 rei
642 1659 943 1744 publicae
980 1659 1204 1743 pestiS,
1249 1659 1422 1723 hunc
1458 1661 1531 1722 tu
1570 1657 1777 1723 civem
1813 1657 1988 1721 ferro
2029 1662 2095 1721 et
2133 1678 2232 1720 ar-

198 1749 327 1814 mis
374 1751 441 1812 et
487 1748 803 1814 exercitus
848 1751 1097 1811 terrore
1143 1750 1209 1810 et
1256 1748 1591 1811 consulum
1642 1745 1884 1810 scelere
1933 1749 1999 1808 et
2038 1745 2232 1808 auda·

202 1836 608 1902 cissimorum
654 1835 991 1900 hominum
1038 1834 1261 1919 minis,
1321 1855 1653 1899 servorum
1702 1833 1970 1917 dilectu,
2018 1833 2232 1897 obses·

202 1925 385 1991 sione
430 1924 849 2010 templorum,
896 1923 1318 2009 occupatione
1364 1923 1510 2007 fori,
1547 1923 1968 2008 oppressione
2016 1920 2233 1987 curiae

120 2032 174 2072 20
203 2015 395 2080 domo
434 2017 501 2078 et
536 2013 771 2098 patria,
805 2034 888 2077 ne
926 2035 1072 2077 cum
1107 2012 1403 2097 inprobis
1442 2012 1600 2076 boni
1627 2010 1799 2076 ferro
1831 2010 2236 2092 dimicarent,

204 2103 427 2169 cedere
484 2102 782 2187 coegisti,
840 2122 1030 2184 quem
1076 2123 1116 2164 a
1162 2104 1422 2183 senatU,
1478 2121 1670 2184 quem
1709 2121 1748 2163 a
1791 2098 1984 2163 bonis
2033 2098 2237 2162 omni-

203 2194 327 2257 bus
337 2241 356 2275 ,
422 2212 611 2275 quem
668 2212 708 2254 a
762 2193 992 2254 cuncta
1045 2188 1243 2253 Italia
1302 2187 1768 2271 desideratum,
1834 2186 2236 2269 arcessitum,

204 2282 579 2345 revocatum
626 2277 1104 2344 conservandae
1151 2277 1247 2341 rei
1283 2276 1584 2361 publicae
1623 2297 1818 2341 causa
1857 2274 2236 2339 confiteris?

206 2368 325 2432 ‘At
370 2367 541 2432 enim
586 2367 657 2430 in
702 2368 1000 2431 senatum
1045 2365 1264 2430 venire
1283 2301 1382 2429 Pin
1419 2363 1819 2449 Capitolium
1855 2363 2237 2428 turbulento

126 2471 179 2513 25
206 2457 324 2521 illo
374 2456 476 2519 die
521 2476 653 2519 non
700 2452 1023 2518 debuisti?
1105 2452 1250 2538 Ego
1299 2474 1453 2517 vero
1490 2474 1698 2536 neque
1746 2452 1893 2518 veni
1940 2457 2004 2516 et
2044 2452 2236 2516 domo
2277 2469 2310 2516 6

207 2564 312 2609 me
375 2543 583 2626 tenui,
658 2542 967 2626 quamdiu
1028 2542 1483 2607 turbulentum
1545 2545 1805 2625 tempus
1870 2540 2026 2624 fuit,
2095 2563 2240 2605 cum

209 2653 432 2697 servos
496 2635 646 2696 tuos
712 2653 753 2695 a
814 2635 881 2695 te
944 2631 1077 2695 iam
1140 2630 1393 2714 pridem
1456 2630 1537 2695 ad
1591 2630 1916 2695 bonorum
1979 2629 2242 2693 caedem

208 2724 477 2806 paratos
535 2741 681 2785 cum
734 2719 851 2783 illa
905 2722 1021 2783 tua
1078 2720 1668 2784 consceleratorum
1716 2740 1792 2783 ac
1837 2718 2240 2802 perditorum

211 2831 407 2874 manu
447 2812 735 2873 armatos
774 2808 845 2871 in
881 2806 1280 2892 Capitolium
1317 2811 1533 2872 tecum
1569 2807 1826 2873 venisse
1865 2806 2241 2887 constabat3

132 2913 185 2953 80
214 2896 387 2981 quod
441 2919 589 2961 cum
636 2896 797 2961 mihi
840 2896 1280 2980 nuntiaretur,
1337 2896 1500 2960 scito
1549 2918 1652 2960 me
1703 2895 1880 2959 domi
1925 2894 2244 2958 mansisse

212 2990 280 3049 et
306 2985 429 3049 tibi
459 2988 525 3049 et
555 2984 1026 3071 gladiatoribus
1053 2984 1186 3048 tuis
1216 2983 1679 3050 instaurandae
1709 2982 1921 3047 caedis
1952 2983 2244 3065 potesta-

210 3078 347 3139 tem
420 3095 552 3138 non
614 3073 863 3138 fecisse.
974 3072 1417 3173 Posteaquam
1479 3071 1642 3135 mihi
1705 3069 2079 3134 nuntiatum
2145 3071 2246 3131 est

211 3162 529 3247 populum
602 3162 968 3225 Romanum
1040 3161 1110 3224 in
1182 3159 1584 3244 Capitolium
1656 3161 1926 3243 propter
1999 3158 2247 3220 metum

215 3254 411 3334 atque
456 3251 757 3334 inopiam
793 3248 889 3312 rei
932 3248 1396 3313 frumentariae
1445 3246 1851 3327 convenisse,
1909 3244 2246 3308 ministros

134 3353 187 3399 35
216 3343 435 3403 autem
512 3339 824 3403 scelerum
898 3340 1160 3401 tuorum
1231 3335 1614 3421 perterritos
1679 3295 1922 3418 partim
1989 3332 2248 3397 amissis

216 3425 474 3511 gladiis,
517 3426 760 3528 partim
809 3425 1047 3508 ereptis
1097 3424 1450 3508 diffugisse,
1496 3422 1646 3487 veni
1689 3443 1823 3486 non
1861 3421 2072 3485 solum
2111 3421 2250 3485 sine

214 3514 371 3579 ullis
418 3514 621 3597 copiis
671 3536 745 3579 ac
790 3533 1007 3596 mann,
1053 3534 1282 3576 verum
1321 3513 1520 3577 etiam
1559 3532 1705 3578 cum
1742 3510 1964 3597 paucis
2005 3508 2252 3575 amicis,
