2534 3875
228 395 293 443 30

226 1365 294 1413 31

331 145 464 210 350
929 143 1072 199 Pao
1109 145 1170 199 P.
1212 131 1449 198 SULLA
1488 144 1781 201 ORATIO.

335 288 722 355 sceleratum
777 290 1088 373 repressi,
1144 289 1256 353 sed
1317 312 1393 353 eo
1442 289 1641 356 etiam
1685 288 1927 375 magis,
1985 290 2161 375 quod
2204 292 2398 357 nihil

331 379 464 444 iam
521 400 589 443 se
647 378 862 442 simile
909 400 1012 442 me
1059 378 1209 444 vivo
1257 378 1481 442 conari
1524 399 1719 463 posse
1766 379 2189 444 arbitrantur.
2284 380 2397 444 At

333 489 485 532 vero
535 466 691 551 quid
738 488 861 552 ego
909 466 1125 549 mirer,
1173 466 1230 530 si
1279 466 1434 550 quid
1480 466 1564 531 ab
1610 465 1929 551 improbis
1977 468 2055 531 de
2102 489 2207 532 me
2254 467 2395 533 im-

330 560 534 639 probe
594 554 855 639 dicitur,
916 577 1061 619 eum
1107 553 1180 619 L.
1228 554 1598 639 Torquatus
1654 556 1940 639 primum
1992 555 2097 620 his
2142 555 2393 621 funda-

333 643 570 709 mentis
618 645 760 728 ipse
809 642 1287 708 adulescentiae
1332 642 1541 727 iactiS,
1588 665 1665 707 ea
1703 665 1817 727 spe
1853 644 2197 729 proposita
2234 667 2387 709 am·
2426 662 2457 704 5

333 732 674 815 plissimae
739 732 1110 817 dignitatis,
1186 731 1415 796 deinde
1477 730 1549 797 L.
1614 730 1961 817 Torquati,
2024 731 2390 798 fortissimi

335 821 642 897 consulis,
689 820 1208 885 constantissimi
1245 820 1588 903 senatoriS,
1626 841 1883 903 semper
1920 821 2155 905 optimi
2189 820 2390 905 civis,

331 908 537 987 filius,
609 908 940 973 interdum
1013 908 1322 973 efferatur
1394 908 1910 973 inmoderatione
1976 910 2387 975 verborum?

333 996 488 1073 Qui·
521 1019 670 1062 cum
734 1018 1084 1083 suppressa
1147 1018 1306 1062 voce
1366 996 1446 1061 de
1509 997 1752 1062 scelere
1806 996 1875 1063 P.
1936 995 2227 1081 Lentuli,
2297 999 2386 1063 de

333 1086 604 1150 audacia
647 1085 1138 1150 coniuratorum
1185 1084 1479 1149 omnium
1525 1085 1825 1169 dixisset,
1871 1088 2127 1150 tantum
2172 1088 2383 1151 modo
2421 1107 2477 1146 ιο

332 1176 407 1238 ut
443 1196 581 1256 VOS,
627 1174 740 1258 qui
777 1196 854 1237 ea
888 1174 1208 1258 probatiS,
1247 1173 1549 1238 exaudire
1586 1174 1890 1258 possetis,
1930 1174 2007 1238 de
2046 1174 2379 1259 supplicio

335 1262 481 1345 [‚de
534 1261 872 1345 Lentulo],
928 1261 1006 1326 de
1063 1284 1317 1327 carcere
1364 1284 1607 1347 magna
1651 1265 1718 1327 et
1765 1261 2169 1346 queribunda
2214 1286 2384 1329 voce

337 1350 611 1415 dicebat.
700 1349 780 1414 In
836 1371 963 1434 quo
1009 1350 1295 1434 primum
1341 1350 1507 1415 illud
1552 1355 1694 1415 erat
1742 1350 2124 1435 absurdum,
2179 1352 2381 1437 quod,

335 1461 482 1503 cum
539 1460 643 1521 ea,
699 1460 864 1525 quae
909 1439 1144 1503 leviter
1191 1439 1474 1522 dixerat,
1527 1439 1715 1504 vobis
1760 1438 2041 1524 probare
2084 1440 2381 1525 volebat,

334 1549 446 1591 eos
494 1531 745 1611 autem,
793 1526 904 1610 qui
950 1527 1193 1592 circum
1237 1526 1547 1591 iudicium
1596 1528 1884 1612 stabant,
1932 1528 2154 1593 audire
2192 1530 2377 1595 nole·
2412 1548 2468 1588 15

333 1616 470 1699 bat,
513 1638 650 1680 non
692 1616 1123 1699 intellegebat
1169 1637 1273 1697 ea,
1320 1637 1485 1699 quae
1534 1616 1707 1681 clare
1756 1616 2026 1701 diceret,
2072 1615 2171 1682 ita
2214 1616 2379 1682 illos

336 1704 669 1770 audituros
678 1753 697 1787 ,
745 1702 982 1787 quibus
1029 1726 1098 1768 se
1145 1703 1553 1785 venditabat,
1599 1708 1675 1768 ut
1719 1726 1837 1769 vos
1886 1726 2143 1789 quoque
2191 1706 2378 1770 audi-

335 1793 526 1876 retis,
591 1792 704 1876 qui
765 1791 831 1856 id
895 1812 1029 1856 non
1082 1792 1486 1877 probabatis,
1588 1792 1839 1857 Deinde
1898 1793 2180 1858 alterum
2238 1794 2379 1859 iam

335 1880 618 1947 oratoris
647 1879 882 1945 vitium
909 1902 1043 1945 non
1069 1880 1307 1965 videre,
1338 1880 1495 1965 quid
1523 1902 1815 1967 quaeque
1844 1902 2041 1946 eausa
2057 1882 2376 1967 postulet.

333 1969 532 2035 Nihil.
585 1972 685 2034 est
731 1969 904 2033 em'm
949 1973 1089 2034 tam
1135 1969 1416 2033 alienum
1464 1969 1546 2034 ab
1596 1992 1699 2048 eo,
1754 1971 1863 2054 qui
1901 1971 2181 2036 alterum
2228 1993 2379 2036 con·
2412 1992 2470 2031 20

281 2105 286 2110 -
334 2058 677 2124 iurationis
725 2060 1010 2142 accuset,
1067 2080 1261 2142 quam
1310 2057 1515 2122 videri
1562 2057 2046 2123 coniuratorum
2093 2081 2380 2144 poenam

335 2152 742 2230 mortemque
805 2146 1050 2232 lugere.
1134 2145 1320 2221 Quod
1384 2169 1530 2211 eum
1584 2146 1643 2210 is
1697 2147 1999 2212 tribunus
2053 2148 2139 2232 pl.
2197 2147 2379 2230 facit,

339 2236 451 2320 qui
522 2256 688 2300 unus
762 2234 1023 2299 videtur
1097 2255 1175 2298 ex
1246 2235 1382 2298 illis
1456 2234 1539 2299 ad
1612 2234 1928 2320 lugendos
1994 2236 2376 2302 coniuratos

337 2323 634 2405 relictuS‚
689 2323 934 2388 nemini
981 2323 1220 2387 mirum
1267 2327 1397 2404 est3
1454 2322 1719 2387 difficile
1769 2327 1870 2387 est
1917 2323 2089 2388 enim
2136 2328 2375 2408 tacere,

337 2434 484 2477 cum
539 2374 786 2494 doleas3
841 2414 938 2492 te,
993 2411 1050 2476 si
1107 2411 1260 2495 quid
1318 2411 1453 2474 eius
1510 2411 1688 2475 modi
1742 2411 1933 2496 faeiS,
1986 2432 2122 2476 non
2176 2414 2375 2478 modo
2408 2432 2465 2472 25

335 2501 541 2565 talem
589 2499 1095 2582 adulescentem,
1150 2499 1263 2563 sed
1308 2499 1379 2564 in
1424 2520 1503 2563 ea
1548 2521 1770 2583 causa,
1832 2499 1902 2564 in
1947 2521 2075 2584 qua
2119 2504 2188 2566 te
2235 2503 2376 2566 vin-

339 2588 546 2652 dicem
609 2587 1074 2652 coniurationis
1135 2587 1299 2651 velis
1358 2609 1526 2672 esse,
1589 2587 2011 2653 vehementer
2067 2589 2375 2654 admiror.

232 2692 300 2740 32
341 2675 468 2741 Sed
503 2674 904 2760 reprehendo
942 2677 1164 2738 tamen
1200 2675 1367 2740 illud
1404 2677 1702 2761 maxime,
1739 2677 1911 2760 quod
1947 2677 2124 2741 isto
2105 2679 2375 2761 ingenio

337 2768 404 2830 et
449 2763 796 2849 prudentia
840 2763 1174 2847 praeditus
1221 2786 1486 2830 causam
1530 2764 1627 2829 rei
1661 2764 1963 2849 publicae
1997 2786 2132 2829 non
2165 2769 2375 2851 teneS,

339 2855 451 2937 qui
488 2851 806 2916 arbitrere
844 2851 1020 2936 plebi
1049 2851 1385 2943 Romanae
1421 2874 1523 2917 res
1565 2874 1674 2917 eas
1711 2875 1845 2917 non
1882 2854 2167 2937 probari,
2206 2876 2373 2938 quas
2404 2875 2464 2914 30

339 2963 442 3006 me
479 2940 743 3006 consule
783 2950 1004 3004 omnes
1040 2940 1198 3005 boni
1234 2935 1353 3026 pro
1394 2941 1605 3006 salute
1643 2941 1973 3006 communi
2009 2947 2375 3026 gesserunt.

234 3031 312 3094 11
336 3030 626 3114 Ecquem
670 3032 748 3093 tu
793 3028 1043 3114 horum,
1093 3029 1203 3114 qui
1241 3028 1495 3113 adsunt,
1540 3029 1775 3113 quibus
1822 3032 1889 3094 te
1935 3031 2220 3095 contra
2201 3054 2377 3116 ipso-

336 3141 481 3182 rum
527 3119 933 3183 voluntatem
978 3117 1392 3201 venditabas,
1454 3121 1569 3180 aut
1614 3120 1754 3182 tam
1801 3117 2191 3184 sceleratum
2240 3125 2375 3185 sta-

335 3209 468 3271 tuis
522 3207 752 3290 fuisse,
807 3211 882 3270 ut
935 3206 1096 3270 haec
1153 3205 1371 3269 omnia
1425 3204 1637 3290 perire
1694 3205 2002 3290 voluerit,
2058 3211 2174 3271 aut
2231 3211 2373 3272 tam

337 3296 673 3372 miserum,
741 3297 814 3357 ut
879 3296 946 3358 et
1009 3314 1079 3357 se
1146 3293 1356 3376 perire
1412 3297 1674 3376 cuperet
1728 3297 1794 3358 et
1847 3294 2015 3358 nihil
2074 3293 2372 3382 haberet,
2400 3314 2454 3355 35

336 3384 506 3466 quod
555 3384 808 3447 salvum
856 3401 995 3445 esse
1032 3381 1278 3445 vellet?
1344 3382 1452 3445 An
1488 3403 1637 3446 vero
1685 3381 2121 3448 clarissimum
2157 3384 2373 3448 virum

336 3471 590 3556 generis
628 3468 832 3535 vestri
870 3490 948 3540 ae
980 3469 1262 3533 nominis
1300 3491 1491 3537 nemo
1529 3471 1962 3556 reprehendit,
2012 3471 2123 3556 qui
2157 3472 2374 3538 filium
