2534 3875
861 168 1013 224 CAP.
1052 176 1146 239 29,
1187 176 1254 225 30
1294 175 1325 236 ς
1363 175 1591 225 80—84.
2073 173 2206 237 369

160 313 519 399 desiderat,
574 317 798 399 potest
852 313 1194 399 quisquam
1253 313 1463 380 dicere
1519 337 1829 400 umquam
1884 315 2208 402 melioreS,

158 402 499 485 fortioreS,
572 403 1049 468 constantiores
1123 403 1499 468 consulares
1572 403 1777 469 fuisse
1842 426 2037 489 quam
2101 405 2205 472 his

160 492 574 576 temporibus
641 495 709 555 et
769 491 1106 575 periculis,
1169 491 1405 576 quibus
1467 513 1675 576 paene
1734 514 2049 577 oppressa
2105 498 2206 559 est

163 601 268 644 res
336 579 644 663 publica?
745 577 904 654 Quis
963 601 1096 644 non
1153 570 1230 643 de
1288 580 1616 645 communi
1673 581 1885 645 salute
1942 582 2205 666 optime,

105 684 137 725 ⁶
165 667 312 751 quis
366 689 502 733 non
555 667 945 751 fortissime,
1001 667 1145 751 quis
1203 690 1337 732 non
1383 669 1913 734 constantissime
1958 670 2205 735 sensit?

163 755 395 840 Neque
461 777 585 842 ego
649 756 995 841 praecipue
1054 756 1134 820 de
1191 757 1642 821 consularibus
1699 758 1989 843 disput03
2050 780 2207 823 nam

162 846 328 909 haec
357 849 424 909 et
452 844 790 909 hominum
819 844 1405 929 ornatissimorum,
1436 844 1549 929 qui
1567 851 1903 930 praetores
1923 845 2205 931 fuerunt,
2268 847 2271 852 '

167 936 235 998 et
271 932 562 997 universi
602 936 866 998 senatus
905 933 1266 998 communis
1306 938 1408 999 est
1446 934 1606 1017 laus,
1645 939 1721 998 ut
1756 938 2015 1000 constet
2049 940 2205 1020 post

166 1021 509 1087 hominum
575 1022 961 1086 memoriam
1022 1044 1381 1106 numquam
1443 1021 1514 1086 in
1575 1022 1695 1087 illo
1764 1023 1988 1089 ordine
2053 1025 2204 1109 plus

87 1127 142 1166 10
169 1109 455 1195 vir-tutis,
499 1110 650 1193 plus
699 1109 941 1174 amoris
985 1109 1056 1174 in
1100 1132 1237 1175 rem
1276 1110 1624 1195 publicam,
1669 1112 1819 1196 plus
1858 1112 2205 1197 gravitatis

171 1198 402 1282 fuisse3
449 1198 560 1263 sed
607 1198 762 1282 quia
808 1201 961 1262 sunt
1009 1198 1320 1283 descripti
1366 1200 1756 1281 consulares,
1805 1201 1882 1265 de
1920 1201 2025 1265 his
2063 1204 2205 1266 tan·

165 1291 309 1351 tum
346 1287 510 1351 mihi
547 1286 888 1352 dicendum
924 1286 1172 1388 putavi,
1222 1287 1397 1370 quod
1434 1288 1595 1352 satis
1634 1292 1807 1353 esset
1843 1289 1924 1354 ad
1961 1292 2206 1354 testan-

168 1375 321 1439 dam
359 1374 652 1439 omnium
690 1374 1108 1460 memoriam,
1127 1374 1453 1439 neminem
1494 1398 1637 1441 esse
1673 1398 1753 1441 ex
1789 1376 1907 1442 illo
1935 1378 2204 1454 honoris

171 1464 400 1549 gradu,
446 1463 559 1548 qui
602 1485 736 1528 non
781 1463 961 1529 omni
1007 1462 1240 1547 studio,
1287 1463 1551 1547 virtute,
1599 1466 1987 1530 auctoritate
2032 1468 2206 1532 incu-

89 1566 142 1609 15
171 1551 391 1617 buerit
436 1552 517 1617 ad
563 1573 702 1616 rem
747 1551 1080 1637 publicam
1127 1551 1653 1617 conservandam.

307 1638 435 1705 Sed
473 1640 670 1725 quid?
717 1661 858 1725 ego,
906 1640 1018 1725 qui
1055 1638 1411 1705 Catilinam
1448 1661 1581 1704 non
1615 1640 1898 1725 laudavi,
1944 1642 2057 1727 qui
2092 1665 2203 1708 reo
2227 1620 2317 1747 *ἒξ

171 1728 490 1794 Catilinae
545 1729 775 1793 consul
833 1750 965 1793 non
1015 1727 1218 1811 adfui,
1276 1728 1389 1813 qui
1433 1730 1885 1793 testimonium
1932 1730 2009 1795 de
2056 1752 2207 1795 con-

170 1816 496 1882 iuratione
557 1816 691 1881 dixi
744 1817 815 1881 in
871 1816 1067 1898 alios,
1123 1817 1368 1881 adeone
1414 1816 1601 1882 vobis
1650 1817 1901 1883 alienus
1948 1840 1990 1883 a
2036 1819 2209 1883 sani-

169 1910 339 1990 tate,
396 1905 557 1971 adeo
615 1904 861 1971 oblitus
917 1905 1325 1971 constantiae
1381 1927 1590 1992 meae,
1646 1905 1807 1973 adeo
1862 1906 2209 1973 immemor

89 2011 144 2052 2⁰
169 2017 390 2060 rerum
446 2017 486 2059 a
539 2016 644 2059 me
705 1998 1037 2080 gestarum
1095 2017 1236 2060 esse
1298 1994 1548 2079 videor,
1610 1999 1712 2078 ut,
1776 2018 1923 2061 cum
1979 1997 2206 2061 consul

170 2083 418 2148 bellum
480 2083 795 2168 gesserim
851 2105 996 2148 cum
1051 2083 1437 2166 coniuratis,
1490 2105 1681 2154 nuno.
1709 2105 1933 2149 eorum
1980 2085 2207 2150 ducem

96 2243 102 2248 ,
171 2193 436 2237 servare
491 2171 750 2256 cupiam
807 2175 874 2236 et
928 2172 998 2236 in
1045 2172 1336 2237 animum
1382 2171 1711 2256 inducam,
1767 2173 1951 2237 cuius
1997 2193 2208 2257 nuper

168 2259 417 2324 ferrum
471 2259 859 2324 rettuderim
914 2259 1375 2344 flammamque
1420 2259 1863 2344 restinxerim,
1920 2260 2206 2325 eiusdem

169 2370 344 2413 nunc
399 2370 662 2413 causam
707 2348 1040 2432 vitamque
1097 2347 1483 2414 defendere?
1575 2346 1644 2412 Si
1700 2349 1951 2414 medius
1997 2348 2208 2432 fidius,

91 2451 144 2494 2⁶
171 2437 444 2520 iudices,
502 2459 636 2503 non
697 2457 801 2500 me
858 2436 1002 2521 ipsa
1055 2459 1159 2516 res
1214 2435 1478 2520 publica
1531 2437 1694 2501 meis
1749 2437 2087 2504 laboribus
2144 2444 2211 2502 et

170 2525 477 2609 periculis
535 2529 924 2590 conservata
979 2526 1060 2591 ad
1107 2524 1501 2610 gravitatem
1549 2525 1752 2590 animi
1798 2531 1865 2591 et
1910 2529 2209 2592 constan-

171 2615 339 2679 tiam
393 2635 513 2678 sua
565 2613 888 2698 dignitate
943 2617 1309 2697 revocaret,
1363 2617 1588 2678 tamen
1642 2614 1767 2679 hoc
1822 2618 2061 2680 natura
2106 2618 2209 2693 est

171 2701 467 2780 insitum,
503 2705 598 2786 ut,
637 2724 827 2786 quem
865 2701 1180 2786 timueriS,
1219 2701 1480 2788 quicum
1518 2702 1596 2766 de
1624 2702 1765 2773 vita
1799 2701 2208 2788 fortunisque

172 2790 610 2870 contenderiS‚
667 2791 847 2855 cuius
904 2812 983 2856 ex
1038 2790 1293 2856 insidiis
1357 2789 1670 2875 evaseris,
1723 2791 1921 2856 hunc⁴
1954 2813 2210 2876 semper

95 2895 150 2936 ω
177 2878 411 2946 oderis.
515 2876 641 2943 Sed
710 2901 857 2944 cum
921 2886 1158 2965 agatur
1220 2879 1431 2943 honos
1496 2900 1677 2943 meus
1744 2879 2209 2963 amplissimus„

175 2966 393 3053 gloria
427 2988 644 3032 rerum
694 2971 1028 3053 gestarum
1065 2967 1437 3053 singulariS,
1484 2988 1647 3050 cum,
1695 2968 1997 3052 quotiens
2037 2969 2208 3052 quis-

174 3077 298 3138 que
363 3058 464 3121 est
527 3057 597 3120 in
661 3055 786 3120 hoc
843 3056 1082 3122 scelere
1136 3055 1473 3121 convictus
1480 3105 1499 3139 ,
1564 3054 1807 3121 totiens
1864 3059 2212 3121 renovetur

173 3144 490 3210 memoria
525 3165 645 3228 per
678 3165 783 3208 me
819 3144 1122 3209 inventae
1159 3143 1415 3224 salutis,
1450 3164 1573 3228 ego
1612 3145 1734 3208 sim
1763 3148 1898 3208 tam
1929 3144 2211 3226 demenS,

177 3252 297 3317 ego
337 3232 763 3312 committam,
808 3237 885 3296 ut
921 3255 1015 3316 ea,
1063 3254 1228 3319 quae
1274 3254 1395 3317 pro
1434 3232 1649 3296 salute
1688 3231 1979 3296 omnium
2016 3232 2211 3317 gessi,

99 3335 151 3378 ⁸⁶
180 3341 332 3385 casu
375 3321 587 3405 magis
635 3324 702 3386 et
745 3320 1061 3386 felicitate
1098 3344 1140 3384 a
1172 3343 1278 3385 me
1316 3341 1513 3404 quam
1548 3319 1793 3384 virtute
1832 3323 1900 3384 et
1937 3319 2209 3385 consilio

177 3411 366 3491 gesta
419 3431 561 3474 esse
615 3409 999 3474 videantur?
1089 3407 1283 3484 ‘Quid
1343 3406 1544 3494 ergo?
1599 3407 1725 3473 hoc
1780 3408 1906 3472 tibi
1966 3405 2191 3486 sumis'
2194 3456 2212 3490 ,
2249 3422 2322 3472 84

178 3495 346 3562 dicet
379 3495 664 3562 fortasse
702 3497 1046 3583 quispiam,
1092 3496 1207 3576 ‘ut,
1245 3498 1403 3582 quia
1437 3498 1513 3560 tu
1552 3494 1864 3580 defendis,
1900 3497 2209 3561 innocens

282 3607 394 3650 010.
419 3611 486 3650 11.
515 3611 556 3651 2.
1814 3605 1885 3655 24
