2534 3875
775 212 928 268 CAP.
969 219 1106 268 7-9
1143 219 1174 277 δ
1217 219 1281 267 14
1300 220 1439 268 -18.
1983 213 2117 278 295

99 357 346 444 Operae
405 357 689 443 pretium
753 360 879 441 est,
942 362 1161 442 patres
1216 357 1596 441 conscripti,
1661 357 2118 424 libertinorum
2154 361 2199 425 8

99 447 428 512 hominu'm
475 446 692 509 studia
737 465 1142 530 cognoscere,
1191 445 1303 529 qui
1348 466 1467 509 sua
1500 445 1747 510 virtute
1784 446 2118 510 fortunam

101 535 296 600 huius
330 533 614 598 civitatis
663 533 994 599 consecuti
1036 554 1187 598 vere
1223 535 1392 598 hanc
1432 555 1617 597 suam
1653 554 1796 598 esse
1833 533 2119 616 patriam

97 623 401 705 iudicant,
446 643 643 706 quam
689 621 952 705 quidam
997 621 1105 686 hic
1148 620 1309 706 nati,
1354 625 1423 686 et
1468 642 1721 686 summo
1768 621 1909 686 nati
1954 621 2120 705 loce,

97 733 238 776 non
289 709 562 794 patriam
618 730 832 793 suam,
893 709 1006 775 sed
1059 710 1291 774 urbem
1343 709 1630 774 hostium
1692 731 1835 774 esse
1879 709 2118 775 iudica-

95 802 345 864 verunt.
408 794 533 863 Sed
579 797 734 882 quid
771 818 894 884 ego
939 797 1135 862 hosce
1180 797 1479 862 homines
1524 796 1910 882 ordinesque
1949 818 2119 863 com-

95 907 412 971 memore,
468 907 630 971 quos
675 885 970 970 privatae
1013 886 1344 970 fortunae,
1399 906 1561 970 quos
1608 885 1967 951 communis
2013 907 2118 950 res

93 975 377 1060 publica,
422 995 586 1058 quos
625 973 898 1056 denique
933 973 1224 1058 libertas,
1271 994 1347 1038 ea
1384 995 1551 1058 quae
1587 973 1961 1039 dulcissima
1999 977 2119 1057 est,

94 1063 184 1128 ad
247 1063 520 1128 salutem
581 1061 834 1148 patriae
897 1060 1363 1127 defendendam
1422 1062 1772 1127 excitavit?
1880 1058 2119 1127 Servus

95 1154 207 1216 est
241 1172 446 1234 neme,
483 1149 596 1234 qui
631 1150 823 1215 modo
860 1150 1188 1215 tolerabili
1225 1149 1599 1215 condicione
1636 1150 1726 1215 sit
1762 1149 2121 1232 servitutis,

93 1239 214 1323 qui
258 1260 386 1303 non
432 1239 769 1303 audaciam
805 1237 1045 1303 civium
1088 1238 1569 1323 perhorrescat,
1624 1239 1736 1322 qui
1779 1259 1915 1303 non
1957 1239 2120 1303 haec

93 1331 276 1391 stare
338 1325 581 1411 cupiat,
643 1326 756 1410 qui
817 1346 953 1391 non
1016 1328 1358 1408 [tantum],
1422 1330 1737 1411 quantum
1800 1326 1997 1391 audet
2052 1329 2120 1390 et

93 1418 414 1499 quantum
460 1419 704 1498 potest,
750 1413 1042 1479 conferat
1089 1414 1169 1478 ad
1213 1435 1623 1478 communem
1668 1413 1965 1498 salutem,
2010 1435 2120 1480 vo·

91 1502 388 1568 luntatis.
453 1501 664 1577 Quare
709 1502 768 1566 si
813 1524 1006 1586 quem
1040 1506 1330 1566 vestrum
1368 1501 1537 1567 forte
1574 1505 1941 1568 commovet
1975 1502 2119 1586 hoc,
2161 1519 2227 1568 ιτ

93 1590 274 1675 quod
329 1590 618 1655 auditum
664 1594 793 1673 est,
838 1591 1138 1656 lenonem
1186 1591 1505 1674 quendam
1550 1589 1812 1654 Lentuli
1858 1611 2119 1656 concur-

91 1701 245 1744 sare
301 1679 540 1744 circum
585 1677 921 1762 tabernas,
975 1678 1185 1763 pretio
1233 1699 1494 1762 sperare
1540 1678 1886 1743 sollicitari
1929 1698 2121 1762 posse

91 1766 350 1832 ammos
408 1766 738 1852 egentium
799 1770 992 1850 atque
1045 1766 1523 1850 imperitorum,
1578 1770 1681 1830 est
1738 1765 1806 1829 id
1860 1765 2120 1850 quidem

89 1859 400 1941 coeptum
447 1858 642 1939 atque
677 1858 1088 1939 temptatum,
1135 1854 1248 1918 sed
1292 1855 1455 1918 nulli
1502 1857 1655 1919 sunt
1698 1853 1945 1918 inventi
1980 1856 2121 1918 tam

89 1948 212 2009 aut
249 1944 515 2009 fortuna
551 1944 772 2009 miseri
811 1948 926 2008 aut
953 1945 1289 2009 voluntate
1326 1943 1583 2029 perditi,
1619 1943 1732 2028 qui
1770 1964 1903 2007 non
1931 1943 2121 2008 illum

85 2035 313 2117 ipsum
360 2033 556 2096 sellae
605 2036 802 2116 atque
838 2032 1053 2117 operis
1092 2036 1158 2095 et
1195 2036 1505 2116 quaestus
1544 2031 1853 2096 cotidiani
1888 2032 2121 2115 locum,

85 2120 206 2205 qui
260 2141 394 2185 non
453 2119 664 2186 cubile
721 2141 795 2185 ac
848 2120 1151 2185 lectulum
1212 2142 1427 2203 suum,
1495 2118 1609 2204 qui
1662 2118 1936 2203 denique
1988 2140 2123 2184 non

83 2230 358 2274 cursum
410 2209 584 2273 hunc
637 2208 921 2273 otiosum
975 2208 1150 2273 vitae
1204 2229 1359 2273 suae
1415 2209 1665 2272 salvum
1710 2228 1851 2272 esse
1897 2208 2121 2273 velint.

81 2296 305 2362 Multo
352 2317 507 2362 vero
555 2296 838 2361 maxima
881 2317 1034 2378 pars
1072 2316 1313 2378 eorum,
1362 2287 1495 2379 qui‘
1518 2295 1588 2360 in
1624 2296 1913 2361 tabernis
1952 2300 2121 2379 sunt,

80 2386 296 2450 immo
355 2406 507 2450 vero
561 2384 655 2465 (id
701 2384 874 2449 enim
917 2384 1134 2468 potius
1181 2387 1284 2449 est
1328 2383 1697 2469 dicendum)
1746 2404 1947 2468 genus
1992 2383 2119 2449 hoc

81 2473 467 2537 universum
525 2473 1041 2537 amantissimum
1098 2477 1200 2538 est
1253 2472 1389 2538 otii.
1479 2472 1743 2537 Etenim
1788 2492 1979 2535 omne
2024 2470 2122 2535 in-

81 2565 562 2644 strumentum,
619 2561 830 2626 omnis
885 2583 1082 2646 opera
1137 2566 1333 2644 atque
1389 2563 1699 2645 quaestus
1754 2560 2121 2642 frequentia

81 2649 335 2714 civium
393 2652 822 2733 sustentatur,
887 2649 1084 2714 alitur
1139 2650 1304 2733 oti03
1371 2670 1646 2734 quorum
1700 2649 1756 2711 si
1810 2651 2119 2732 quaestus

81 2737 374 2803 occlusis
436 2737 724 2801 tabernis
791 2736 997 2802 minui
1052 2736 1248 2823 solet,
1314 2736 1466 2822 quid
1522 2735 1785 2802 tandem
1840 2735 2119 2801 incensis

81 2826 386 2890 futurum
430 2826 602 2890 fuit?

224 2911 410 2989 Quae
456 2935 602 2978 cum
647 2914 741 2978 ita
787 2914 937 2998 sint,
981 2917 1197 2997 patres
1245 2912 1614 2997 conscripti,
1655 2912 1843 2978 vobis
1890 2911 2117 2997 populi
2138 2890 2229 3013 (ἓέ

81 3001 377 3066 Romani
420 3001 743 3085 praesidia
777 3023 908 3066 non
955 3001 1215 3086 desunt3
1261 3023 1381 3067 vos
1424 3022 1507 3065 ne
1542 3002 1784 3085 populo
1820 2999 2118 3064 Romano

81 3091 318 3154 deesse
382 3090 758 3172 videamini,
831 3090 1182 3174 providete.
1289 3088 1564 3154 Habetis
1638 3087 1968 3153 consulem
2040 3108 2122 3150 ex
2157 3086 2201 3149 9

81 3178 395 3261 plurimis
459 3177 764 3263 periculis
833 3183 899 3241 et
951 3178 1203 3243 insidiis
1261 3182 1455 3260 atque
1511 3198 1589 3241 ex
1640 3174 1855 3240 media
1909 3178 2119 3238 morte

81 3288 215 3332 non
279 3267 366 3331 ad
419 3268 620 3331 vitam
679 3288 889 3349 suam,
947 3266 1057 3331 sed
1111 3266 1193 3331 ad
1249 3265 1527 3329 salutem
1581 3269 1865 3329 vestram
1920 3282 2121 3327 reser-

81 3360 338 3420 vatum.
395 3354 634 3420 Omnes
671 3353 928 3419 ordines
967 3353 1051 3419 ad
1085 3353 1590 3419 conservandam
1625 3372 1763 3415 rem
1790 3350 2122 3436 publicam

81 3446 341 3526 mente,
401 3444 767 3524 voluntate,
835 3441 1074 3526 studio,
1135 3442 1404 3526 virtute,
1474 3460 1630 3505 voce
1694 3439 2123 3503 consentiunt.

81 3530 382 3595 Obsessa
445 3531 691 3596 facibus
757 3532 823 3596 et
884 3529 1034 3595 telis
1097 3529 1341 3613 impiae
1402 3527 1867 3593 coniurationis
1930 3526 2123 3593 vobis
