2534 3875
288 129 423 193 514
620 125 717 181 DE
754 124 1230 181 HARUSPICUM
1265 123 1647 180 RESPONSO
1689 123 1974 180 ORATIO.

290 269 630 325 notaverint.
687 266 867 332 Quam
897 268 969 323 ob
997 285 1133 334 rem,
1170 267 1269 335 qui
1309 267 1428 320 sine
1463 266 1852 346 praeiudicata
1886 263 2156 335 opinione
2186 265 2342 319 hanc

294 338 611 394 orationem
646 338 873 408 legerit,
917 337 1086 392 facile
1122 336 1423 406 intelleget
1459 335 1632 392 etiam
1669 338 1816 391 hanc
1854 336 2174 391 orationem
2212 336 2340 390 sine

293 410 501 464 idonea
536 423 705 464 causa
740 426 843 480 pro
881 408 1250 479 suppositicia
1285 408 1540 462 habitam
1579 423 1720 463 esse.

219 587 258 714 'i
432 623 755 689 Hesterno
802 622 923 706 die,
967 625 1188 705 patres
1236 621 1608 706 conscripti,
1653 643 1800 686 cum
1846 643 1946 684 me
1995 623 2061 685 et
2109 623 2342 684 vestra

299 713 586 799 dignitas
644 715 711 776 et
762 710 1131 794 frequentia
1184 711 1474 794 equitum
1521 709 1966 774 Romanorum
2022 730 2339 794 praesen-

298 802 491 884 tium,
538 800 771 884 quibus
818 803 1080 863 senatus
1129 799 1426 882 dabatur,
1471 819 1869 883 magnopere
1916 800 2342 879 commosset,

299 889 526 974 putavi
564 888 727 952 mihi
771 885 1246 987 reprimendam
1293 909 1435 951 esse
1481 886 1550 950 P.
1583 885 1770 951 Clodi
1817 885 2194 970 inpudicam
2237 885 2340 948 in-

302 977 709 1076 pudentiam,
765 997 911 1040 cum
965 975 1021 1039 is
1068 974 1563 1059 publicanorum
1611 995 1873 1039 causam
1921 973 2337 1038 stultissimis
2365 991 2392 1032 ⁵

303 1063 929 1148 interrogationibus
974 1063 1342 1148 impediret,
1397 1062 1466 1127 P.
1513 1062 1803 1127 Tullioni
1849 1061 2010 1146 Syro
2057 1067 2341 1126 navaret

302 1175 567 1237 operam
623 1155 817 1236 atque
872 1151 932 1216 ei
986 1173 1083 1234 se,
1136 1151 1239 1217 cui
1295 1154 1476 1216 totus
1523 1153 1839 1234 venierat,
1895 1151 2094 1215 etiam
2137 1150 2337 1214 vobis

301 1241 817 1325 inspectantibus
871 1240 1259 1305 venditaret.
1350 1239 1580 1324 Itaque
1625 1239 1956 1303 hominem
2003 1238 2336 1302 furentem

304 1329 828 1413 exultantemque
892 1327 1210 1409 continui,
1287 1327 1482 1392 simul
1547 1349 1622 1392 ac
1685 1327 2043 1412 periculum
2107 1325 2336 1390 iudicii

304 1417 580 1500 intendi3
636 1417 886 1482 duobus
932 1417 1207 1498 inceptis
1254 1417 1470 1480 verbis
1519 1437 1776 1480 omnem
1821 1415 2141 1499 impetum
2189 1415 2335 1500 gla-
2365 1436 2416 1474 ιο

234 1524 268 1571 2
307 1505 577 1570 diatoris
638 1505 1073 1588 ferociamque
1138 1504 1507 1587 compressi.
1613 1502 1711 1569 Ac
1774 1506 1996 1567 tamen
2059 1505 2337 1587 ignarus

306 1595 436 1677 ille,
483 1595 593 1678 qui
639 1595 932 1659 consules
980 1595 1221 1675 essent,
1268 1592 1615 1676 exsanguis
1663 1595 1857 1676 atque
1905 1594 2216 1655 aestuans
2265 1613 2338 1654 se

308 1704 386 1748 ex
431 1681 611 1746 curia
655 1685 920 1766 repente
964 1679 1289 1782 proripuit
1327 1702 1472 1744 cum
1511 1679 1898 1765 quibusdam
1932 1679 2162 1744 fractis
2199 1679 2339 1743 iam

308 1774 503 1855 atque
546 1771 848 1834 inanibus
898 1768 1087 1832 minis
1135 1772 1201 1833 et
1246 1791 1392 1834 cum
1429 1769 1607 1834 illius
1644 1767 1977 1832 Pisoniani
2015 1768 2336 1852 temporis

308 1857 783 1961 Gabinianique
831 1857 1205 1921 terroribus.
1291 1855 1495 1932 Quem
1541 1879 1687 1922 cum
1743 1855 2184 1942 egredientem
2231 1855 2332 1920 in·
2366 1877 2416 1917 15

310 1950 493 2049 sequi
548 1948 930 2032 coepissem,
986 1946 1127 2031 cepi
1181 1947 1478 2030 equidem
1533 1947 1815 2011 fructum
1866 1947 2224 2010 maximum
2271 1948 2342 2009 et

312 2058 391 2101 ex
454 2036 976 2101 consurrectione
1041 2034 1332 2099 omnium
1397 2038 1686 2100 vestrum
1751 2039 1818 2099 et
1881 2056 1958 2098 ex
2017 2034 2338 2099 comitatu

309 2124 821 2208 publicanorum.
912 2121 1035 2188 Sed
1098 2144 1364 2187 vaecors
1427 2127 1690 2208 repente
1756 2124 1894 2186 sine
1955 2142 2072 2187 suo
2135 2122 2341 2205 voltu,

312 2213 453 2277 sine
513 2213 755 2296 colore,
820 2212 955 2276 sine
1003 2232 1159 2276 voce
1218 2211 1542 2294 constitit3
1607 2210 1834 2276 deinde
1897 2211 2190 2294 respexit
2255 2213 2341 2294 et,

313 2301 507 2365 simul
555 2305 747 2384 atque
794 2298 909 2365 Cn.
954 2298 1305 2364 Lentulum
1351 2299 1681 2364 consulem
1729 2299 2012 2383 aspexit,
2059 2298 2344 2364 concidit
2371 2316 2422 2355 2⁰

312 2389 381 2453 in
426 2388 641 2454 curiae
686 2410 890 2473 paene
927 2388 1153 2452 limine
1189 2388 1654 2472 recordatione,
1699 2388 1909 2469 credo,
1956 2386 2200 2451 Gabini
2237 2387 2345 2451 sui

314 2477 757 2561 desiderioque
792 2475 1066 2542 Pisonis.
1140 2474 1338 2541 Cuius
1387 2497 1507 2561 ego
1554 2476 1632 2540 de
1679 2474 2004 2540 ecfrenato
2054 2478 2120 2540 et
2156 2497 2344 2561 prae-

315 2564 495 2648 cipiti
553 2564 772 2629 furore
833 2564 986 2649 quid
1045 2565 1300 2629 dicam?
1389 2563 1617 2629 Potest
1671 2564 2080 2649 gravioribus
2140 2587 2181 2628 a
2235 2586 2344 2628 me

315 2652 530 2716 verbis
596 2653 951 2734 volnerari,
1016 2675 1212 2737 quam
1277 2655 1400 2717 est'
1439 2652 1668 2718 statim
1729 2654 1800 2717 in
1860 2652 2036 2718 facto
2095 2651 2240 2735 ipso
2305 2675 2345 2717 a

317 2740 705 2841 gravissimo
752 2740 921 2841 vim,
974 2740 1044 2805 P.
1093 2740 1385 2825 ServiliO,
1431 2740 1762 2807 confectus
1810 2762 1884 2805 ac
1928 2739 2343 2805 trucidatus?
2371 2756 2420 2798 2⁵

318 2828 515 2895 Cuius
571 2828 629 2894 si
673 2830 805 2893 iam
851 2830 984 2893 vim
1030 2832 1096 2893 et
1142 2830 1538 2915 gravitatem
1583 2829 1770 2894 illam
1817 2828 2222 2915 singularem
2271 2851 2347 2894 ac

316 2939 520 3001 paene
585 2917 873 2982 divinam
938 2917 1205 3001 adsequi
1268 2939 1556 3020 possem,
1617 2922 1839 2982 tamen
1900 2939 2034 2982 non
2099 2916 2348 3001 dubito,

318 3006 476 3089 quin
522 3027 599 3070 ea
642 3007 795 3089 tela,
844 3026 1007 3089 quae
1054 3006 1402 3071 coniecerit
1435 3006 1755 3089 inimicuS‚
1800 3028 1995 3089 quam
2033 3027 2129 3089 ea,
2177 3028 2348 3090 quae

318 3094 573 3179 collega
635 3095 844 3178 patris
908 3094 1153 3179 emisit,
1228 3094 1475 3159 leviora
1539 3097 1733 3179 atque
1796 3094 2139 3158 hebetiora
2203 3116 2348 3159 esse

247 3231 291 3294 2
321 3181 679 3247 videantur.
2376 3198 2422 3239 ao

254 3308 285 3353 3
460 3269 584 3333 Sed
630 3274 850 3335 tamen
897 3271 1022 3335 mei
1069 3270 1231 3335 facti
1279 3270 1598 3336 rationem
1645 3291 1963 3355 exponere
2006 3269 2142 3335 illis
2183 3270 2351 3355 volo,

325 3354 437 3438 qui
488 3356 793 3423 hesterno
850 3358 952 3423 die
1008 3359 1227 3423 dolore
1281 3380 1384 3422 me
1431 3359 1678 3423 elatum
1723 3362 1791 3423 et
1832 3358 2167 3423 iracundia
2215 3360 2352 3424 lon-

326 3441 473 3525 gius
520 3465 722 3529 prope
766 3466 1187 3530 progressum
1235 3443 1744 3531 arbitrabantur,
1791 3468 1986 3531 quam
2033 3446 2352 3531 sapientis
