2534 3875
930 127 1089 182 CAP.
1119 135 1252 182 1—3
1293 134 1322 194 ς
1364 134 1515 187 1—5.
2117 131 2248 196 515

216 272 503 338 hominis
552 271 845 357 cogitata
889 272 1063 336 ratio
1109 273 1530 357 postulasset.
1619 272 1807 338 Nihil
1851 275 1977 341 feci
2022 275 2248 358 iratuS,

215 361 379 426 nihil
426 360 751 444 inpotenti
798 361 1045 442 anim0,
1099 360 1265 424 nihil
1311 383 1443 426 non
1489 361 1599 425 diu
1645 363 2126 429 consideratum
2172 388 2248 430 ac

216 451 424 515 multo
482 453 633 514 ante
692 449 1099 513 meditatum.
1190 447 1336 534 Ego
1396 449 1562 514 enim
1629 472 1759 535 me,
1822 458 2042 535 patres
2099 474 2248 520 con-

219 538 473 624 scripti,
526 537 862 602 inimicum
914 558 1172 620 semper
1217 559 1360 601 esse
1404 537 1738 623 professus
1786 559 1929 604 sum
1977 541 2246 626 duobus,

134 643 162 682 ⁵
218 627 331 712 qui
388 647 519 710 me,
574 625 687 710 qui
738 647 875 690 rem
928 625 1258 709 publicam
1315 647 1461 690 cum
1521 625 1861 692 defendere
1921 622 2246 714 deberent,

219 737 481 780 servare
534 718 830 798 possent,
890 734 1161 797 cumque
1218 715 1302 778 ad
1356 715 1696 780 consulare
1752 715 2038 781 officium
2085 719 2244 800 ipsis

216 803 587 888 insignibus
623 801 803 866 illius
839 801 1098 886 imperii
1143 801 1225 866 ad
1271 824 1482 868 meam
1529 804 1809 869 salutem
1854 827 1988 869 non
2033 807 2245 870 solum

220 891 627 974 auctoritate,
656 890 769 955 sed
799 889 999 955 etiam
1025 890 1325 974 precibus
1345 892 1578 956 vestris
1599 897 2006 976 vocarentur,
2033 893 2243 978 primo

218 980 639 1065 reliquerunt,
676 977 903 1042 deinde
931 977 1373 1063 prodiderunt,
1408 984 1742 1064 postremo
1783 986 2245 1068 oppugnarunt

139 1087 191 1125 10
219 1068 654 1155 praemiisque
706 1066 993 1132 nefariae
1048 1067 1371 1150 pactionis
1426 1069 1722 1135 funditus
1779 1092 1906 1134 una
1970 1091 2116 1134 cum
2174 1092 2242 1134 re

218 1157 483 1243 publica
527 1177 908 1240 oppressum
956 1155 1437 1240 extinctumque
1482 1157 1857 1241 voluerunt,
1911 1159 2022 1243 qui
2079 1180 2243 1243 quae

94 1307 99 1313 .
221 1269 339 1312 suo
395 1245 590 1310 ductu
636 1248 704 1308 et
745 1243 1021 1328 imperio
1068 1248 1337 1308 cruento
1382 1245 1502 1309 illo
1550 1250 1745 1331 atque
1787 1245 2048 1311 funesto
2097 1269 2242 1331 sup-

219 1335 417 1419 plicia
474 1355 683 1417 neque
744 1355 783 1398 a
844 1333 1169 1397 sociorum
1228 1333 1570 1398 moenibus
1629 1334 1975 1418 prohibere
2033 1357 2242 1420 neque

217 1424 509 1489 hostium
546 1421 814 1486 urbibus
848 1419 1086 1484 inferre
1122 1424 1494 1505 potuerunt,
1541 1422 1945 1506 excisionem,
1987 1423 2242 1488 inflam-

140 1527 192 1567 15
222 1512 596 1593 mationem,
640 1508 1057 1592 eversionem,
1102 1509 1684 1594 depopulationem,
1730 1511 2128 1596 vastitatem,
2167 1534 2244 1576 ea

220 1623 340 1666 sua
385 1620 533 1666 cum
576 1597 818 1682 praeda
862 1596 1022 1661 meis
1071 1597 1374 1663 omnibus
1419 1598 1611 1663 tectis
1668 1601 1864 1682 atque
1919 1599 2095 1684 agris
2149 1599 2241 1663 in-

218 1690 531 1755 tulerunt.
605 1683 769 1751 Cum
806 1684 911 1750 his
948 1684 1133 1750 furiis
1173 1690 1240 1750 et
1281 1684 1554 1770 facibuS,
1599 1709 1743 1751 cum
1791 1686 1914 1770 his,
1955 1687 2242 1772 inquam,
2277 1707 2314 1752 4

220 1777 510 1846 exitiosis
582 1773 897 1860 prodigiis
964 1795 1037 1838 ac
1100 1795 1306 1858 paene
1369 1773 1560 1840 huius
1625 1774 1885 1859 imperii
1946 1777 2241 1859 pestibus

220 1866 468 1932 bellum
523 1864 685 1928 mihi
737 1861 1132 1947 inexpiabile
1187 1862 1329 1927 dico
1385 1884 1524 1927 esse
1583 1866 1981 1950 susceptum,
2033 1885 2243 1949 neque

143 1971 197 2011 2⁰
224 1956 291 2021 id
337 1959 556 2021 tamen
600 1954 816 2039 ipsum
872 1956 1157 2035 tantum,
1213 1957 1531 2037 quantum
1586 1974 1764 2017 meus
1813 1974 1888 2018 ac
1933 1974 2244 2036 meorum,

220 2045 333 2111 sed
379 2047 662 2126 tantum,
717 2045 1031 2128 quantum
1085 2044 1302 2106 vester
1347 2044 1541 2125 atque
1588 2041 1876 2106 omnium
1922 2041 2240 2106 bonorum

221 2134 407 2197 dolor
434 2130 805 2217 postulavit.
867 2128 947 2194 In
974 2127 1272 2195 Clodium
1308 2151 1463 2195 vero
1499 2150 1633 2194 non
1671 2131 1772 2193 est
1805 2128 2000 2193 hodie
2027 2150 2240 2194 meum
2280 2130 2322 2194 3

224 2221 434 2286 maius
472 2220 709 2301 odium,
755 2240 947 2303 quam
983 2218 1102 2282 illo
1139 2218 1241 2282 die
1277 2217 1418 2301 fuit,
1464 2239 1606 2282 cum
1645 2218 1833 2282 illum
1872 2218 2242 2283 ambustum

224 2308 733 2394 religiosissimis
768 2306 1031 2392 ignibus
1077 2306 1356 2390 cognovi
1399 2306 1700 2370 muliebri
1745 2309 1978 2370 ornatu
2025 2326 2103 2369 ex
2146 2305 2242 2370 in-

140 2412 193 2453 25
224 2400 402 2479 cesto
439 2399 667 2481 stupro
706 2398 899 2478 atque
936 2416 1014 2459 ex
1042 2393 1233 2458 domo
1261 2393 1590 2478 pontificis
1619 2393 1886 2459 maximi
1913 2394 2240 2459 emissum.

221 2485 406 2569 Tum,
439 2485 725 2569 inquam,
760 2486 901 2547 tum
938 2482 1072 2549 vidi
1108 2504 1183 2547 ac
1221 2482 1430 2546 multo
1461 2486 1611 2546 ante
1640 2482 1960 2567 prospexi,
1999 2485 2242 2566 quanta

218 2578 573 2658 tempestas
618 2571 1031 2649 excitaretur,
1086 2573 1332 2655 quanta
1383 2569 1761 2655 inpenderet
1812 2571 2104 2653 procella
2146 2572 2241 2635 rei

219 2662 533 2748 publicae.
601 2659 921 2726 Videbam
947 2658 1112 2724 illud
1141 2658 1350 2723 scelus
1380 2661 1518 2723 tam
1546 2659 2009 2743 importunum,
2047 2660 2240 2725 auda-

222 2752 391 2818 ciam
427 2755 567 2816 tam
602 2749 953 2814 immanem
992 2746 1423 2811 adulescentis
1459 2746 1753 2831 furentis,
1797 2747 2060 2830 nobilis,
2105 2748 2240 2811 vol-

142 2854 195 2894 80
219 2840 434 2905 nerati
476 2861 611 2904 non
653 2858 845 2923 posse
892 2835 1094 2900 arceri
1149 2834 1268 2899 otii
1322 2835 1587 2919 finibus3
1642 2839 2019 2919 erupturum
2074 2834 2237 2900 illud

220 2929 467 2993 malum
515 2924 879 3011 aliquandO,
926 2925 983 2988 si
1026 2923 1418 3008 impunitum
1463 2924 1712 3007 fuisset,
1760 2923 1842 2987 ad
1885 2922 2238 3007 perniciem

220 3016 525 3083 civitatis.
613 3012 765 3079 Non
814 3013 1094 3078 multum
1138 3010 1302 3077 mihi
1347 3034 1502 3077 sane
1548 3014 1702 3097 post
1747 3008 1828 3076 ad
1875 3010 2093 3074 odium
2140 3031 2238 3074 ac·
2276 3024 2308 3075 5

222 3106 433 3171 cessit.
504 3102 689 3168 Nihil
736 3102 907 3167 enim
953 3104 1179 3165 contra
1223 3120 1328 3165 me
1370 3100 1529 3166 fecit
1562 3099 1710 3165 odio
1749 3098 1894 3176 mei,
1941 3098 2052 3163 sed
2091 3097 2239 3163 odio

222 3193 609 3275 severitatiS,
655 3191 801 3256 odio
840 3189 1200 3276 dignitatis,
1246 3188 1393 3253 odio
1430 3188 1525 3252 rei
1560 3187 1876 3272 publicae.
1947 3184 2100 3250 Non
2137 3207 2240 3250 me

140 3297 192 3339 ³5
222 3282 434 3369 magis
470 3280 745 3346 violavit
783 3300 975 3365 quam
1014 3281 1327 3360 senatum,
1374 3298 1568 3360 quam
1606 3274 1854 3359 equites
1891 3272 2243 3359 Romanos,

222 3393 418 3456 quam
466 3390 687 3435 omnes
725 3368 951 3451 bonos,
997 3388 1192 3451 quam
1228 3364 1492 3429 Italiam
1531 3366 1858 3445 cunctam3
1900 3383 2034 3427 non
2069 3363 2242 3427 deni-

222 3482 346 3548 que
389 3459 459 3525 in
504 3480 608 3523 me
656 3456 1028 3523 sceleratior
1069 3454 1197 3520 fuit
1233 3474 1429 3539 quam
1464 3451 1533 3516 in
1568 3452 1746 3537 ipsos
1785 3450 1938 3515 deos
1975 3450 2242 3516 immor-

1810 3554 1921 3609 33*
