2534 3875
485 1273 553 1317 ‘23

593 140 679 205 82
1005 140 1100 193 DE
1131 138 1436 194 IMPERIO
1469 138 1583 195 CN.
1602 138 1881 193 POMPEI
1909 137 2202 194 ORATIO.

590 288 667 350 ut
730 306 810 349 ex
866 284 1092 349 eodem
1146 283 1359 347 Ponto
1416 282 1644 347 Medea
1698 283 1817 346 illa
1873 283 2202 366 quondam
2258 284 2534 386 profugi

592 373 856 454 dicitur,
915 394 1112 455 quam
1168 371 1547 455 praedicant
1590 371 1660 435 in
1705 371 1865 456 fuga
1908 371 2133 435 fratris
2186 373 2292 436 sui
2344 396 2526 438 mem

589 461 660 525 in
704 460 786 526 iis
834 424 1014 543 lociS,
1062 481 1190 542 qua
1238 480 1308 523 se
1353 480 1589 542 parens
1617 463 2141 543 persequeretur,
2190 460 2534 545 dissipavi.

590 554 666 614 ut
714 571 939 614 eorum
987 548 1290 614 collectio
1337 548 1632 630 dispersa
1678 568 2059 630 maerorque
2102 548 2368 631 patrius
2422 552 2534 616 cel«

589 641 797 702 tatem
843 635 1274 737 persequendi
1319 634 1701 700 retardaret.
1768 634 1873 699 Sic
1910 634 2336 701 Mithridates
2375 637 2534 725 fugi

590 725 945 791 maximam
990 725 1126 789 vim
1180 723 1324 789 auri
1371 728 1563 807 atque
1610 723 1869 809 argenti
1913 723 2534 808 pulcherrimarum«

589 836 808 879 rerum
855 812 1164 895 omnium,
1209 834 1369 896 quas
1419 817 1488 877 et
1532 834 1573 876 a
1608 811 1966 876 maioribus
2005 818 2356 896 acceperat
2397 817 2525 879 et
2507 840 2527 879 1

591 902 760 966 bello
809 900 1143 986 superiore
1189 922 1267 965 ex
1314 903 1459 965 tota
1496 900 1657 964 Asia
1694 900 2036 985 direptas
2018 922 2088 963 1n
2126 923 2319 965 suum
2361 924 2534 990 regn

592 993 1028 1074 congesserat,
1075 990 1144 1052 in
1190 988 1401 1053 Ponto
1450 1010 1710 1053 omnem
1755 990 2038 1071 reliquit.
2092 989 2270 1054 Haec
2321 991 2489 1056 dum

591 1080 714 1142 stri
771 1076 1092 1159 colligunt
1147 1076 1366 1140 omnia
1418 1075 1824 1161 diligentius,
1880 1098 1992 1141 rex
2045 1076 2187 1161 ipse
2243 1099 2281 1141 e
2332 1080 2534 1144 manil

593 1166 842 1249 effugit.
932 1164 1039 1229 Ita
1084 1165 1275 1228 illum
1306 1164 1391 1227 -in
1436 1164 1862 1249 persequendi
1911 1165 2127 1229 studio
2175 1188 2479 1249 maeror,
2524 1169 2534 1232 l

590 1254 849 1318 laetitia
893 1253 1198 1317 tardavit.
1290 1251 1483 1317 Hunc
1527 1252 1597 1317 in
1640 1254 1756 1317 illo
1804 1254 2041 1317 timore
2087 1257 2154 1317 et
2196 1253 2366 1337 fuga
2418 1256 2534 1341 Tig

588 1363 731 1423 neS,
785 1364 898 1407 rex
946 1341 1324 1422 ArmeniuS,
1383 1341 1635 1426 excepit
1680 1341 2207 1425 diffidentemque
2251 1343 2465 1408 rebus
2512 1368 2534 1408 s

590 1430 1002 1495 confirmavit
1047 1434 1115 1494 et
1162 1429 1493 1494 adflictum
1540 1430 1746 1494 erexit
1789 1429 2243 1514 perditumque
2294 1452 2531 1498 recrea

591 1517 789 1583 Cuius
844 1518 915 1583 in
969 1540 1240 1603 regnum
1302 1522 1734 1602 posteaquam
1780 1517 1849 1583 L.
1896 1516 2206 1583 Lucullus
2254 1540 2415 1585 cum
2470 1544 2534 1585 ex

591 1608 725 1672 citu
780 1607 987 1687 venit,
1055 1608 1277 1690 plures
1339 1606 1536 1669 etiam
1593 1610 1819 1689 gentes
1880 1610 2108 1671 contra
2161 1606 2534 1689 imperator

591 1698 890 1759 nostrum
948 1695 1314 1760 concitatae
1370 1699 1539 1758 sunt.
1629 1694 1797 1759 Erat
1852 1694 2026 1759 enim
2081 1699 2299 1759 metus
2359 1697 2534 1763 iniec

589 1782 670 1847 iis
707 1783 1105 1866 nationibuS,
1143 1803 1306 1865 quas
1342 1804 1698 1867 numquam
1736 1782 2015 1867 populus
2044 1781 2389 1848 Romanus
2434 1808 2534 1851 ne«

591 1871 1000 1937 lacessendas
1086 1871 1260 1935 bello
1344 1891 1554 1955 neque
1635 1870 2051 1955 temptandas
2124 1872 2426 1957 putavit3
2509 1897 2534 1940 e

592 1961 791 2024 etiam
830 1962 963 2025 alia
1001 1959 1222 2046 gravis
1262 1963 1459 2042 atque
1497 1960 1845 2025 vehemens
1884 1959 2127 2043 opini0,
2164 1981 2337 2043 quae
2379 1964 2534 2027 anin

592 2049 886 2134 gentium
933 2049 1359 2113 barbararum
1410 2051 1806 2131 pervaserat,
1851 2047 1989 2113 fani
2026 2049 2534 2133 locupletissimi

590 2137 1071 2222 religiosissimi
1146 2136 1490 2218 diripiendi
1554 2158 1751 2201 causa
1808 2136 1878 2200 in
1941 2157 2052 2200 eas
2114 2157 2264 2201 oras
2334 2144 2534 2204 nostr

593 2247 734 2290 esse
783 2224 1136 2290 exercitum
1182 2223 1549 2289 adductum.
1637 2223 1744 2290 Ita
1788 2225 2090 2288 nationes
2136 2225 2395 2291 multae
2447 2233 2534 2293 at«

592 2335 871 2398 magnae
924 2335 1096 2379 novo
1145 2313 1427 2396 quodam
1473 2317 1721 2377 terrore
1770 2335 1844 2378 ac
1890 2317 2067 2377 metu
2114 2313 2534 2380 concitabant

593 2400 836 2466 Noster
900 2405 1120 2466 autem
1184 2401 1505 2465 exercitus
1570 2401 1837 2466 tametsi
1898 2401 2126 2466 urbem
2180 2422 2260 2466 ex
2325 2401 2534 2487 Tigra

593 2510 797 2572 regno
853 2493 1116 2573 ceperat
1170 2493 1238 2553 et
1292 2489 1558 2574 proeliis
1614 2512 1771 2555 usus
1833 2493 1977 2554 erat
2022 2489 2362 2575 secundiS,
2419 2497 2534 2557 tan

590 2576 796 2641 nimia
833 2577 1317 2660 longinquitate
1357 2578 1649 2642 locorum
1687 2599 1763 2642 ac
1800 2577 2119 2643 desiderio
2158 2599 2442 2644 suorum
2474 2603 2534 2646 cc

489 2682 537 2726 ²31„-
594 2665 996 2730 movebatur.
1061 2664 1187 2730 Hic
1233 2666 1363 2729 iam
1411 2666 1603 2750 plura
1639 2688 1770 2730 non
1809 2665 2045 2750 dicam3
2090 2665 2217 2729 fuit
2255 2667 2441 2733 enim
2480 2670 2534 2733 il¹

594 2757 984 2834 extremum,
1043 2757 1117 2816 ut
1177 2775 1254 2817 ex
1302 2754 1382 2818 iis
1431 2754 1591 2818 locis
1639 2777 1678 2816 a
1724 2754 2043 2818 militibus
2088 2755 2339 2819 nostris
2390 2757 2532 2822 redi

594 2841 805 2924 magis
867 2845 1162 2905 maturus
1223 2864 1421 2926 quam
1480 2842 1809 2928 processio
1870 2841 2132 2943 longior
2190 2850 2534 2925 quaererel

592 2928 1012 2995 Mithridates
1069 2934 1288 2994 autem
1345 2933 1413 2994 et
1473 2952 1659 2994 suam
1720 2952 1985 2995 manum
2030 2930 2164 2995 iam
2209 2933 2534 2998 confirma

593 3023 662 3081 et
707 3038 958 3098 eorum,
1007 3018 1116 3101 qui
1163 3039 1232 3082 se
1280 3039 1356 3082 ex
1405 3019 1610 3102 ipsius
1658 3040 1860 3103 regno
1909 3018 2331 3102 collegerant,
2386 3026 2457 3086 et
2511 3045 2534 3086 1

594 3105 741 3190 gnis
789 3106 1170 3171 adventiciis
1221 3107 1481 3170 auxiliis
1520 3107 1875 3172 multorum
1916 3127 2145 3192 regum
2183 3111 2250 3171 et
2287 3112 2534 3174 nation

594 3195 960 3259 iuvabatur.
1052 3194 1224 3258 Nam
1285 3194 1409 3259 hoc
1462 3194 1597 3259 fere
1654 3196 1746 3260 sic
1802 3195 1941 3259 fieri
1990 3196 2198 3259 solere
2246 3199 2534 3282 accepim

595 3287 670 3345 ut
715 3304 943 3365 regum
992 3281 1293 3346 adflictae
1339 3283 1640 3346 fortunae
1686 3283 1879 3348 facile
1926 3285 2281 3348 multorum
2326 3306 2534 3387 opes

596 3369 823 3434 liciant
869 3368 950 3434 ad
999 3370 1537 3470 misericordiam,
1594 3372 2013 3472 maximeque
2048 3393 2300 3455 eorum,
2362 3375 2481 3457 qui
2528 3398 2534 3436 ε

594 3477 782 3538 reges
839 3460 994 3521 sunt
1039 3461 1154 3521 aut
1200 3457 1429 3522 vivunt
1473 3458 1543 3521 in
1587 3479 1817 3543 regno,
1876 3463 1952 3524 ut
1996 3459 2077 3524 iis
2121 3480 2367 3524 nomen
2416 3482 2534 3546 reg
