2534 3875
761 176 916 231 CAP.
959 183 1167 231 16—19
1206 184 1236 242 s
1276 184 1503 233 47—52.
2083 180 2217 245 119

183 344 256 387 ac
330 325 466 386 tam
548 320 974 385 manifestum
1050 344 1190 386 esse
1267 322 1649 406 arbitrarer,
1725 322 1895 387 sicut
1964 345 2047 387 ne
2121 322 2227 389 illi

182 410 441 494 quidem
500 409 660 492 ipsi,
723 411 833 494 qui
899 410 1063 473 mihi
1125 414 1266 473 tum
1333 411 1520 474 illam
1574 432 1841 475 causam
1898 433 2225 476 commen-

181 500 454 580 dabant,
519 498 1040 580 arbitrabantur,
1096 498 1430 582 pollicitus
1486 498 1566 562 iis
1624 520 1766 563 sum
1823 521 1927 563 me
1984 499 2225 584 omnia,

183 608 351 672 quae
398 586 676 670 vellent,
724 608 864 649 esse
910 586 1254 651 facturum.

127 691 153 731 ⁶
317 674 450 739 Res
507 676 618 760 agi
674 678 906 758 coepta
966 679 1092 758 est3
1152 674 1392 739 citatus
1449 678 1552 741 est
1606 672 2000 740 Scamander
2053 696 2221 742 reus.
2248 678 2331 742 18

181 764 563 829 Accusabat
617 762 688 828 P.
736 761 1096 827 Cannutius
1107 813 1124 844 ,
1178 762 1377 827 homo
1433 762 1504 827 in
1557 763 1788 847 primis
1844 763 2224 849 ingeniosus

182 856 251 916 et
287 851 362 915 in
402 852 673 916 dicendo
717 851 1136 933 exercitatus3
1175 852 1527 917 accusabat
1565 857 1783 916 autem
1820 852 1933 916 ille
1964 852 2225 936 quidem

181 939 656 1005 Scamandrum
711 940 926 1004 verbis
992 940 1234 1020 tribuS,
1299 961 1619 1004 venenum
1676 962 1817 1005 esse
1872 940 2222 1024 deprehen-

184 1052 362 1113 sum,
431 1028 651 1092 omnia
713 1028 848 1092 tela
910 1028 1116 1093 totius
1182 1027 1612 1092 accusationis
1667 1028 1738 1093 in
1793 1028 2225 1113 Oppianicum

107 1133 156 1171 ¹⁰
183 1116 694 1199 coniciebantur,
717 1116 1130 1199 aperiebatur
1146 1138 1341 1182 causa
1354 1116 1756 1199 insidiarum,
1775 1116 2226 1182 Fabriciorum

181 1205 612 1270 familiaritas
649 1205 1303 1289 commemorabatur,
1350 1204 1637 1269 hominis
1676 1206 1815 1270 vita
1854 1210 1920 1270 et
1956 1206 2230 1271 audacia

184 1294 673 1380 proferebatur,
729 1292 1005 1376 denique
1050 1293 1262 1358 omnis
1310 1294 1637 1358 accusatio
1684 1294 1864 1358 varie
1912 1295 2229 1380 graviter·

185 1406 313 1468 que
359 1386 649 1446 tractata
687 1381 770 1446 ad
815 1385 1174 1446 extremum
1223 1380 1571 1445 manifesta
1607 1382 1839 1446 veneni
1877 1382 2229 1467 deprehen-

187 1474 373 1536 sione
430 1471 736 1536 conclusa
790 1473 908 1534 est.
1007 1469 1134 1534 Hic
1190 1491 1313 1555 ego
1368 1473 1509 1533 tum
1567 1469 1650 1534 ad
1704 1472 2226 1553 respondendum
2264 1487 2331 1535 51

112 1573 160 1614 15
188 1559 472 1642 surrexi,
531 1581 662 1642 qua
725 1580 904 1641 cura,
971 1557 1038 1621 di
1100 1557 1533 1622 immortales!
1601 1580 1731 1641 qua
1786 1558 2227 1623 sollicitudine

188 1647 414 1729 animi,
459 1669 588 1732 quo
634 1646 895 1712 timore!
945 1643 1213 1731 Semper
1249 1646 1543 1730 equidem
1584 1666 1827 1731 magno
1865 1668 2011 1710 cum
2050 1651 2230 1711 metu

187 1736 430 1820 incipio
461 1735 699 1818 dicere3
737 1735 1316 1819 quotienscumque
1347 1734 1507 1817 dico,
1544 1734 1783 1799 totiens
1813 1734 1977 1797 mihi
2003 1734 2230 1799 videor

188 1827 260 1888 in
295 1824 609 1889 iudicium
654 1823 875 1888 venire
921 1844 1054 1889 non
1100 1823 1351 1908 ingenii
1396 1823 1639 1906 solum,
1696 1822 1807 1887 sed
1855 1822 2055 1886 etiam
2101 1823 2230 1886 vir·

190 1913 354 1979 tutis
395 1916 591 1996 atque
631 1911 847 1994 officii,
892 1933 974 1976 ne
1013 1915 1127 1976 aut
1164 1912 1233 1976 id
1267 1911 1563 1995 profiteri
1600 1910 1839 1993 videar,
1886 1911 2058 1995 quod
2095 1932 2230 1975 non

112 2018 164 2057 20
188 2002 440 2088 possim
499 2001 852 2086 [implere],
909 2001 1081 2084 quod
1138 2004 1239 2064 est
1293 2000 1764 2084 impudentiae,
1820 2007 1934 2064 aut
1984 2021 2119 2063 non
2162 1998 2231 2062 id

191 2091 475 2172 efficere,
529 2090 703 2172 quod
747 2090 1024 2173 possim,
1078 2089 1251 2172 quod
1299 2094 1400 2153 est
1445 2094 1560 2153 aut
1604 2087 1915 2172 perfidiae
1964 2092 2078 2152 aut
2121 2109 2231 2151 ne-

193 2177 584 2264 glegentiae.
658 2176 822 2241 Tum
871 2199 1024 2242 vero
1071 2177 1169 2241 ita
1215 2199 1361 2241 sum
1406 2177 1851 2261 perturbatuS,
1887 2180 1963 2239 ut
2010 2175 2231 2240 omnia

190 2268 514 2349 timerem,
561 2266 620 2330 si
660 2265 828 2330 nihil
877 2265 1201 2348 dixissem,
1245 2287 1329 2329 ne
1375 2265 1874 2345 infantissimuS,
1922 2264 1978 2327 si
2024 2264 2231 2328 multa

190 2357 262 2419 in
308 2355 446 2419 eius
493 2355 673 2420 modi
719 2375 915 2418 causa
960 2353 1287 2437 dixissem,
1322 2375 1405 2417 ne
1451 2352 2053 2436 impudentissimus
2102 2351 2231 2415 exi-

113 2457 164 2498 25
192 2443 518 2508 stimarer.
608 2441 863 2528 Collegi
909 2464 1012 2505 me
1058 2441 1410 2526 aliquando
1458 2446 1524 2505 et
1569 2443 1667 2505 ita
1711 2441 2052 2524 constitui,
2098 2439 2229 2504 for·
2254 2441 2337 2505 19

190 2533 353 2596 titer
399 2552 540 2595 esse
587 2531 938 2616 agendum3
983 2529 1085 2593 illi
1134 2530 1365 2630 aetati,
1410 2552 1539 2613 qua
1585 2533 1727 2593 tum
1776 2551 1971 2612 eram,
2019 2529 2231 2593 solere

190 2619 375 2684 laudi
421 2618 589 2701 dari,
645 2619 844 2682 etiam
895 2618 952 2682 si
997 2618 1068 2681 in
1112 2617 1329 2682 minus
1377 2618 1583 2682 firmis
1632 2617 1845 2683 causis
1890 2617 2231 2681 hominum

191 2707 500 2792 periculis
545 2728 679 2771 non
726 2706 1094 2770 defuissem.
1165 2705 1399 2790 Itaque
1444 2707 1596 2791 feci3
1643 2706 1736 2770 sic
1780 2706 2091 2791 pugnavi,
2139 2705 2232 2770 sic

191 2795 376 2862 omni
412 2794 665 2861 ratione
703 2794 1023 2876 contendi,
1069 2793 1163 2858 sic
1202 2795 1286 2858 ad
1322 2795 1541 2858 omnia
1579 2794 1863 2879 confugi,
1915 2798 2231 2877 quantum

111 2901 164 2940 30
193 2906 318 2970 ego
369 2883 636 2966 adsequi
681 2883 896 2967 potui,
942 2882 1227 2947 remedia
1274 2904 1348 2946 ac
1394 2883 1695 2968 perfugia
1740 2904 2110 2966 causarum,
2157 2886 2233 2945 ut

192 2974 350 3054 hoc,
396 2973 568 3056 quod
614 2971 842 3036 timide
889 2970 1132 3054 dicam,
1179 2975 1565 3035 consecutus
1612 2971 1765 3051 sim,
1812 2992 1892 3034 ne
1940 2970 2085 3053 quis
2132 2969 2233 3033 illi

193 3081 431 3127 causae
476 3064 827 3144 patronum
875 3059 1158 3124 defuisse
1204 3060 1652 3123 arbitraretur.
1735 3021 1878 3141 Sed,
1923 3062 1999 3121 ut
2046 3057 2228 3141 quid·
2268 3073 2339 3121 52

194 3149 352 3233 quid
390 3169 514 3234 ego
553 3148 1128 3248 apprehenderam,
1165 3147 1394 3211 statim
1432 3149 1774 3212 accusator
1802 3145 2234 3228 extorquebat

193 3260 228 3302 e
256 3236 579 3301 manibus,
641 3235 709 3302 Si
739 3237 1204 3320 quaesiveram,
1232 3257 1397 3319 quae
1424 3234 1806 3299 inimicitiae
1836 3231 2231 3297 Scamandro

112 3341 164 3382 85
193 3347 344 3390 cum
390 3323 668 3407 Habito,
712 3324 1047 3388 fatebatur
1090 3324 1310 3387 nullas
1356 3323 1575 3405 fuisse,
1622 3322 1735 3386 sed
1782 3319 2234 3404 Oppianicum,

191 3413 376 3480 cuius
431 3413 547 3476 ille
602 3412 902 3476 minister
955 3411 1215 3494 fuisset,
1272 3411 1424 3476 huic
1460 3408 1983 3474 inimicissimum
2029 3407 2233 3472 fuisse

193 3506 390 3586 atque
447 3522 588 3565 esse
635 3500 909 3566 dicebat.
1003 3497 1118 3563 Sin
1165 3504 1385 3563 autem
1433 3498 1597 3562 illud
1645 3517 1927 3580 egeram,
1972 3495 2232 3559 nullum
