2534 3875
856 792 952 864 M.
1011 790 1299 863 TULLI
1355 744 1855 864 clemacius

423 957 567 1039 DE
612 956 892 1039 LEGE
956 952 1435 1039 AGRARIA
1499 952 1884 1041 ORATIO
1949 952 2295 1039 PRIMA

343 1107 728 1183 CONTRA
781 1109 858 1181 P.
899 1102 1424 1181 SERVILIUM
1477 1107 1876 1181 RULLUM
1932 1108 2075 1184 ΤΒ.
2102 1108 2378 1181 PLEB.

1072 1232 1180 1303 IN
1237 1230 1644 1305 SENATU.

1037 1490 1473 1557 ARGUMEN
1479 1490 1684 1557 TUM

486 1614 547 1669 P.
579 1611 846 1669 Servilius
882 1613 1082 1667 Rullus
1121 1629 1248 1667 cum
1287 1629 1336 1665 a.
1376 1612 1429 1665 d.
1460 1611 1538 1666 IV
1572 1611 1655 1665 Id.
1692 1612 1825 1667 Dec.
1866 1629 1917 1667 a.
1954 1628 2007 1667 u.
2050 1628 2096 1666 c.
2136 1618 2243 1668 690
2272 1612 2380 1666 tri-

342 1684 618 1739 bunatum
662 1684 886 1753 inisset,
935 1701 1044 1753 quo
1093 1682 1201 1737 sibi
1233 1682 1496 1764 gratiam
1531 1699 1605 1751 po
1649 1682 1731 1736 uli
1767 1680 2121 1751 conciliaret,
2172 1683 2381 1737 statim

343 1756 530 1837 legem
553 1755 1027 1836 promulgaverat
1063 1753 1362 1823 agrariam.
1421 1752 1575 1819 Quae
1608 1701 1704 1807 Iex
1740 1769 1869 1807 cum
1905 1754 2131 1822 iniquas
2156 1754 2378 1809 multas

346 1825 706 1907 condiciones
741 1842 922 1894 neque
960 1824 1128 1879 utiles
1165 1826 1247 1878 rei
1284 1824 1441 1906 publ.
1480 1822 1768 1878 continere
1806 1824 2113 1893 videretur,
2148 1840 2265 1893 qua
2303 1825 2379 1879 de

341 1914 404 1954 rc
442 1896 668 1967 copiose
707 1896 1026 1978 disputatur
1061 1896 1304 1950 maxime
1340 1896 1401 1950 in
1438 1895 1691 1950 oratione
1730 1894 1800 1949 de
1837 1894 1967 1965 lege
1996 1894 2227 1965 agraria
2254 1894 2311 1950 II
2342 1912 2382 1950 a

343 1985 464 2038 cap.
505 1977 535 2024 7
574 1975 604 2034 5
645 1975 728 2036 16,
765 1968 837 2022 Μ.
875 1967 1026 2020 Tulli
1027 1985 1093 2020 us
1132 1967 1325 2021 Cicero
1361 1967 1501 2036 ipsis
1538 1966 1807 2022 Kalendis
1834 1966 2127 2020 Ianuariis
2164 1983 2217 2022 a.
2249 1973 2378 2048 691,

342 2057 471 2094 cum
505 2040 748 2109 primum
786 2038 980 2092 consul
1014 2036 1077 2090 in
1111 2040 1314 2092 senatu
1350 2039 1521 2092 verba
1546 2036 1701 2105 fecit,
1742 2053 1867 2091 eam
1894 2037 2082 2107 legem
2108 2037 2264 2090 hac
2248 2055 2383 2107 ipsa

343 2111 613 2178 oratione,
650 2110 807 2163 cuius
843 2113 1036 2162 tamen
1071 2125 1282 2176 magna
1314 2125 1445 2178 pars
1480 2107 1725 2175 interiit,
1761 2110 2060 2177 praesente
2096 2107 2157 2162 P.
2199 2107 2380 2162 Rullo

341 2153 629 2235 dissuasit.

963 2390 1750 2458 FRAGMENTA.

481 2518 536 2582 1.
567 2515 772 2582 Cicero
799 2517 1108 2582 Kalendis
1135 2516 1473 2581 Ianuariis
1508 2516 1581 2580 de
1616 2517 1739 2598 leye
1765 2518 2061 2599 agraria:
2098 2516 2383 2582 inberba

341 2606 692 2670 iuventute.
765 2603 1042 2687 (Charis.
1087 2604 1140 2668 I
1161 2625 1231 2686 Ρ.
1279 2606 1379 2668 95.
1422 2606 1554 2682 20.)

475 2693 537 2756 2.
583 2693 644 2759 3.
688 2692 868 2758 Haeo
917 2694 1125 2775 fiyara
1178 2688 1703 2777 (διεζευγμένον)
1758 2693 1851 2757 ita
1907 2697 2094 2758 ornat
2135 2698 2197 2758 et
2237 2715 2381 2758 am·

335 2781 578 2862 pliftcat
637 2782 976 2845 orationem
1035 2817 1112 2826 —-
1167 2780 1279 2844 hoc
1332 2781 1544 2844 modo:
1601 2778 1896 2864 Capuam
1952 2781 2205 2846 colonis
2266 2781 2381 2846 de-

344 2868 552 2933 ductis
627 2870 1063 2952 occupabunt,
1143 2867 1437 2932 Atellam
1506 2868 1832 2952 praesidio
1908 2871 2377 2954 communient,
2437 2905 2465 2946 5

342 2955 714 3036 Nuceriam,
797 2955 1034 3021 Cumas
1115 2955 1532 3020 multitudine
1616 2978 1883 3021 suorum
1966 2957 2381 3042 obtinebunt,

344 3049 557 3110 cetera
613 3044 854 3129 oppida
907 3044 1246 3128 praesidiis
1294 3043 1658 3111 divincient.
1754 3045 1905 3110 Tale
1948 3051 2037 3112 est
2079 3051 2137 3110 et
2179 3047 2348 3112 illud
2357 3069 2381 3111 .·

340 3132 612 3198 Venibit
679 3132 888 3218 igitur
963 3133 1084 3198 sub
1158 3153 1476 3216 praecone
1549 3136 1693 3198 tota
1756 3132 2110 3217 Propontis
2176 3139 2381 3219 atque

341 3221 842 3307 HellespontuS,
918 3220 1247 3286 addicetur
1311 3221 1522 3285 omnis
1589 3243 1705 3286 ora
1772 3221 2114 3306 Lyciorum
2180 3225 2383 3306 atque

344 3309 645 3393 Cilicum,
699 3309 912 3394 Mysia
965 3314 1030 3374 et
1083 3309 1378 3398 Phrygia
1432 3309 1642 3373 eidem
1695 3310 2060 3375 condicioni
2114 3310 2382 3396 legique
2416 3346 2471 3386 10

343 3400 684 3482 parebunt.
776 3396 1044 3484 (Aquila
1087 3385 1266 3463 Rom.
1316 3403 1402 3463 43
1430 3419 1501 3480 Ρ.
1547 3403 1649 3463 36.
1696 3403 1763 3476 3,
1810 3399 2006 3463 Mart.
2054 3396 2205 3481 Cap.
2252 3404 2388 3465 537

331 3507 401 3567 Ρ.
447 3491 596 3553 482.
641 3489 733 3553 24
788 3483 1040 3573 Halm.)
