2534 3875
331 175 466 240 472
620 175 717 229 DE
755 172 962 228 Domo
1002 170 1145 228 sm
1179 172 1281 226 AD
1317 170 1745 228 Pomimcss
1783 146 2071 225 ORATIO.

331 341 451 386 nec
481 317 692 384 Salios
728 317 999 384 habebit
1033 339 1153 382 nec
1190 339 1267 382 ex
1303 320 1492 401 parte
1529 314 1797 380 dimidia
1830 315 2115 400 reliquos
2155 336 2375 379 sacer·

335 408 520 473 dotes
593 428 801 490 neque
876 408 1173 471 auctores
1246 403 1760 470 centuriatorum
1833 406 1900 468 et
1960 401 2372 468 curiatorum

334 495 766 578 comitiorum,
803 493 1217 578 auspiciaque
1254 493 1483 577 populi
1507 491 1806 575 Romani,
1843 491 1904 555 si
1927 490 2368 574 magistratus

334 583 592 667 patricii
656 582 861 648 creati
912 603 1049 646 non
1102 581 1262 663 sint,
1325 581 1651 645 intereant
1701 600 1964 644 necesse
2018 582 2148 661 est,
2213 600 2362 644 cuni

334 672 619 737 interrex
673 671 891 736 nullus
949 670 1065 754 sit,
1120 669 1293 752 quod
1339 672 1404 733 et
1449 669 1666 752 ipsum
1710 667 2057 754 patricium
2103 687 2252 730 esse
2301 669 2363 730 et
2387 685 2411 725 5

336 782 377 824 a
433 758 727 844 patriciis
788 757 979 842 prodi
1035 778 1299 822 necesse
1359 760 1476 822 est.
1577 756 1731 821 Dixi
1790 755 1962 840 apud
2017 754 2364 838 pontifices

333 848 533 913 istam
582 846 997 930 adoptionem
1040 845 1225 910 nullo
1274 845 1532 910 decreto
1577 843 1771 908 huius
1817 843 2081 928 collegii
2122 844 2362 926 proba-

334 939 500 1018 tam,
555 939 783 1000 contra
846 955 1035 998 omne
1089 933 1470 1016 pontificum
1520 932 1624 996 ius
1678 932 1924 996 factam
1976 952 2096 1015 pro
2151 930 2362 994 nihilo

233 1020 235 1023 ’
334 1045 477 1088 esse
531 1022 918 1088 habendam.
1010 1021 1153 1096 Qua
1208 1020 1468 1085 sublata
1520 1019 1850 1105 intellegis
1893 1022 2110 1083 totum
2156 1019 2361 1083 tribu·

228 1255 298 1302 39

332 1115 561 1177 natum
605 1114 794 1174 tuum
838 1108 1210 1174 concidisse.
2387 1125 2434 1164 1⁰

470 1198 679 1263 Venio
726 1197 809 1262 ad
855 1218 1152 1282 augures,
1197 1219 1471 1281 quorum
1517 1217 1639 1282 ego
1685 1195 1910 1277 libroS,
1955 1194 2012 1259 si
2059 1194 2174 1278 qui
2211 1199 2363 1258 sunt

336 1285 683 1369 reconditi,
734 1306 871 1350 non
924 1289 1208 1368 scrutor3
1260 1306 1394 1350 non
1449 1307 1593 1349 sum
1648 1283 1718 1347 in
1774 1281 2168 1367 exquirendo
2223 1283 2362 1346 iure

336 1395 659 1459 augurum
705 1373 1024 1455 curiosus3
1068 1373 1247 1457 haec,
1294 1394 1459 1456 quae
1502 1394 1635 1437 una
1678 1393 1824 1436 cum
1868 1371 2113 1454 populo
2151 1369 2362 1453 didici,

336 1484 503 1546 quae
540 1483 733 1546 saepe
767 1461 840 1524 in
876 1461 1287 1526 contionibus
1315 1482 1628 1544 responsa
1655 1462 1828 1543 sunt,
1860 1459 2031 1523 novi.
2095 1456 2362 1545 Negant

335 1552 438 1615 fas
486 1571 626 1615 esse
672 1551 782 1634 agi
827 1571 973 1614 cum
1018 1549 1290 1634 populo,
1336 1571 1480 1614 cum
1528 1548 1605 1612 de
1652 1547 1832 1613 caelo
1880 1549 2211 1611 servatum
2257 1546 2360 1610 sit.
2391 1563 2442 1603 15

337 1637 479 1714 Quo
545 1637 647 1703 die
704 1639 780 1702 de
835 1641 903 1700 te
958 1637 1065 1700 lex
1118 1637 1368 1702 curiata
1426 1637 1564 1701 lata
1625 1657 1766 1700 esse
1823 1634 2099 1718 dicatur,
2161 1634 2360 1699 audes

335 1747 577 1812 negare
633 1725 711 1790 de
765 1724 943 1790 caelo
1000 1746 1140 1789 esse
1186 1724 1568 1789 servatum?
1656 1723 1865 1787 Adest
1908 1743 2218 1806 praesens
2265 1723 2362 1787 vir

336 1813 655 1900 singulari
708 1813 983 1891 virtute,
1033 1813 1429 1895 constantia,
1485 1811 1810 1898 gravitate
1863 1809 2222 1894 praeditus,
2275 1809 2363 1873 M.

335 1900 639 1986 Bibulus3
698 1900 871 1967 hunc
929 1901 1263 1966 consulem
1320 1900 1440 1966 illo
1495 1901 1640 1984 ipso
1699 1899 1802 1964 die
1857 1898 2177 1965 contendo
2235 1919 2364 1963 ser-

337 2012 526 2055 vasse
581 1989 661 2054 de
707 1989 905 2055 caelo.
998 1988 1320 2053 ‘Infirmas
1365 1988 1568 2074 igitur
1613 1992 1688 2053 tu
1735 1991 1881 2053 acta
1927 1984 1998 2053 O.
2043 1986 2365 2070 Caesaris,
2393 2006 2448 2045 20

338 2079 463 2144 viri
516 2076 931 2143 fortissimi‘P'
978 2076 1273 2160 Minime3
1329 2098 1538 2160 neque
1593 2076 1769 2141 enim
1821 2097 1969 2140 mea
2011 2075 2144 2139 iam
2191 2075 2366 2159 quic-

340 2189 535 2252 quam
594 2166 872 2230 interest
918 2164 1200 2249 exceptis
1244 2165 1328 2230 iis
1371 2164 1552 2248 telis,
1609 2186 1774 2247 quae
1820 2185 1896 2227 ex
1941 2163 2119 2227 illius
2167 2162 2366 2228 actio-

232 2270 303 2319 40
339 2256 533 2319 nibus
596 2254 667 2318 in
736 2274 949 2317 meum
1006 2274 1239 2337 corpus
1294 2253 1568 2317 inmissa
1623 2254 1790 2317 sunt.
1891 2248 2014 2315 Sed
2067 2250 2231 2316 haec
2286 2251 2365 2315 de

342 2341 647 2495 335⁰?
656 2363 919 2493 ’(3Ἶῖιῖ
978 2362 1102 2494 ῐὲἓ
1163 2340 1825 2513 ζὲἒέθῑὲέῗὲξῖἓῇἷὲἷη
1863 2340 2366 2492 ἣέἷίῃάὶἷέιῑῗὲἶὲ
2393 2444 2446 2485 2.

340 2518 681 2582 tribunatu
728 2517 1163 2600 auspiciorum
1207 2521 1521 2601 patronus
1570 2515 1786 2580 subito
1825 2514 2122 2599 extitisti,
2165 2518 2240 2578 tu
2276 2514 2370 2580 M.

340 2603 648 2669 Bibulum
707 2604 778 2668 in
834 2606 1233 2688 contionem,
1287 2610 1362 2669 tu
1418 2625 1696 2689 augures
1751 2603 2147 2688 produxisti,
2201 2624 2247 2667 a
2297 2606 2368 2667 te

342 2691 733 2777 interrogati
788 2713 1065 2777 augures
1121 2692 1619 2777 responderunt,
1674 2713 1817 2757 cum
1876 2690 1954 2755 de
2009 2691 2190 2757 caelo
2238 2712 2369 2755 ser-

343 2783 567 2845 vatum
613 2780 718 2858 sit,
764 2802 911 2845 cum
956 2780 1199 2865 populo
1246 2781 1358 2866 agi
1391 2802 1524 2845 non
1559 2802 1772 2864 posse,
1813 2779 1940 2843 tibi
1975 2778 2061 2843 M.
2088 2779 2368 2843 Bibulus

344 2867 681 2953 quaerenti
735 2888 804 2931 se
860 2867 937 2932 de
995 2869 1173 2933 caelo
1232 2890 1526 2934 servasse
1573 2867 1909 2953 respondit
1951 2867 2252 2951 idemque
2296 2867 2370 2931 in
2395 2885 2442 2925 ω

344 2956 643 3021 contione
690 2955 854 3020 dixit
900 2956 983 3020 ab
1020 2955 1258 3040 Appio,
1305 2960 1422 3021 tuo
1467 2956 1692 3039 fratre,
1734 2954 2084 3040 productus
2131 2960 2197 3019 te
2236 2977 2370 3021 om—

342 3045 519 3129 nino,
570 3043 741 3127 quod
787 3048 1015 3110 contra
1060 3045 1350 3128 auspicia
1397 3044 1745 3129 adoptatus
1791 3064 1984 3127 esses,
2027 3042 2371 3108 tribunum

342 3154 476 3197 non
536 3131 757 3197 fuisse.
857 3131 997 3197 Tua
1059 3133 1333 3216 denique
1399 3133 1609 3197 omnis
1665 3131 1838 3196 actio
1893 3130 2369 3215 posterioribus

342 3221 673 3285 mensibus
729 3220 879 3303 fuit,
935 3218 1179 3303 omnia,
1236 3242 1400 3303 quae
1457 3218 1528 3285 C.
1576 3218 1814 3284 Caesar
1869 3219 2139 3305 egisset,
2194 3220 2372 3304 quod

344 3310 573 3373 contra
646 3308 935 3393 auspicia
1008 3311 1227 3371 essent
1299 3310 1474 3390 acta,
1545 3329 1664 3391 per
1727 3310 2024 3371 senatum
2087 3308 2370 3373 rescindi
2394 3325 2442 3366 3⁵

344 3399 671 3479 oportere3
736 3397 907 3480 quod
963 3396 1021 3459 si
1072 3395 1286 3477 fieret,
1343 3393 1602 3459 dicebas
1658 3398 1724 3459 te
1779 3394 1910 3459 tuis
1966 3395 2208 3461 umeris
2263 3418 2370 3461 me

256 3537 260 3541 ,
344 3481 679 3547 custodem
724 3483 906 3548 urbis
952 3482 1023 3547 in
1066 3483 1295 3547 urbem
1340 3482 1720 3549 relaturum.
1801 3482 2035 3547 Videte
2081 3484 2370 3549 hominis
