2534 3875
345 195 480 261 426
907 195 1052 252 PRO
1089 195 1148 250 L.
1186 197 1473 254 FLACCO
1510 195 1803 253 ORATIO.

348 340 547 406 Asiae
614 341 985 426 provinciae
1053 341 1338 425 primum
1407 364 1719 428 magnam
1778 346 2045 427 partem
2104 340 2397 406 eiusdem

347 429 740 515 provinciae,
777 451 942 514 quae
977 452 1098 513 pro
1137 430 1331 494 huius
1361 431 1667 514 periculis
1695 431 1961 518 legatos
1990 429 2397 495 laudatores-

348 540 474 603 que
539 515 748 602 misit,
821 518 1049 584 deinde
1112 518 1535 604 provinciam
1582 518 1906 603 Galliam,
1977 519 2395 604 provinciam

346 605 676 690 Ciliciam,
728 607 1130 692 provinciam
1172 606 1593 690 Hispaniam,
1635 606 2053 692 provinciam
2104 606 2394 688 Cretam3

347 693 617 759 Graecis
663 700 882 760 autem
929 693 1134 779 Lydis
1181 699 1248 760 et
1282 695 1659 781 Phrygibus
1705 701 1775 760 et
1807 694 2027 779 Mysis
2070 696 2433 760 obsistents

347 781 814 869 MassilienseS,
840 782 1101 866 Rhodii,
1127 782 1643 864 Lacedaemonii,
1660 784 2141 867 AthenienseS,
2172 789 2393 850 cuncta

347 870 618 954 Achaia,
656 871 1014 954 Thessalia,
1049 870 1353 956 Boeotia3
1394 871 1709 954 Septimio
1749 878 1817 937 et·
1845 871 2083 938 Caelio
2114 873 2391 937 testibus

345 958 420 1026 P.
465 957 777 1024 Servilius
825 964 895 1025 et
940 959 1014 1037 Q.
1042 959 1349 1025 Metellus
1395 961 1587 1026 huius
1632 960 1901 1044 pudoris
1945 960 2389 1044 integritatis-

346 1069 471 1131 que
507 1052 708 1112 testes
744 1049 1233 1134 repugnabunt3
1271 1048 1601 1114 Asiaticae
1639 1049 1799 1113 iuris
1830 1048 2123 1114 dictioni
2153 1049 2388 1113 urbana

347 1135 508 1200 iuris
547 1136 744 1201 dictio
782 1136 1228 1220 respondebit3
1266 1137 1465 1202 annui
1502 1137 1817 1220 temporis
1856 1138 2387 1202 criminationem
2404 1153 2437 1191 ιο

243 1223 559 1288 101omnis
607 1228 787 1290 aetas
832 1225 905 1290 L.
951 1225 1170 1290 Flacci
1215 1228 1286 1289 et
1328 1229 1644 1309 perpetua
1687 1226 1827 1289 vita
1872 1224 2220 1290 defendet.
2299 1225 2387 1304 Et,

347 1313 404 1376 si
439 1311 746 1396 prodesse
783 1312 858 1379 L.
884 1312 1140 1390 FlaccO,
1173 1313 1436 1396 iudices,
1471 1314 1684 1397 debet,
1722 1313 1897 1398 quod
1934 1335 2013 1378 se
2051 1314 2387 1378 tribunum

346 1399 647 1484 militum,
685 1401 859 1485 quod
884 1406 1315 1486 quaestorem,
1352 1402 1527 1486 quod
1554 1402 1844 1488 legatum
1871 1401 2387 1486 imperatoribus

346 1488 748 1573 clarissimis,
799 1490 1185 1555 exercitibus
1231 1490 1688 1573 ornatissimis,
1732 1489 2099 1574 provinciis
2152 1491 2387 1578 gravis-

346 1576 529 1641 simis
587 1577 855 1663 dignum
913 1579 1048 1643 suis
1095 1578 1452 1644 maioribus
1498 1578 1856 1663 praestitit,
1912 1579 2171 1662 prosit,
2230 1579 2437 1666 quodfi

345 1664 454 1730 hic
497 1666 685 1730 vobis
729 1665 1101 1732 videntibus
1147 1668 1218 1730 in
1250 1665 1557 1752 periculis
1596 1667 2055 1734 communibus
2094 1669 2387 1732 omnium

344 1757 644 1818 nostrum
719 1777 838 1819 sua
907 1755 1198 1840 pericula
1259 1777 1407 1820 cum
1466 1755 1629 1820 meis
1689 1755 2059 1839 coniunxit,
2135 1756 2389 1840 prosint

345 1841 958 1909 honestissimorum
1016 1842 1517 1928 municipiorum
1574 1843 2114 1928 coloniarumque
2169 1845 2387 1909 lauda·

344 1929 584 2015 tiones,
640 1931 851 2015 prosit
905 1931 1105 1997 etiam
1161 1934 1425 1997 senatus
1470 1932 1825 2017 populique
1866 1932 2167 1999 Romani
2212 1956 2388 2019 prae-

242 2018 527 2084 loaclara
562 2023 634 2084 et
669 2042 822 2085 vera
858 2021 1168 2087 laudati0.
1232 2020 1287 2085 Ο
1324 2043 1455 2086 nox
1485 2022 1615 2105 illa,
1652 2044 1814 2106 quae
1842 2044 2053 2105 paene
2082 2026 2385 2087 aeternas
2406 2038 2439 2078 ²0

347 2108 498 2171 huic
562 2108 707 2173 urbi
775 2109 1076 2174 tenebras
1144 2109 1455 2192 attulisti,
1519 2132 1665 2175 cum
1722 2108 1900 2175 Galli
1962 2111 2049 2174 ad
2114 2111 2383 2193 bellum,

347 2194 631 2260 Catilina
687 2197 768 2261 ad
823 2198 1080 2283 urbem,
1137 2198 1461 2263 coniurati
1514 2198 1594 2262 ad
1637 2199 1887 2263 ferrum
1932 2203 2000 2262 et
2046 2198 2383 2263 flammam

344 2285 772 2370 vocabantur,
837 2306 983 2351 cum
1041 2308 1164 2371 ego
1219 2290 1313 2370 te,
1377 2286 1630 2368 Flacce,
1685 2288 1934 2351 caelum
1986 2290 2381 2371 noctemque

346 2376 720 2438 contestans
783 2374 946 2439 flens
1008 2374 1275 2439 flentem
1339 2374 1745 2460 obtestabar,
1808 2396 1954 2438 cum
2020 2378 2187 2439 tuae
2242 2376 2381 2441 fidei

345 2462 633 2543 optimae
696 2466 767 2527 et
831 2462 1353 2547 spectatissimae
1417 2464 1695 2528 salutem
1758 2462 1937 2527 urbis
2003 2466 2077 2527 et
2140 2464 2377 2529 civium
2394 2479 2429 2518 ε’»

345 2549 902 2615 commendabam!
995 2548 1096 2616 Tu
1148 2554 1319 2634 tum,
1389 2550 1641 2636 Flacco,
1695 2555 1961 2634 praetor
2016 2553 2375 2617 communis

345 2635 531 2701 exitii
584 2638 850 2704 nuntios
905 2638 1162 2724 cepisti,
1218 2642 1293 2703 tu
1348 2637 1668 2703 inclusam
1721 2640 1793 2702 in
1836 2638 2083 2704 litteris
2127 2640 2236 2705 rei
2278 2663 2376 2725 pu·

343 2723 552 2789 blicae
590 2729 840 2810 pestem
878 2726 1380 2812 deprehendisti,
1422 2732 1496 2791 tu
1532 2726 1965 2811 periculorum
2001 2728 2275 2810 indicia,
2313 2735 2377 2793 tu

345 2813 578 2877 salutis
635 2814 880 2880 auxilia
935 2816 1016 2879 ad
1067 2836 1171 2879 me
1220 2818 1288 2879 et
1332 2815 1415 2879 ad
1460 2820 1759 2881 senatum
1804 2815 2109 2881 attulisffi.
2208 2816 2375 2893 Quae

341 2900 472 2965 tibi
525 2905 669 2966 tum
723 2904 975 2987 gratiae
1031 2908 1187 2968 sunt
1239 2926 1280 2967 a
1334 2926 1436 2968 me
1492 2908 1704 2987 actae,
1764 2926 1929 2989 quae
1985 2904 2075 2969 ab
2132 2912 2423 2987 senata&

345 3011 508 3073 quae
555 3012 594 3054 a
639 2990 832 3055 bonis
878 2992 1208 3056 omnibus!
1300 2990 1457 3066 Quis
1503 2992 1654 3069 tibi,
1700 2994 1846 3076 quis
1872 2990 1963 3075 C.
2006 2992 2373 3079 Pomptino,

341 3076 706 3145 fortissimo
772 3079 911 3143 viro
923 3130 942 3161 ,
1005 3102 1396 3164 quemquam
1453 3081 1698 3145 bonum
1751 3084 2015 3165 putaret
2069 3104 2371 3167 umquam

342 3186 476 3230 non
522 3168 821 3249 salutem„
865 3189 1091 3232 verum
1127 3168 1444 3233 honorem
1480 3168 1692 3233 ullum
1728 3167 2260 3255 denegaturum?
2324 3169 2369 3235 Ο

342 3250 572 3319 Nonae
609 3254 764 3320 illae
800 3255 1213 3340 Decembres,
1251 3278 1417 3340 quae
1454 3276 1557 3322 me
1594 3257 1861 3323 consule
1894 3257 2152 3323 fuistis!
2190 3280 2369 3344 quem

343 3360 465 3421 ego
532 3341 702 3406 diem
763 3365 909 3407 vere
971 3344 1261 3409 natalem
1316 3344 1510 3409 huius
1566 3344 1749 3409 urbis
1808 3348 1921 3409 aut
1977 3352 2159 3411 certe
2212 3348 2418 3412 salu-³³

233 3402 555 3525 {133tarem
611 3431 938 3513 appellare
995 3452 1283 3515 possum.
1374 3431 1429 3497 Ο
1482 3454 1615 3496 nox
1661 3433 1805 3516 illa,
1859 3454 2058 3517 quam
2106 3435 2237 3499 iste
2282 3440 2369 3499 est

345 3508 482 3575 dies
529 3522 931 3595 consecutus,
977 3519 1196 3583 fausta
1236 3518 1388 3587 huic
1425 3519 1593 3600 urbi,
1638 3521 1950 3587 miserum
1988 3542 2114 3599 me,
2160 3528 2367 3587 metuo
