2534 3875
809 158 962 216 GAP.
1004 165 1212 215 15—17
1253 168 1283 227 ξ
1322 166 1551 216 43-49,
2116 160 2205 224 53

171 304 386 367 statim
429 300 717 368 Caecina
755 304 1176 386 discessisset,
1225 305 1525 369 dubitare
1564 326 1683 369 vos
1720 326 1853 369 non
1892 304 2209 383 debuisse,

167 393 314 475 quin
353 390 680 458 Caecinae
718 392 893 458 facta
930 394 1028 458 vis
1068 397 1266 477 esset3
1314 394 1370 457 si
1407 413 1582 476 vero,
1630 393 1827 457 simul
1866 415 1941 458 ac
1977 395 2206 478 procul

167 482 503 563 conspexit
557 485 874 565 armatOS,
929 482 1335 565 recessisset,
1390 503 1468 545 eo
1522 480 1740 557 minus
1797 481 2203 546 dubitaretis.

165 566 384 633 Omnis
449 569 630 633 enim
686 569 786 633 vis
845 574 971 654 est,
1027 592 1192 653 quae
1239 570 1530 655 periculo
1578 573 1693 634 aut
1737 569 2039 635 decedere
2085 592 2207 635 nos

121 672 142 711 5
167 657 459 721 alicunde
519 658 702 741 cogit
748 661 862 721 aut
907 659 1216 743 prohibet
1264 659 1584 723 accedere.
1677 656 1864 733 Quod
1912 658 1967 722 si
2016 658 2211 723 aliter

164 746 490 827 statuetiS‚
528 746 760 828 videte,
796 768 879 811 ne
916 748 1040 811 hoc
1076 768 1194 812 vos
1233 748 1564 830 statuatiS,
1603 746 1715 831 qui
1750 747 1938 811 vivus
1979 746 2211 811 disces·

171 833 352 917 serit,
416 835 481 899 ei
543 834 680 898 vim
739 856 873 899 non
933 857 1073 899 esse
1127 835 1396 916 factam,
1456 856 1539 899 ne
1597 834 1724 900 hoc
1780 835 2082 900 omnibus
2141 835 2211 898 in

161 922 654 1005 possessionum
701 924 1162 989 controversiis
1209 922 1690 1008 praescribatiS,
1735 926 1811 987 ut
1857 923 2211 1009 confligen-

161 1010 307 1075 dum
356 1011 492 1075 sibi
541 1014 608 1075 et
655 1012 853 1075 armis
905 1012 1363 1077 decertandum
1411 1014 1676 1093 putent,
1721 1033 1801 1075 ne
1812 1062 1830 1093 ,
1879 1032 2072 1095 quem
2120 1011 2203 1075 ad

101 1113 139 1152 ιο
163 1099 428 1163 modum
477 1100 550 1163 in
593 1099 768 1164 bello
815 1122 1028 1184 poena
1068 1101 1329 1183 ignavis
1380 1100 1462 1164 ab
1508 1100 2017 1183 imperatoribus
2065 1122 2212 1165 con·

163 1188 484 1271 stituitur,
533 1187 625 1253 sic
670 1188 740 1252 in
787 1188 1046 1253 iudiciis
1095 1189 1377 1253 deterior
1422 1210 1619 1253 causa
1665 1187 1754 1251 sit
1801 1210 2052 1272 eorum,
2099 1190 2211 1274 qui

159 1275 481 1359 fugerint,
540 1298 736 1360 quam
784 1278 896 1361 qui
943 1276 1024 1340 ad
1073 1280 1437 1341 extremum
1482 1298 1687 1361 usque
1734 1277 2207 1341 contenderint.

161 1362 320 1429 Cum
381 1365 466 1429 de
523 1365 665 1429 iure
722 1367 789 1428 et
842 1365 1156 1447 legitimis
1210 1365 1548 1430 hominum
1606 1366 2069 1430 controversiis
2118 1367 2207 1429 lo-

161 1451 424 1537 quimur
473 1456 539 1517 et
582 1450 654 1516 in
699 1450 802 1516 his
850 1454 1044 1517 rebus
1084 1452 1218 1518 vim
1253 1452 1689 1537 nominamus,
1734 1453 2069 1536 pertenuis
2105 1453 2207 1518 vis

96 1556 136 1597 1⁵
159 1540 466 1626 intellegi
503 1540 712 1605 debet.
784 1540 939 1605 Vidi
977 1545 1266 1606 armatos
1308 1542 1607 1624 quamvis
1644 1563 1916 1624 paucos3
1962 1563 2207 1626 magna

160 1630 256 1693 vis
305 1635 431 1693 est.
523 1628 792 1693 Deeessi
848 1628 1040 1694 unius
1095 1629 1382 1694 hominis
1439 1630 1573 1693 telo
1629 1629 2050 1713 proterritus3
2107 1630 2210 1694 de-

159 1716 372 1783 iectus
439 1716 870 1802 detrususque
931 1739 1094 1782 sum.
1195 1718 1340 1783 Hoc
1401 1717 1458 1781 si
1516 1718 1615 1782 ita
1678 1717 2011 1799 statuetis,
2075 1738 2210 1782 non

161 1806 356 1871 modo
398 1826 534 1870 non
573 1805 716 1886 erit,
763 1828 876 1871 cur
923 1806 1300 1891 depugnare
1346 1807 1693 1889 quisquam
1741 1806 2021 1889 posthac
2063 1826 2211 1889 pos-

163 1895 478 1960 sessionis
535 1916 732 1960 causa
777 1894 966 1978 velit,
1022 1894 1136 1960 sed
1180 1916 1264 1960 ne
1311 1894 1474 1959 illud
1522 1894 1810 1980 quidem,
1865 1915 1981 1960 cur
2023 1916 2210 1977 repu-

95 1999 138 2040 20
163 2004 387 2068 gnare.
481 1979 591 2047 Sin
644 1987 864 2048 autem
911 1984 1047 2048 vim
1093 1984 1231 2048 sine
1280 1983 1499 2062 caede,
1550 1984 1689 2048 sine
1736 1985 2207 2066 vulneratione,

163 2073 300 2137 sine
363 2073 682 2157 sanguine
707 2145 716 2152 ⁸
741 2073 991 2136 nullam
1047 2071 1475 2156 intellegetiS,
1540 2073 1846 2137 statuetis
1906 2071 2208 2136 homines

161 2158 601 2245 possessionis
649 2159 1010 2243 cupidiores
1060 2183 1255 2243 quam
1301 2161 1478 2224 vitae
1526 2181 1668 2225 esse
1717 2163 2037 2242 oportere.

293 2251 446 2332 Age
482 2270 657 2328 vere,
704 2248 781 2311 de
827 2249 893 2313 vi
929 2252 996 2312 te
1039 2249 1250 2333 ipsum
1296 2248 1555 2313 habebo
1602 2248 1899 2331 iudicem,
1944 2247 2205 2312 Aebuti.

162 2336 532 2422 Responde,
596 2337 656 2400 si
701 2336 825 2401 tibi
870 2337 1146 2402 videtur.
1217 2336 1299 2402 In
1342 2337 1615 2401 fundum
1663 2335 1943 2402 Caecina
1986 2339 2210 2401 utrum

91 2442 136 2482 ²⁵
160 2427 432 2490 tandem
485 2425 700 2489 noluit
756 2447 838 2489 an
883 2447 1017 2490 non
1061 2426 1281 2509 potuit
1326 2425 1679 2490 accedere?
1772 2423 1936 2489 Cum
1982 2428 2050 2489 te
2098 2425 2207 2490 ob-

161 2515 415 2579 stitisse
472 2519 538 2577 et
590 2512 954 2598 reppulisse
1011 2513 1199 2596 dicis,
1254 2517 1429 2578 certe
1488 2514 1660 2578 hunc
1716 2513 2005 2579 voluisse
2062 2535 2209 2579 con-

161 2603 357 2667 cedis.
451 2601 654 2667 Potes
709 2601 912 2684 igitur
959 2601 1171 2666 dicere
1216 2623 1353 2666 non
1397 2602 1457 2666 ei
1509 2601 1644 2666 vim
1689 2601 1894 2666 fuisse
1939 2601 2209 2687 impedi-

161 2694 416 2772 ment0,
465 2690 597 2774 cui,
643 2710 790 2754 cum
839 2693 1105 2774 cuperet
1151 2711 1357 2774 eoque
1406 2691 1683 2755 consilio
1731 2691 2047 2774 venisset,
2091 2712 2210 2774 per

161 2779 466 2844 homines
527 2781 788 2842 coactos
845 2777 1098 2842 licitum
1153 2800 1288 2843 non
1336 2777 1425 2843 sit
1472 2777 1816 2843 accedere?
1911 2777 1980 2844 Si
2036 2778 2208 2843 enim

87 2867 259 2950 aoid,
309 2865 482 2950 quod
533 2866 816 2930 maxime
862 2866 1100 2948 voluit,
1155 2866 1337 2931 nullo
1386 2867 1579 2930 modo
1627 2867 1870 2951 potuit,
1916 2867 2016 2932 vis
2063 2889 2210 2951 pro-

160 2954 338 3019 fecto
377 2954 698 3038 quaedam
739 2953 1075 3019 obstiterit
1109 2975 1371 3019 necesse
1410 2958 1542 3037 est3
1589 2958 1705 3018 aut
1740 2958 1814 3018 tu
1853 2955 1972 3037 dic,
2012 2976 2209 3039 quam

2246 1360 2315 1410 47

2232 2205 2314 2268 17

2246 2296 2317 2344 48

163 3044 248 3108 ob
297 3065 456 3125 rem,
504 3064 651 3106 cum
689 3042 889 3106 vellet
927 3042 1247 3122 accedere,
1284 3064 1420 3108 non
1456 3044 1819 3108 accesserit.
1890 3041 2034 3107 Iam
2072 3043 2204 3106 vim
2244 3056 2313 3105 49

161 3131 410 3196 factam
466 3151 710 3214 negare
766 3152 902 3195 non
955 3135 1174 3215 potes3
1229 3131 1514 3196 deiectus
1573 3151 1765 3216 quem
1814 3130 1897 3195 ad
1942 3130 2208 3195 modum

163 3219 280 3302 sit,
327 3218 440 3302 qui
488 3239 620 3283 non
668 3221 1038 3303 accesserit,
1084 3219 1152 3282 id
1200 3218 1553 3303 quaeritur.
1638 3219 1988 3283 Demoveri
2034 3219 2208 3283 enim

87 3323 134 3364 ³⁵
164 3312 228 3372 et
276 3306 518 3392 depelli
567 3308 644 3371 de
691 3308 837 3372 loco
884 3328 1148 3372 necesse
1198 3311 1302 3372 est
1348 3330 1514 3390 eum,
1562 3308 1676 3390 qui
1723 3305 2057 3370 deiciatur.
2130 3304 2208 3371 Id

166 3400 388 3460 autem
438 3395 729 3460 accidere
776 3396 834 3459 ei
882 3395 995 3480 qui
1039 3400 1285 3481 potest,
1333 3396 1443 3479 qui
1493 3395 1757 3459 omnino
1803 3394 1873 3456 in
1919 3415 1993 3457 eo
2042 3393 2207 3477 loce,

163 3483 334 3548 unde
390 3503 460 3547 se
509 3481 829 3548 deiectum
878 3503 1018 3548 esse
1080 3483 1261 3569 dicit,
1316 3503 1675 3567 numquam
1729 3480 1901 3546 fuit?
1994 3477 2204 3556 Quid?
