2534 3875
314 147 449 211 290
808 143 889 198 IN
926 145 989 199 L.
1030 139 1437 199 CATILINAM
1475 140 1748 196 ORATIO
1787 139 1882 196 IV

318 294 439 373 est,
476 310 877 373 quocumque
915 290 1177 353 vestrae
1214 290 1466 350 mentes
1503 285 1822 350 inclinant
1859 288 2056 369 atque
2094 287 2352 350 senten·

315 378 475 461 tiae,
540 377 957 442 statuendum
1022 374 1209 439 vobis
1272 378 1424 438 ante
1487 379 1745 438 noctem
1801 377 1916 437 est.
2017 370 2354 447 Quantum

315 466 569 532 facinus
625 465 708 530 ad
762 486 879 530 vos
938 464 1225 528 delatum
1271 463 1385 545 sit,
1440 461 1691 526 videtis,
1781 459 1954 526 Huic
2001 461 2058 524 si
2103 483 2352 546 paucos

320 554 566 656 putatis
616 553 860 618 adfines
907 573 1075 634 esse,
1130 550 1548 618 vehementer
1594 549 1846 615 erratis.
1934 547 2164 614 Latius
2213 549 2356 634 opi-

317 644 512 708 nione
585 641 1081 706 disseminatum
1154 642 1255 704 est
1318 638 1445 703 hoc
1512 638 1784 722 malum,
1857 637 2146 704 manavit
2214 657 2355 702 non
2383 651 2417 692 ⁵

322 732 535 796 solum
580 751 698 815 per
742 727 1025 810 Italiam,
1070 749 1296 792 verum
1342 726 1541 792 etiam
1587 725 1990 792 transcendit
2027 726 2233 826 Alpes
2283 730 2355 789 et

321 819 599 919 obscure
638 838 901 900 serpens
949 816 1193 880 multas
1238 814 1372 879 iam
1417 814 1785 898 provincias
1826 813 2182 897 occupavit.
2275 812 2359 878 Id

321 906 604 992 opprimi
644 903 1069 970 sustentando
1109 907 1225 968 aut
1249 901 1640 987 prolatando
1667 902 1850 967 nullo
1877 905 2072 986 pacto
2099 904 2358 986 potest3

324 1014 724 1080 quacumque
788 992 1041 1057 ratione
1104 991 1350 1076 placet,
1415 991 1709 1056 celeriter
1771 989 1958 1055 vobis
2024 989 2360 1055 vindican-

328 1083 481 1148 dum
534 1086 649 1146 est.
2394 1091 2454 1130 1⁰

458 1168 663 1234 Video
712 1168 872 1232 duas
918 1168 1129 1232 adhuc
1175 1188 1317 1232 esse
1355 1167 1732 1250 sententias,
1776 1188 1974 1232 unam
2010 1165 2088 1231 D.
2125 1163 2362 1248 Silani,

326 1258 439 1344 qui
475 1260 694 1322 censet
728 1278 858 1338 eOS,
905 1256 1015 1341 qui
1050 1256 1208 1320 haec
1245 1254 1460 1320 delere
1497 1253 1713 1320 conati
1749 1258 1920 1337 sunt,
1958 1256 2170 1318 morte
2207 1275 2358 1320 esse

326 1345 695 1411 multandos
705 1395 724 1428 ‚
779 1346 1058 1410 alteram
1112 1341 1181 1409 C.
1236 1342 1535 1408 Caesaris
1545 1394 1564 1427 ‚
1619 1343 1729 1427 qui
1783 1343 2014 1408 mortis
2067 1364 2360 1425 poenam

326 1436 645 1515 removet,
718 1436 1077 1498 ceterorum
1146 1431 1611 1516 suppliciorum
1680 1430 1892 1496 omnis
1959 1430 2359 1496 acerbitates

329 1521 761 1606 amplectitur.
866 1520 1157 1604 Uterque
1220 1523 1288 1584 et
1349 1542 1468 1603 pro
1535 1541 1655 1584 sua
1714 1519 2034 1604 dignitate
2098 1522 2165 1583 et
2230 1541 2359 1602 pro
2393 1531 2453 1572 1⁵

328 1632 545 1675 rerum
625 1609 1071 1694 magnitudine
1142 1608 1212 1672 in
1285 1629 1540 1672 summa
1611 1607 1961 1672 severitate
2036 1610 2361 1672 versatur.

300 1699 519 1763 'Alter
574 1719 712 1778 eos,
767 1696 879 1781 qui
939 1718 1056 1761 nos
1115 1696 1326 1760 omnis
1385 1695 1550 1780 [,qui
1599 1696 1912 1779 populum
1957 1695 2360 1775 Romanum]

332 1787 469 1852 vita
530 1785 785 1871 privare
849 1784 1069 1850 conati
1134 1788 1310 1867 sunt,
1376 1785 1487 1868 qui
1539 1783 1750 1849 delere
1804 1782 2178 1866 imperium,
2244 1785 2364 1868 qui

330 1874 567 1975 populi·
602 1873 887 1939 Romani
932 1894 1170 1939 nomen
1224 1871 1628 1958 extinguere,
1682 1875 1996 1955 punctum
2038 1871 2360 1956 temporis

330 1964 461 2029 frui
506 1962 644 2027 vita
698 1966 765 2027 et
816 1962 941 2026 hoc
986 1961 1314 2026 communi
1359 1961 1596 2046 spiritu
1641 1983 1772 2025 non
1817 1964 2008 2043 putat
2053 1964 2362 2062 oportere
2393 1975 2451 2014 2⁰

336 2056 531 2138 atque
569 2051 695 2115 hoc
741 2071 945 2135 genus
991 2071 1238 2133 poenae
1277 2071 1468 2133 saepe
1506 2050 1576 2113 in
1603 2049 1918 2132 inprobos
1945 2048 2104 2113 civis
2135 2049 2203 2112 in
2233 2048 2362 2113 hac

334 2163 403 2207 re
444 2139 706 2223 publica
743 2159 883 2203 esse
920 2140 1304 2221 usurpatum
1342 2137 1734 2202 recordatur.
1807 2137 1996 2201 Alter
2033 2136 2364 2221 intellegit

335 2232 612 2294 mortem
669 2227 751 2292 ab
800 2225 898 2290 dis
943 2225 1402 2291 inmortalibus
1447 2247 1580 2290 non
1626 2246 1764 2290 esse
1811 2224 2116 2310 supplicii
2162 2246 2365 2290 causa

336 2316 778 2397 constitutam,
816 2314 930 2379 sed
966 2318 1081 2378 aut
1114 2314 1571 2379 necessitatem
1607 2317 1878 2378 naturae
1917 2318 2031 2378 aut
2057 2313 2364 2378 laborum

338 2428 411 2471 ac
438 2405 844 2469 miseriarum
874 2401 1156 2486 quietem
1184 2423 1343 2465 esse.
1389 2402 1620 2486 Itaque
1653 2423 1797 2466 eam
1827 2402 2154 2487 sapientes
2173 2424 2362 2467 num·
2393 2414 2454 2457 25

338 2515 531 2577 quam
577 2490 789 2573 inviti,
834 2490 1037 2554 fortes
1084 2510 1278 2572 saepe
1314 2489 1514 2554 etiam
1551 2490 1850 2555 lubenter
1884 2489 2365 2574 oppetiverunt.

335 2579 617 2644 Vincula
661 2599 843 2661 vero,
899 2582 965 2642 et
1011 2599 1087 2642 ea
1134 2578 1556 2661 sempiterna,
1612 2582 1784 2643 certe
1830 2577 1912 2642 ad
1958 2578 2366 2662 singularem

336 2688 613 2752 poenam
659 2665 893 2729 nefarii
940 2665 1195 2729 sceleris
1240 2666 1509 2730 inventa
1555 2670 1723 2732 sunt.
1813 2664 2184 2750 Municipiis
2233 2666 2367 2730 dis·

339 2754 571 2855 pertiri
614 2754 812 2817 iubet.
892 2751 1152 2818 Habere
1196 2752 1454 2818 videtur
1498 2754 1630 2819 ista
1672 2774 1777 2818 res
1823 2754 2258 2838 iniquitatem,
2307 2755 2368 2818 si

338 2843 658 2925 imperare
710 2841 902 2923 velis,
967 2841 1440 2943 difficultatem,
1495 2842 1552 2905 si
1606 2863 1858 2927 rogare.
1957 2842 2368 2907 Decernatur
2397 2858 2459 2899 ³⁰

266 2946 303 2995 8
340 2934 585 3031 tamen,
640 2928 698 2993 si
751 2929 985 3013 placet.
1075 2928 1220 3014 Ego
1268 2930 1442 2994 enim
1490 2931 1840 3014 suscipiam
1887 2934 1981 3014 et,
2033 2934 2109 2994 ut
2155 2951 2371 3015 spere,

340 3019 685 3119 reperiam,
744 3016 856 3101 qui
911 3017 1004 3100 id,
1059 3016 1231 3102 quod
1286 3018 1518 3083 salutis
1577 3019 1866 3085 omnium
1919 3040 2117 3084 causa
2164 3023 2371 3084 statu-

342 3107 548 3189 eritis,
604 3127 734 3170 non
781 3108 1013 3190 putent
1057 3126 1199 3170 esse
1248 3127 1402 3170 suae
1448 3106 1788 3208 dignitatis
1834 3128 2145 3173 recusare.
2238 3105 2372 3171 Ad-

340 3196 555 3280 iungit
599 3214 865 3280 gravem
910 3215 1188 3277 poenam
1235 3194 1626 3279 municipiiS,
1672 3194 1730 3259 si
1774 3194 1919 3280 quis
1967 3216 2192 3261 eorum
2233 3193 2372 3260 vin-

342 3284 487 3347 cula
532 3281 803 3366 ruperit,
848 3282 1199 3347 horribiles
1247 3283 1576 3347 custodias
1623 3283 1982 3348 circumdat
2029 3287 2095 3347 et
2131 3281 2370 3367 dignas
2397 3300 2454 3341 ³5

343 3372 581 3437 scelere
639 3371 975 3436 hominum
1033 3371 1463 3456 perditorum3
1519 3371 1755 3455 sancit,
1808 3393 1889 3437 ne
1947 3371 2092 3456 quis
2141 3392 2374 3437 eorum

338 3481 644 3545 poenam,
698 3480 859 3545 quos
916 3459 1332 3545 condemnat,
1389 3471 1499 3525 aut
1551 3481 1668 3544 per
1727 3464 2025 3525 senatum
2081 3464 2196 3526 aut
2251 3483 2375 3544 per

254 1227 286 1274 7
