2534 3875
237 684 308 735 68

241 2038 332 2102 24

241 2116 310 2164 69

239 3325 308 3375 70

339 1749 526 1791 mam
582 1727 975 1811 gravitatem
1023 1748 1164 1791 esse
1209 1728 1642 1813 cognovistis,
1698 1730 1798 1793 est
1846 1726 1914 1793 O.
1962 1725 2245 1808 Cassius,
2292 1726 2395 1791 in·-

343 174 432 239 98
755 172 854 229 ΒΕ
891 172 1202 229 IMPERIO
1244 173 1361 231 CN.
1379 172 1660 229 POMPEI
1695 171 1987 262 ORATIO.
2512 0 2523 295 1

345 316 837 383 condicionibus
907 317 1435 403 proficiscantur,
1507 318 1824 404 ignorant
1885 315 2193 382 videlicet
2254 316 2393 399 isti,

347 404 460 489 qui
514 404 598 469 ad
651 428 853 471 unum
913 405 1261 471 deferenda
1316 404 1538 471 omnia
1594 426 1736 470 esse
1780 426 1916 470 non
1963 405 2389 470 arbitrantur.

346 490 549 568 Quasi
603 515 758 559 vero
818 492 930 557 On.
987 493 1372 577 Pompeium
1426 515 1562 559 non
1616 514 1765 559 cum
1821 494 1956 557 suis
2014 493 2388 575 virtutibus,

345 584 488 645 tum
580 583 779 647 etiam
862 581 1096 646 alienis
1169 581 1351 646 vitiis
1433 602 1747 667 magnum
1820 602 1962 646 esse
2034 580 2386 646 videamus.

347 667 560 744 Quare
615 670 823 736 nolite
873 668 1203 752 dubitare,
1259 670 1419 755 quin
1462 669 1615 734 huic
1659 668 1773 734 uni
1820 668 2099 734 credatis
2147 669 2387 752 omnia,
2418 687 2452 728 5

349 756 461 841 qui
517 756 691 823 inter
736 761 839 823 tot
884 778 1089 823 annos
1136 780 1304 823 unus
1351 758 1653 823 inventus
1702 758 1815 839 sit,
1872 779 2064 841 quem
2112 757 2273 823 socii
2316 757 2389 821 in

345 846 542 910 urbes
591 868 742 910 suas
791 868 939 911 cum
986 846 1275 911 exercitu
1319 847 1575 911 venisse
1624 846 1970 933 gaudeant.

483 931 730 1007 Quodsi
779 934 1283 999 auctoritatibus
1328 934 1497 1000 hanc
1543 955 1839 1018 causam,
1887 933 2192 1018 Quirites,
2238 955 2391 1000 con-

345 1022 736 1087 firmandam
779 1022 1049 1107 putatis,
1097 1026 1198 1087 est
1241 1022 1429 1087 vobis
1475 1026 1704 1088 auctor
1748 1022 1848 1087 vir
1891 1021 2213 1087 bellorum
2251 1044 2391 1087 om·-

347 1110 531 1175 nium
578 1110 1138 1193 maximarumque
1184 1132 1403 1175 rerum
1450 1110 1910 1195 peritissimae,
1955 1108 2025 1175 P.
2056 1109 2390 1191 Servilius,
2420 1128 2480 1167 10

349 1196 532 1263 cuius
587 1202 816 1261 tantae
871 1220 975 1263 res
1025 1202 1250 1283 gestae
1296 1202 1477 1263 terra
1522 1198 1815 1284 marique
1862 1198 2240 1282 extiterunt,
2296 1203 2393 1282 ut,

347 1307 498 1351 cum
566 1286 645 1349 de
699 1285 877 1351 bello
933 1287 1334 1369 deliberetis,
1400 1291 1626 1353 auctor
1678 1286 1867 1352 vobis
1928 1286 2191 1373 gravior
2244 1307 2393 1351 esse

347 1395 540 1439 nemo
590 1374 848 1458 debeat3
907 1378 1008 1440 est
1054 1373 1124 1440 O.
1171 1374 1396 1453 Curio,
1452 1376 1725 1441 summis
1770 1375 2011 1440 vestris
2056 1374 2393 1440 beneficiis

349 1462 778 1546 maximisque
823 1464 1020 1528 rebus
1067 1464 1295 1549 gestiS,
1341 1485 1595 1529 summo
1634 1462 1900 1549 ingenio
1940 1466 2007 1527 et
2042 1462 2395 1548 prudentia

347 1550 712 1635 praedituS,
767 1555 868 1615 est
925 1549 1040 1616 On.
1085 1550 1430 1634 Lentulus,
1483 1551 1552 1616 in
1608 1572 1736 1635 quo
1790 1572 2015 1617 omnes
2071 1572 2191 1637 pro
2252 1573 2390 1615 am·
2424 1568 2481 1609 15

347 1638 665 1722 plissimis
712 1638 952 1705 vestris
1006 1639 1365 1705 honoribus
1412 1662 1737 1704 summum
1782 1640 2157 1723 consilium,
2212 1660 2391 1704 sum-

349 1815 678 1900 tegritate,
725 1817 998 1897 virtute,
1046 1816 1417 1881 constantia
1462 1816 1799 1902 singulari.
1891 1813 2107 1891 Quare
2151 1814 2395 1898 videte,

347 1902 585 1970 horum
631 1903 1136 1970 auctoritatibus
1173 1904 1440 1970 illorum
1477 1904 1778 1988 orationi,
1825 1903 1939 1989 qui
1974 1902 2393 1988 dissentiunt,
2521 1955 2522 1984 2

349 1992 820 2077 responderene
862 2014 1057 2077 posse
1103 1993 1459 2058 videamur.
2422 2012 2479 2052 20

486 2079 665 2156 Quae
711 2103 859 2146 cum
904 2080 1002 2144 ita
1047 2079 1198 2165 sint,
1244 2080 1314 2146 C.
1342 2081 1590 2167 Manili,
1636 2081 1921 2167 primum
1965 2080 2165 2146 istam
2201 2084 2393 2146 tuam

349 2173 417 2233 et
462 2169 680 2252 legem
727 2172 795 2233 et
829 2168 1240 2234 voluntatem
1282 2173 1348 2234 et
1386 2171 1778 2235 sententiam
1815 2170 2009 2235 laudo
2047 2169 2394 2234 vehemen-

347 2257 730 2340 tissimeque
795 2258 1178 2342 comprob03
1242 2257 1472 2322 deinde
1536 2262 1603 2323 te
1666 2260 1928 2341 hortor,
1989 2260 2064 2322 ut
2120 2260 2393 2323 auctore

347 2345 594 2430 populo
643 2344 937 2410 Romano
994 2367 1260 2410 maneas
1307 2346 1377 2411 in
1424 2348 1749 2412 sententia
1793 2367 1956 2412 neve
2003 2345 2393 2430 cuiusquam
2520 2399 2522 2420 ἑ

347 2433 482 2497 vim
529 2436 642 2498 aut
687 2433 897 2497 minas
946 2433 1387 2516 pertimescas.
1458 2433 1753 2499 Primum
1798 2436 1869 2499 in
1912 2437 1981 2498 te
2028 2434 2191 2498 satis
2239 2454 2387 2498 esse
2420 2449 2474 2490 25
2520 2435 2522 2496 ἒ

349 2520 553 2585 animi
596 2521 1248 2606 perseverantiaeque
1297 2522 1607 2606 arbitron
1652 2522 1899 2604 deinde,
1947 2544 2093 2587 cum
2130 2524 2392 2586 tantam
2520 2535 2522 2548 ¹

349 2607 841 2673 multitudinem
924 2631 1071 2674 cum
1151 2613 1342 2675 tanto
1426 2611 1644 2675 studio
1728 2611 1955 2675 adesse
2028 2610 2391 2694 videamuS,

350 2699 663 2781 quantam
717 2697 957 2761 iterum
1013 2719 1184 2762 nunc
1241 2697 1313 2761 in
1369 2699 1594 2763 eodem
1638 2698 1903 2763 homine
1949 2699 2388 2784 praeficiendo

346 2783 670 2867 videmuS,
728 2784 884 2868 quid
932 2787 1058 2869 est,
1105 2785 1280 2870 quod
1326 2790 1439 2852 aut
1484 2786 1562 2851 de
1608 2808 1678 2851 re
1727 2791 1841 2851 aut
1886 2787 1965 2850 de
2010 2785 2391 2870 perficiendi

345 2872 663 2936 facultate
711 2872 1127 2938 dubitemus?
1190 2873 1341 2959 Ego
1388 2878 1626 2958 autem,
1674 2875 1981 2960 quicquid
2028 2877 2130 2938 est
2172 2873 2246 2937 in
2280 2897 2389 2938 me
2419 2892 2475 2932 30
2521 2877 2522 2880 ’

348 2959 567 3042 studii,
613 2960 885 3043 consilii,
929 2960 1198 3044 laboris,
1243 2963 1509 3048 ingenii,
1557 2962 1863 3046 quicquid
1908 2963 2033 3028 hoc
2069 2961 2387 3028 beneficio

345 3047 576 3132 populi
611 3011 893 3113 Romani
931 3052 1126 3133 atque
1162 3049 1289 3115 hac
1324 3054 1654 3134 potestate
1690 3051 2041 3137 praetoria,
2077 3051 2387 3136 quicquid

348 3135 757 3219 auctoritate,
803 3137 947 3220 fide,
994 3138 1369 3203 constantia
1412 3161 1701 3224 possum,
1744 3138 1811 3203 id
1859 3160 2049 3204 omne
2094 3138 2176 3203 ad
2212 3137 2387 3204 hanc

346 3245 486 3288 rem
533 3225 997 3290 conficiendam
1043 3226 1170 3290 tibi
1216 3229 1285 3290 et
1329 3228 1573 3311 populo
1612 3227 1908 3292 Romano
1956 3227 2272 3311 polliceor
2309 3249 2387 3292 ac

349 3312 567 3376 defero
615 3317 956 3398 testorque
993 3336 1218 3379 omnes
1259 3314 1433 3400 deos,
1479 3319 1545 3380 et
1584 3337 1694 3380 eos
1734 3315 2034 3397 maxime,
2081 3314 2196 3399 qui
2228 3314 2385 3380 huic
2414 3332 2472 3373 35
2521 3391 2522 3400 ἒ

347 3400 492 3464 loco
529 3402 908 3487 temploque
945 3401 1339 3487 praesident,
1378 3404 1491 3488 qui
1529 3403 1820 3468 omnium
1858 3408 2107 3468 mentes
2138 3425 2386 3485 eorum,
2521 3427 2522 3434 ¹

349 3488 460 3572 qui
507 3487 590 3553 ad
635 3511 774 3553 rem
818 3490 1149 3575 publicam
1190 3491 1449 3577 adeunt,
1495 3491 1774 3556 maxime
1810 3491 2233 3577 perspiciunt,
2278 3513 2385 3556 me
