2534 3875
290 201 426 265 470
576 201 673 255 DE
710 200 919 257 DOMO
958 199 1099 256 SUA
1136 200 1234 254 AD
1273 199 1699 257 PONTIFICES
1738 201 2026 258 ORATIO.

292 345 465 410 enim
522 348 636 409 aut
680 349 819 410 tam
864 345 1189 429 adrogans
1236 367 1432 430 quam
1478 345 1556 410 de
1601 345 1944 431 religione,
2000 347 2079 412 (16
2125 347 2324 412 rebus

292 433 547 516 divinis,
584 433 1012 515 caerimoniis,
1050 433 1253 498 sacris
1291 433 1674 517 pontificum
1713 435 2064 519 collegium
2093 434 2325 500 docere

292 521 511 586 conari
559 525 673 585 aut
717 525 857 586 tam
905 521 1181 586 stultum
1221 544 1436 605 quam,
1483 521 1540 585 si
1585 521 1730 606 quis
1779 522 1934 604 quid
1978 523 2048 586 in
2083 522 2324 587 vestris

292 609 479 673 libris
536 610 885 693 invenerit,
938 609 1006 673 id
1059 630 1324 674 narrare
1378 609 1566 674 vobis
1623 614 1738 674 aut
1791 613 1930 674 tam
1992 611 2319 676 curiosum

294 719 489 781 quam
555 718 633 762 ea
690 697 855 762 scire
919 697 1113 779 velle,
1178 697 1255 760 de
1314 697 1547 780 quibus
1602 698 1882 762 maiores
1939 697 2152 762 nostri
2206 719 2323 763 vos
2351 713 2380 753 ⁵

193 785 273 850 13
296 785 471 850 solos
526 788 593 849 et
648 784 899 849 consuli
955 788 1021 849 et
1077 784 1241 849 scire
1296 785 1685 850 voluerunt?
1782 784 1971 887 Nego
2026 785 2324 871 potuisse

294 874 432 938 iure
485 872 777 958 publico,
832 872 1088 957 legibus
1143 872 1255 956 iis,
1309 873 1544 957 quibus
1601 873 1760 938 haec
1816 873 2046 938 civitas
2093 874 2324 957 utitur,

294 982 682 1046 quemquam
728 960 933 1025 civem
979 960 1117 1025 ulla
1152 960 1291 1024 eius
1330 961 1506 1025 modi
1543 961 1916 1026 calamitate
1953 961 2144 1026 adfici
2185 963 2324 1026 sine

294 1049 559 1132 iudici03
624 1047 747 1113 hoc
810 1047 971 1112 iuris
1034 1047 1105 1112 in
1165 1048 1290 1113 hac
1354 1048 1618 1114 civitate
1684 1050 1882 1114 etiam
1937 1054 2108 1131 tum,
2175 1072 2323 1115 cum

294 1158 481 1223 reges
529 1139 773 1219 essent,
819 1135 961 1200 dico
1005 1135 1237 1219 fuisse,
1284 1135 1408 1201 hoc
1453 1137 1643 1202 nobis
1691 1159 1832 1201 esse
1879 1159 1919 1203 a
1963 1137 2324 1203 maioribus
2351 1156 2408 1195 ιο

293 1224 628 1308 traditum,
672 1224 797 1289 hoc
843 1245 984 1288 esse
1032 1223 1306 1308 denique
1351 1226 1689 1310 proprium
1732 1225 1977 1291 liberae
2012 1225 2325 1309 civitatis,

294 1315 367 1377 ut
411 1311 576 1376 nihil
622 1311 699 1376 de
746 1311 958 1395 capite
996 1312 1155 1376 civis
1195 1315 1310 1376 aut
1346 1313 1423 1377 (16
1460 1313 1652 1377 bonis
1691 1313 1829 1378 sine
1865 1313 2102 1378 iudicio
2143 1335 2324 1378 sena-

292 1403 401 1465 tus
449 1403 562 1464 aut
604 1400 833 1501 populi
872 1403 985 1464 aut
1024 1422 1267 1482 eorum,
1315 1400 1426 1483 qui
1464 1401 1541 1465 de
1580 1422 1835 1485 quaque
1870 1423 1939 1465 re
1977 1402 2326 1466 constituti

188 1505 258 1554 34
293 1488 536 1552 iudices
582 1488 737 1572 sint,
783 1488 1037 1552 detrahi
1082 1451 1309 1572 possit.
1381 1487 1663 1553 Videsne
1701 1511 1805 1553 me
1840 1510 1972 1554 non
2008 1489 2324 1554 radicitus

295 1577 567 1642 evellere
619 1576 832 1641 omnis
881 1577 1166 1640 actiones
1212 1581 1360 1640 tuas
1406 1597 1613 1661 neque
1658 1576 1825 1641 illud
1871 1598 2091 1663 agere,
2149 1577 2327 1661 quod
2353 1594 2408 1634 ¹5

296 1668 595 1750 apertum
640 1668 759 1742 est,
804 1667 871 1728 te
919 1663 1181 1729 omnino
1227 1662 1391 1727 nihil
1431 1664 1711 1747 gessisse
1749 1667 1906 1749 iure,
1951 1687 2083 1729 non
2119 1665 2327 1730 fuisse

293 1753 631 1817 tribunum
671 1752 780 1836 pl.,
824 1751 1015 1816 hodie
1053 1772 1192 1816 esse
1229 1752 1626 1837 patricium?
1701 1752 1862 1817 Dico
1905 1753 2074 1837 apud
2112 1754 2328 1838 ponti·

294 1842 474 1922 ficeS,
530 1859 806 1925 augures
864 1839 1125 1920 adsunt3
1178 1860 1403 1904 versor
1461 1841 1525 1904 in
1583 1839 1796 1906 medio
1851 1842 1992 1905 iure
2041 1841 2327 1925 publico,

428 1927 614 2005 Quod
659 1931 775 2011 681,
820 1928 1177 2013 pontifices,
1221 1927 1324 1992 ius
1371 1927 1783 2012 adoptionis?
1855 1926 2108 2015 Nempe
2154 1933 2230 1995 ut
2265 1931 2328 1995 is

295 2016 592 2102 adoptet,
660 2017 771 2101 qui
825 2037 1033 2100 neque
1087 2037 1431 2098 procreare
1486 2017 1618 2081 iam
1674 2017 1917 2082 liberos
1972 2018 2185 2102 possit
2239 2022 2329 2101 et,
2357 2036 2414 2075 2⁰

294 2127 439 2170 cum
485 2106 796 2190 potuerit,
844 2104 932 2168 sit
979 2107 1299 2188 expertus,
1371 2104 1549 2179 Quae
1595 2104 1823 2170 deinde
1859 2127 2056 2170 causa
2093 2106 2328 2190 cuique

296 2194 383 2257 sit
428 2193 815 2276 adoptionis,
864 2213 1027 2275 quae
1072 2193 1244 2257 ratio
1285 2212 1596 2277 generum
1635 2214 1710 2257 ac
1747 2192 2109 2277 dignitatis,
2157 2216 2328 2277 quae

295 2303 655 2364 sacrorum,
710 2280 935 2365 quaeri
994 2302 1034 2343 a
1086 2280 1466 2365 pontificum
1523 2280 1802 2366 collegio
1859 2282 2043 2346 solet.
2155 2280 2329 2357 Quid

296 2373 396 2434 est
459 2369 694 2433 horum
760 2368 829 2431 in
893 2367 1023 2433 ista
1088 2367 1438 2451 adoptione
1506 2368 1915 2452 quaesitum?
2024 2368 2328 2454 Adoptat

297 2478 501 2521 annos
548 2456 785 2542 viginti
829 2459 1046 2540 natus,
1092 2455 1290 2520 etiam
1328 2456 1560 2538 minor,
1609 2459 1993 2521 senatorem.
2057 2456 2326 2522 Libero·
2357 2474 2407 2515 2⁵

294 2566 521 2608 rumne
578 2543 816 2608 causa?
919 2542 1014 2608 At
1065 2565 1407 2628 procreare
1463 2547 1708 2627 potest3
1777 2543 1976 2609 habet
2036 2566 2328 2628 uxorem,

296 2632 607 2716 suscipiet
644 2653 719 2695 ex
758 2653 835 2695 ea
870 2631 1140 2717 liberos3
1178 2631 1598 2696 exheredabit
1633 2632 1835 2716 igitur
1871 2636 2060 2717 pater
2096 2633 2326 2698 filium.

191 2716 317 2807 (35)
339 2718 549 2795 Quid?
598 2740 781 2784 sacra
818 2717 1084 2819 Clodiae
1132 2719 1348 2805 gentis
1396 2742 1510 2784 eur
1545 2719 1892 2802 intereunt,
1937 2720 2168 2804 quod
2147 2742 2218 2785 m
2253 2724 2326 2786 16

296 2809 439 2872 est?
505 2829 669 2892 quae
733 2806 945 2872 omnis
1009 2810 1190 2872 notio
1245 2807 1653 2892 pontificum,
1717 2830 1862 2873 cum
1918 2808 2326 2893 adoptarere,

190 2912 259 2961 35
298 2918 438 2961 esse
486 2895 725 2960 debuit.
807 2893 957 2959 Nisi
1004 2896 1173 2960 forte
1220 2916 1299 2959 ex
1344 2899 1410 2958 16
1455 2896 1552 2959 ita
1598 2897 1962 2978 quaesitum
2000 2900 2120 2980 est,
2165 2919 2325 2962 num
2355 2914 2405 2953 ³⁰

294 2983 679 3068 perturbare
751 3004 889 3048 rem
951 2983 1282 3067 publicam
1348 2983 1774 3054 seditionibus
1838 2984 2038 3048 velles
2104 2988 2172 3048 et
2238 2986 2326 3050 ob

296 3094 437 3137 eam
503 3093 764 3137 causam
820 3070 1147 3155 adoptari,
1207 3091 1338 3136 non
1396 3074 1469 3135 ut
1525 3070 1661 3135 eius
1716 3070 1888 3135 filius
1943 3092 2145 3155 68868,
2210 3073 2326 3139 86(1

295 3164 369 3225 01
423 3160 724 3225 tribunus
770 3159 857 3242 pl.
909 3159 1097 3223 fieres
1154 3162 1219 3222 et
1263 3158 1554 3223 funditus
1601 3162 1922 3223 everteres
1969 3160 2326 3226 civitatem.

295 3248 742 3349 Respondoisti,
806 3247 1023 3329 credo,
1087 3252 1153 3311 16
1217 3248 1314 3310 ita
1367 3247 1555 3311 velle.
1656 3246 2079 3312 Pontificibus
2146 3249 2325 3314 bona

296 3358 493 3401 causa
546 3336 685 3400 visa
741 3338 869 3417 est3
924 3334 1468 3419 adprobaverunt.
1558 3332 1710 3399 Non
1756 3338 1937 3399 aetas
1984 3335 2150 3415 eiuS‚
2206 3339 2324 3420 qui
2351 3352 2404 3394 ³5

297 3423 677 3507 adoptabat,
724 3426 825 3486 est
872 3422 1195 3505 quaesita,
1240 3424 1316 3485 ut
1358 3422 1430 3485 in
1474 3419 1590 3486 On.
1638 3422 1916 3506 Aufidio,
1961 3420 2048 3487 M.
2094 3387 2324 3509 P’upio‚

297 3530 570 3592 quorum
649 3513 923 3593 uterque
990 3513 1218 3574 nostra
1286 3510 1600 3573 memoria
1668 3532 1922 3575 summa
1990 3516 2322 3577 senectute
