2534 3875
855 156 1006 213 CAP.
1049 163 1257 215 16—18
1298 164 1327 224 ς
1365 164 1577 214 43-49
2114 159 2245 225 205

209 303 400 368 illum
455 303 676 387 ipsum
730 302 973 386 locum,
1029 324 1158 388 quo
1205 303 1482 386 venerit,
1537 302 1723 368 illam
1768 303 1980 387 ipsam
2028 304 2245 371 sedem

211 391 642 476 hospitalem,
695 389 766 455 in
816 412 1013 475 quam
1068 391 1192 455 erit
1245 391 1585 473 deductus,
1642 391 1975 476 publicam
2018 394 2246 478 populi

209 479 496 545 Romani
565 500 706 544 esse
762 478 956 544 dicet!
1032 479 1126 543 At
1179 485 1427 563 quanta
1482 479 1823 545 calamitas
1878 481 2134 565 populi,
2190 481 2245 545 si

211 567 472 651 dixerit,
508 570 790 651 quantus
826 567 956 652 ipsi
992 571 1322 651 quaestus,
1358 568 1417 632 si
1452 568 1739 652 negarit!
1807 567 2027 651 Atque
2054 568 2245 652 idem,

157 673 186 714 ο
214 656 329 740 qui
372 656 537 720 haec
583 658 920 739 appetunt,
965 656 1149 740 queri
1192 677 1330 721 non
1372 677 1725 740 numquam
1772 657 1988 721 solent
2033 656 2244 721 omnis

211 746 428 808 terras
476 742 592 809 Cn.
618 743 928 827 Pompeio
977 747 1176 828 atque
1221 744 1440 809 omnia
1484 744 1695 809 maria
1730 765 1872 809 esse
1908 744 2241 827 permissa.

213 831 446 897 Simile
491 853 645 896 vero
703 837 803 895 est
857 831 1070 896 multa
1126 832 1453 897 committi
1498 836 1565 896 et
1612 833 1966 898 condonari
2011 834 2246 914 omnia,

213 919 429 985 labori
467 923 534 984 et
560 919 825 1004 negotio
855 920 1169 1005 praeponi
1197 942 1283 985 an
1310 920 1589 1005 praedae
1617 924 1686 985 et
1714 920 2029 1005 quaestui,
2066 921 2245 986 mitti

217 1008 302 1073 ad
355 1007 568 1073 socios
629 1008 1004 1073 liberandos
1060 1030 1147 1073 an
1210 1009 1291 1074 ad
1347 1008 1835 1093 opprimendos!
1930 1009 2245 1093 Denique,

133 1116 189 1155 ιο
217 1096 274 1160 si
331 1096 444 1180 qui
503 1099 607 1161 est
655 1096 864 1162 honos
921 1096 1302 1182 singularia,
1363 1097 1612 1163 nihilne
1667 1097 1969 1180 interest,
2021 1101 2244 1163 utrum

213 1185 498 1268 populus
544 1183 876 1249 Romanus
933 1207 1109 1268 eum,
1167 1185 1271 1250 cui
1317 1185 1504 1266 velit,
1558 1184 1837 1270 deferat,
1894 1208 1977 1251 an
2021 1186 2079 1251 is
2124 1187 2240 1251 im·

214 1273 533 1358 pudenter
559 1274 802 1358 populo
822 1272 1118 1338 Romano
1146 1295 1261 1357 per
1290 1273 1456 1358 legis
1483 1235 1778 1338 i'raudem
1808 1274 2243 1360 surripiatur?
2268 1325 2350 1390 18

348 1360 803 1443 Intellexistis,
862 1365 1022 1446 quot
1076 1383 1180 1426 res
1237 1365 1303 1425 et
1358 1365 1635 1445 quantas
1683 1362 2032 1427 decemviri
2078 1363 2243 1448 legis
2283 1403 2351 1453 4⁷

215 1450 541 1533 permissu
584 1449 913 1515 vendituri
971 1449 1122 1517 sint.
1209 1449 1363 1514 Non
1410 1452 1511 1514 est
1548 1449 1729 1514 satis.
1820 1448 1984 1515 Cum
2032 1472 2101 1515 se
2148 1473 2245 1516 so-

135 1556 188 1597 15
217 1538 484 1621 ciorum,
520 1559 667 1603 cum
704 1542 1072 1603 exterarum
1099 1538 1461 1620 nationum,
1497 1560 1643 1603 cum
1671 1558 1900 1622 regum
1928 1538 2246 1623 sanguine

217 1625 580 1710 implerint,
631 1626 923 1691 incidant
975 1648 1212 1692 nervos
1257 1588 1487 1711 populi
1532 1625 1837 1709 Romani,
1895 1625 2248 1692 adhibeant

217 1734 448 1778 manus
511 1714 942 1799 vectigalibus
1005 1715 1271 1798 vestris,
1333 1716 1702 1799 irrumpant
1774 1714 1847 1781 in
1908 1714 2249 1780 aerarium.

221 1800 526 1887 Sequitur
571 1803 744 1867 enim
789 1805 1004 1888 caput,
1052 1824 1178 1887 quo
1227 1802 1442 1887 capite
1484 1825 1568 1867 ne
1604 1801 1929 1886 permittit
1968 1802 2245 1887 quidem,

221 1890 278 1955 si
348 1891 520 1957 forte
585 1890 753 1956 desit
816 1892 1114 1976 pecunia,
1188 1912 1355 1976 quae
1418 1894 1606 1957 tanta
1664 1912 1743 1956 ex
1803 1890 2245 1976 superioribus

135 2000 192 2040 so
219 1979 422 2064 recipi
465 1983 714 2065 potest,
759 1984 834 2045 ut
878 1980 1101 2046 deesse
1146 2002 1281 2046 non
1326 1980 1585 2064 debeat,
1631 1978 1771 2065 sed,
1815 1980 2011 2063 plane
2058 1979 2243 2064 quasi

221 2089 296 2133 ea
341 2090 446 2133 res
494 2069 682 2133 vobis
721 2068 922 2133 saluti
956 2069 1179 2134 futura
1217 2068 1324 2153 sit,
1368 2069 1467 2134 ita
1502 2069 1683 2154 cogit
1720 2071 1915 2153 atque
1950 2068 2247 2152 imperat,

219 2161 293 2220 ut
367 2156 714 2222 decemviri
785 2160 1006 2222 vestra
1068 2157 1419 2242 vectigalia
1482 2157 1765 2222 vendant
1835 2156 2246 2220 nominatim.

220 2243 430 2320 Quam
474 2248 550 2309 tu
595 2244 760 2309 mihi
797 2267 875 2310 ex
911 2245 1135 2310 ordine
1171 2245 1377 2310 recita
1413 2245 1491 2310 de
1528 2244 1697 2331 legis
1736 2243 1981 2328 scripto
2017 2244 2247 2330 populi
2284 2262 2353 2313 48

219 2332 499 2398 Romani
573 2333 966 2417 auctionem3
1036 2356 1230 2418 quam
1305 2334 1673 2398 mehercule
1752 2353 1874 2418 ego
1940 2333 2249 2418 praeconi

0 2437 2 2442 ·
136 2439 192 2480 25
219 2421 371 2486 huic
405 2420 537 2506 ipsi
564 2421 930 2487 luctuosam
959 2425 1026 2486 et
1053 2423 1357 2487 acerbam
1383 2420 1931 2506 praedicationem
1958 2421 2248 2486 futuram

219 2514 398 2594 puto.
425 2545 514 2556 -—
544 2509 637 2574 Ut
681 2511 750 2573 in
798 2510 931 2575 suis
978 2510 1192 2594 rebus,
1233 2511 1385 2574 ita
1366 2532 1438 2575 ιιι
1472 2531 1541 2574 re
1579 2509 1842 2594 publica
1877 2510 2248 2575 luxuriosus
2305 2510 2312 2516 “

217 2619 443 2682 nepos,
488 2597 600 2683 qui
645 2597 822 2681 prius
872 2599 1070 2664 silvas
1116 2598 1357 2664 vendat
1402 2620 1597 2682 quam
1642 2597 1893 2662 vineas!
1982 2596 2248 2663 Italiam

220 2685 686 2770 percensuisti,
726 2707 927 2772 perge
980 2686 1052 2751 in
1107 2685 1417 2752 Siciliam.
1476 2723 1552 2734 —
1608 2685 1793 2750 Nihil
1848 2689 1951 2752 est
2002 2686 2073 2751 in
2126 2686 2250 2752 hac

221 2774 582 2858 provincia,
640 2774 814 2858 quod
867 2779 982 2840 aut
1033 2775 1104 2838 in
1157 2775 1413 2860 oppidis
1471 2778 1584 2839 aut
1628 2775 1701 2839 in
1744 2774 1923 2875 agris
1970 2775 2249 2840 maiores

0 2918 2 2934 .
137 2882 196 2921 30
219 2863 432 2928 nostri
503 2863 842 2948 proprium
915 2863 1106 2927 nobis
1178 2863 1587 2947 reliquerint,
1661 2863 1819 2947 quin
1888 2862 1957 2926 id
2028 2864 2249 2931 venire

220 2950 460 3017 iubeat.
551 2949 737 3026 Quod
791 2955 1054 3036 partum
1108 2952 1354 3017 recenti
1399 2950 1675 3016 victoria
1730 2950 2009 3016 maiores
2058 2952 2247 3015 vobis
2286 2967 2353 3016 49

219 3039 290 3104 in
343 3039 671 3107 sociorum
723 3038 996 3104 urbibus
1054 3061 1128 3105 ac
1181 3040 1420 3104 finibus
1476 3043 1543 3104 et
1579 3039 1910 3104 vinculum
1955 3038 2135 3122 pacis
2182 3044 2249 3102 et

220 3133 714 3194 monumentum
740 3128 901 3192 belli
927 3127 1347 3212 reliquerunt,
1392 3128 1460 3193 id
1487 3150 1604 3193 vos
1635 3127 1717 3192 ab
1746 3126 1881 3190 illis
1911 3129 2249 3208 acceptum

220 3217 344 3282 hoc
409 3219 671 3282 auctore
736 3216 1074 3282 vendetis?
1174 3215 1301 3281 Hic
1365 3216 1528 3284 mihi
1593 3235 1941 3299 parumper
1994 3218 2246 3278 mentes

124 3322 194 3364 285
221 3309 503 3389 vestras,
565 3303 880 3388 Quirites,
943 3326 1352 3370 commovere
1404 3303 1653 3385 videor,
1718 3302 1872 3366 dum
1925 3301 2245 3402 patefacio

221 3394 429 3477 vobis,
474 3415 634 3478 quas
678 3393 794 3457 isti
838 3393 1098 3477 penitus
1137 3393 1477 3458 abstrusas
1522 3389 1793 3454 insidias
1842 3411 1911 3454 se
1953 3389 2248 3473 posuisse

223 3483 630 3548 arbitrantur
687 3486 916 3546 contra
961 3479 1074 3546 On.
1121 3479 1395 3564 Pompei
1440 3478 1843 3588 dignitatem.
1934 3477 2024 3542 Et
2068 3476 2248 3560 mihi,
