2534 3875
757 174 910 230 CAP.
951 181 1156 231 18-21
1197 181 1228 242 ς
1263 181 1493 231 48--54.
1970 176 2101 241 477

67 339 396 402 nusquam
457 322 576 384 est.
665 318 908 383 Verum
955 317 1069 403 sit3
1125 318 1324 402 quid?
1379 341 1645 404 operum
1692 320 2099 405 publicorum

71 407 344 491 exacti0,
387 405 586 490 quid?
623 407 907 472 nominis
934 407 1273 492 inscriptio
1301 407 1427 472 tibi
1454 429 1611 473 num
1640 408 1818 472 aliud
1844 409 2103 472 videtur

69 517 218 560 esse
263 517 338 560 ac
385 517 674 559 meorum
710 496 1028 559 bonorum
1066 495 1393 580 direptio?
1440 501 1893 580 praeterquam
1930 497 2103 579 quod

67 605 158 647 ne
213 583 278 646 id
322 583 580 666 quidem
625 604 742 668 per
786 583 1000 668 legem
1043 581 1391 665 Liciniam,
1444 589 1520 648 ut
1564 585 1703 669 ipse
1748 584 1873 648 tibi
1920 606 2101 650 cura-

69 673 321 735 tionem
365 671 587 754 ferres,
630 670 842 736 facere
879 671 1170 756 potuisti.
1235 670 1444 747 Quid?
1491 672 1614 736 1106
1650 672 1883 756 ipsum,
1930 673 2103 756 quod

65 781 248 824 nunc
309 759 480 842 apud
545 759 884 844 pontifices
942 761 1111 844 agis,
1173 764 1242 825 te
1298 781 1509 824 meam
1564 759 1828 824 domum
1882 781 2101 824 conse-

69 869 309 930 crasse,
354 853 420 910 te
467 851 956 912 monumentum
1000 846 1232 912 fecisse
1269 849 1341 911 in
1376 848 1539 912 meis
1576 848 1861 928 aedibus,
1906 851 1973 911 te
2012 848 2099 910 si-

71 955 280 1020 gnum
325 935 672 1017 dedicasse,
719 956 920 1019 eaque
966 939 1033 1000 te
1079 957 1156 1000 ex
1193 955 1323 1000 una
1360 936 1813 1021 rogatiuncula
1850 935 2099 1018 fecisse,

69 1045 278 1086 unum
325 1027 392 1087 et
435 1022 606 1087 idem
651 1022 907 1088 videtur
943 1045 1086 1088 esse
1123 1027 1318 1109 atque
1354 1024 1438 1108 id,
1486 1023 1658 1107 quod
1696 1023 1773 1088 de
1813 1045 1915 1088 me
1951 1023 2097 1108 ipso

69 1109 463 1194 nominatim
525 1111 783 1176 tulisti?
891 1111 1053 1176 Tam
1117 1112 1383 1176 hercule
1442 1116 1543 1176 est
1608 1134 1835 1195 unum,
1900 1133 2097 1196 quam

71 1199 252 1283 quod
293 1198 466 1263 idem
509 1202 584 1263 tu
630 1200 776 1285 lege
823 1221 952 1264 una
995 1198 1237 1283 tulisti,
1284 1204 1357 1264 ut
1404 1198 1683 1285 Cyprius
1728 1222 1869 1282 rex,
1914 1201 2095 1265 cuius

71 1286 356 1352 maiores
401 1287 552 1352 huic
587 1287 832 1372 populo
870 1287 1029 1353 socii
1066 1292 1260 1372 atque
1298 1287 1490 1352 amici
1528 1309 1783 1373 semper
1816 1288 2099 1370 fuerunt,

71 1399 224 1440 cum
294 1375 484 1440 bonis
557 1375 856 1440 omnibus
933 1376 1052 1440 sub
1117 1397 1503 1461 praeconem
1566 1377 1969 1441 subiceretur
2032 1373 2099 1440 et

73 1464 294 1528 exules
330 1462 720 1546 Byzantium
755 1464 1225 1529 reducerentur.
1284 1463 1581 1544 ‘Eidem',
1625 1465 1857 1548 inquit,
1902 1463 2098 1528 ‘utra--

74 1571 204 1636 que
251 1551 328 1616 de
371 1573 442 1616 re
485 1552 818 1636 negotium
866 1551 1052 1616 dedi?
1144 1551 1356 1628 Quid?
1406 1553 1461 1616 si
1508 1552 1715 1616 eidem
1759 1552 2097 1636 negotium

71 1639 384 1722 dedisset,
439 1645 513 1703 ut
555 1640 626 1704 in
671 1639 832 1704 Asia
875 1640 1321 1725 cistophorum
1365 1640 1733 1726 flagitaret,
1778 1640 1927 1704 inde
1972 1639 2099 1703 iret

68 1729 144 1792 in
180 1727 587 1812 Hispaniam,
632 1749 776 1792 cum
814 1727 1094 1792 Romam
1138 1727 1540 1811 decessisset,
1586 1728 1999 1793 consulatum
2037 1727 2097 1792 ei

71 1820 294 1899 petere
352 1816 601 1900 liceret,
659 1837 806 1881 cum
860 1815 1076 1882 factus
1131 1820 1332 1899 esset,
1384 1816 1787 1900 provinciam
1834 1813 2095 1899 Syriam

73 1905 424 1989 optineret,
472 1904 782 1988 quoniam
826 1904 904 1970 de
948 1925 1078 1969 uno
1124 1904 1389 1975 1101111116,
1434 1904 1772 1988 scriberet,
1817 1925 1947 1969 una
1991 1924 2095 1969 res

71 1992 296 2057 esset‘?
367 1990 611 2067 Quodsi
652 1994 786 2058 iam
830 1994 1112 2079 populus
1157 1992 1489 2057 Romanus
1536 1994 1614 2057 de
1658 1993 1791 2057 ista
1834 2014 1904 2057 re
1952 2014 2097 2057 con·

71 2082 288 2145 sultus
360 2086 532 2145 esset
601 2085 669 2145 et
738 2101 870 2146 non
935 2082 1154 2147 omnia
1214 2103 1331 2166 per
1394 2102 1615 2146 servos
1680 2081 2095 2165 latronesque

71 2168 418 2255 gessisseS,
482 2190 695 2235 nonne
749 2170 890 2234 fieri
943 2173 1232 2254 poterat,
1288 2174 1363 2233 ut
1413 2171 1657 2255 populo
1712 2169 1789 2234 de
1852 2168 2095 2253 Cyprio

68 2278 232 2343 rege
266 2258 568 2341 placeret,
605 2258 683 2322 de
720 2258 1016 2323 exulibus
1055 2258 1391 2341 Byzantiis
1431 2256 1845 2342 displiceret?
1917 2255 2095 2332 Quae

70 2349 196 2429 est,
245 2366 502 2429 quaes0,
549 2346 680 2411 alia
724 2346 840 2429 vie,
887 2368 1052 2431 quae
1099 2347 1425 2411 sententia
1461 2345 1781 2411 Caeciliae
1827 2346 1991 2429 legis
2030 2348 2097 2409 et

67 2432 311 2499 Didiae
354 2434 484 2498 nisi
527 2433 711 2517 haec,
765 2456 846 2499 ne
892 2435 1136 2518 populo
1182 2456 1443 2499 necesse
1490 2435 1579 2499 sit
1621 2434 1691 2496 in
1736 2433 2097 2499 coniunctis

63 2522 272 2587 rebus
317 2522 734 2607 conpluribus
781 2526 895 2587 aut
939 2522 1024 2606 id,
1069 2522 1242 2606 quod
1288 2523 1475 2606 nolit,
1522 2522 1810 2606 accipere
1858 2525 1971 2586 aut
2010 2521 2095 2606 id,

66 2610 250 2696 quod
294 2611 478 2695 velit,
522 2610 904 2694 repudiare?>

210 2697 420 2773 Quid?
485 2700 542 2763 si
602 2721 720 2784 per
780 2698 912 2763 vim
967 2698 1208 2782 tulisti,
1274 2702 1575 2763 tamenne
1632 2698 1737 2763 lex
1792 2702 1919 2784 est,
1984 2703 2099 2763 aut

66 2786 423 2871 quicquam
481 2788 622 2851 iure
685 2791 943 2874 gestum
997 2786 1203 2851 videri
1255 2790 1501 2870 potest,
1566 2787 1739 2870 quod
1793 2808 1909 2871 per
1964 2788 2097 2851 vim

66 2878 336 2961 gestum
381 2896 520 2941 esse
557 2877 853 2941 constet?
916 2875 1042 2959 An,
1087 2875 1146 2939 si
1180 2874 1251 2938 in
1288 2874 1433 2959 ipsa
1468 2875 1715 2940 latione
1752 2879 1867 2939 tua
1902 2876 2097 2958 capta

61 2966 208 3028 iam
275 2964 440 3028 urbe
505 2963 756 3047 lapides
817 2965 1002 3047 iacti,
1067 2964 1125 3027 si
1179 2984 1410 3027 manus
1475 2963 1716 3027 collata
1778 2984 1913 3027 non
1976 2964 2095 3045 est,

59 3052 313 3118 idcirco
357 3056 432 3116 tu
470 3052 550 3116 ad
594 3052 775 3115 illam
821 3052 1035 3116 labem
1083 3055 1279 3135 atque
1316 3050 1593 3116 eluviem
1630 3050 1915 3115 civitatis
1954 3049 2095 3113 sine

62 3162 330 3205 summa
355 3140 422 3204 vi
447 3140 783 3224 pervenire
811 3139 1130 3224 potuisti?
1196 3138 1359 3204 Cum
1387 3138 1457 3203 in
1482 3138 1799 3203 tribunali
1826 3128 2105 3202 Aurelio

62 3228 532 3294 conscribebas
578 3228 796 3311 palam
839 3250 973 3293 non
1016 3228 1209 3292 modo
1255 3228 1516 3310 liberOS,
1562 3226 1677 3290 sed
1722 3225 1917 3289 etiam
1966 3247 2095 3289 ser-

61 3340 190 3382 vos
259 3337 338 3380 ex
392 3316 690 3381 omnibus
747 3316 906 3381 vicis
962 3316 1351 3397 concitatos,
1414 3314 1548 3379 vim
1602 3319 1743 3378 tum
1798 3314 2097 3378 videlicet

60 3427 206 3470 non
241 3404 547 3487 parabas3
595 3426 741 3468 cum
780 3404 1005 3469 edictis
1041 3404 1174 3469 tuis
1209 3404 1522 3469 tabernas
1559 3401 1771 3467 claudi
1804 3401 2098 3485 iubebas,

59 3514 204 3559 non
258 3491 391 3557 vim
444 3492 782 3577 imperitae
838 3492 1307 3576 multitudinis,
1364 3491 1473 3555 sed
1518 3490 1855 3555 hominum
1902 3490 2097 3555 hone-

2136 1129 2203 1180 52

2134 2011 2203 2060 53

2116 3117 2197 3179 21

2134 3195 2203 3246 54
