2534 3875
338 160 466 223 122
860 157 1001 212 PRO
1037 157 1104 213 A.
1145 157 1513 213 CLUENTIO
1554 158 1839 214 ORATIO.

334 303 560 388 paucis
614 303 831 369 verbis
899 306 1161 368 accusat
1224 309 1301 368 ut
1365 304 1442 367 de
1505 324 1575 367 re
1612 302 1921 372 iudicata
1976 301 2377 389 Cannutius;

334 393 566 476 incipit
646 393 846 478 longo
932 396 999 456 et
1070 392 1204 456 alte
1278 392 1485 474 petito
1568 392 1904 476 prooemio
1977 392 2373 477 respondere

335 481 546 545 maior
591 477 963 565 Caepasius.
1060 480 1283 543 Primo
1340 483 1588 543 attente
1644 479 1906 544 auditur
1953 479 2089 545 eius
2136 482 2372 546 oratic.

333 568 658 654 Erigebat
705 568 992 640 animum
1040 567 1174 631 iam
1212 568 1563 631 demissum
1602 570 1669 631 et
1706 589 2088 652 oppressum
2129 567 2373 654 Oppia-

333 656 544 740 nicus3
609 657 938 741 gaudebat
983 656 1121 740 ipse
1168 654 1534 739 Fabricius3
1577 677 1709 720 non
1755 656 2185 741 intellegebat
2232 657 2369 721 ani-
2402 673 2435 715 ⁵

335 767 478 810 mos
543 745 828 809 iudicum
891 765 1027 808 non
1089 743 1267 807 illius
1334 744 1733 828 eloquentia,
1798 744 1910 808 sed
1975 744 2368 809 defensionis

335 833 740 916 impudentia
786 832 1199 897 commoveri.
1289 832 1725 915 Posteaquam
1774 832 1851 895 de
1896 854 1968 896 re
2014 832 2231 917 coepit
2277 834 2370 897 di-

336 943 507 1005 cere,
555 921 638 985 ad
685 943 787 1005 ea,
834 942 1000 1004 quae
1048 924 1232 984 era-nt
1276 920 1346 984 in
1392 942 1607 1004 causa,
1652 920 1934 984 addebat
1981 921 2181 985 etiam
2226 921 2368 1005 ipse

334 1031 508 1073 nova
546 1008 861 1092 quaedam
899 1008 1186 1091 vulnera,
1233 1012 1324 1092 ut,
1372 1031 1767 1092 quamquam
1805 1009 2027 1074 sedulo
2063 1008 2368 1094 faciebat,

334 1100 558 1160 tamen
596 1097 923 1160 interdum
960 1118 1092 1162 non
1131 1096 1489 1179 defendere,
1536 1098 1647 1161 sed
1684 1096 2119 1180 praevaricari
2159 1100 2369 1178 [accu-
2401 1116 2458 1154 10

337 1185 605 1264 sationi]
653 1185 998 1249 videretur.
1087 1183 1321 1267 Itaque
1368 1207 1514 1249 cum
1562 1185 1983 1249 callidissime
2029 1206 2099 1249 se
2154 1186 2367 1250 dicere

337 1276 602 1357 putaret
658 1277 725 1335 et
772 1295 918 1336 cum
962 1273 1081 1337 illa
1125 1274 1323 1337 verba
1371 1272 1762 1358 gravissima
1808 1296 1885 1337 ex
1930 1273 2161 1337 intimo
2210 1275 2368 1337 arti-

335 1361 483 1425 ficio
523 1361 1058 1445 deprompsisset:
1105 1360 1562 1446 ‘Respicite,
1608 1361 1929 1445 iudiceS,
1966 1361 2369 1426 hominum

335 1448 732 1532 fortunas,
815 1449 1190 1534 respicite
1264 1450 1541 1514 dubios
1615 1451 2033 1532 variosque
2108 1471 2369 1529 casus,

337 1537 708 1620 respicite
757 1536 824 1602 Ο.
871 1536 1182 1602 Fabrici
1237 1536 1785 1620 senectutem',
1841 1560 1987 1602 cum
2041 1538 2167 1602 hoc
2214 1538 2367 1602 ‘re-
2398 1556 2455 1595 15

339 1625 656 1708 spicite'
706 1626 1033 1690 ornandae
1081 1626 1398 1691 orationis
1445 1648 1643 1689 causa
1688 1648 1881 1710 saepe
1928 1626 2224 1708 dixisset,
2270 1647 2368 1691 re·

337 1713 551 1797 spexit
613 1714 772 1798 ipse.
881 1716 974 1777 At
1038 1712 1107 1779 Ο.
1173 1714 1509 1778 Fabricius
1582 1736 1623 1777 a
1688 1714 2017 1778 subselliis
2084 1714 2367 1779 demisso

229 1816 298 1865 69
339 1801 553 1885 capite
601 1803 1002 1867 discesserat.
1093 1801 1220 1866 Hic
1265 1801 1508 1866 iudices
1544 1802 1781 1885 ridere,
1828 1803 2225 1867 stomachari
2272 1806 2369 1866 at-

337 1911 459 1974 que
525 1891 756 1955 acerbe
818 1890 990 1955 ferre
1054 1894 1371 1975 patronus
1438 1912 1699 1956 causam
1765 1890 1891 1955 sibi
1956 1890 2120 1975 eripi
2174 1894 2241 1955 et
2294 1912 2366 1956 se

336 1981 554 2042 cetera
610 1979 687 2042 de
741 1979 860 2043 illo
908 1981 1051 2045 loco
1101 1979 1566 2063 ‘Respicite,
1620 1978 1946 2043 iudices'
1991 2001 2125 2043 non
2171 2001 2365 2063 posse
2425 1999 2479 2036 20

337 2066 574 2150 dicere3
640 2089 760 2130 nec
817 2067 1166 2150 quicquam
1220 2066 1487 2152 propius
1544 2071 1647 2130 est
1698 2067 1974 2150 factum,
2040 2085 2237 2151 quam
2288 2072 2366 2132 ut

334 2154 523 2218 illum
576 2159 1075 2238 persequeretur
1130 2157 1197 2218 et
1252 2155 1424 2219 collo
1472 2155 1735 2220 obtorto
1782 2156 1865 2219 ad
1912 2155 2224 2220 subsellia
2269 2178 2367 2220 re·

335 2242 621 2323 duceret,
682 2246 756 2306 ut
811 2243 1064 2326 reliqua
1116 2247 1343 2325 posset
1387 2265 1709 2327 perorare.
1799 2243 1907 2308 Ita
1950 2248 2091 2307 tum
2138 2242 2365 2307 Fabri-

335 2330 473 2397 cius
511 2331 796 2415 primum
836 2353 952 2395 suo
990 2331 1246 2414 iudicio,
1285 2331 1459 2414 quod
1486 2335 1587 2394 est
1616 2331 2109 2416 gravissimum,·
2136 2331 2365 2396 deinde

333 2418 501 2503 legis
549 2418 616 2482 vi
663 2423 728 2482 et
775 2419 1117 2483 sententiis
1163 2419 1448 2482 iudicum
1495 2422 1595 2482 est
1642 2419 2125 2484 condemnatus
2392 2435 2449 2476 25

226 2506 314 2570 22
471 2504 640 2580 Quid
688 2511 806 2590 est,
854 2507 1027 2590 quod
1062 2507 1197 2571 iam
1235 2507 1314 2570 de
1344 2506 1685 2590 Oppianici
1720 2529 1999 2590 persona
2036 2529 2363 2591 causaque

332 2593 526 2677 plura
572 2593 907 2659 dicamus?
971 2595 1168 2679 Apud
1203 2594 1463 2658 eosdem
1500 2595 1743 2659 iudices
1788 2617 1937 2659 reus
1986 2599 2087 2658 est
2130 2594 2363 2678 factae,

332 2702 479 2744 cum
534 2680 639 2744 his
689 2681 939 2746 duobus
985 2681 1399 2765 praeiudiciis
1445 2682 1576 2746 iam
1623 2683 1969 2747 damnatus
2018 2686 2217 2766 esset3
2276 2645 2363 2747 ab'

329 2767 535 2831 isdem
603 2772 821 2833 autem
874 2770 1221 2850 iudicibuS,
1279 2771 1390 2853 qui
1442 2769 1888 2871 Fabriciorum
1945 2770 2363 2836 damnatione

332 2850 409 2919 de
466 2854 827 2940 Oppianico
887 2857 1279 2939 iudicarant,
1335 2859 1515 2922 locus
1572 2858 1631 2922 ei
1676 2859 1925 2960 primus
1972 2863 2074 2923 est
2120 2859 2361 2925 consti·
2390 2875 2446 2914 3⁰

328 2945 539 3026 tutus;
577 2947 917 3009 accusatus
955 2949 1059 3009 est
1092 2908 1495 3010 criminibus
1511 2947 1915 3030 gravissimis
1953 2951 2020 3010 et
2054 2947 2155 3031 iis,
2194 2970 2361 3032 quae

331 3053 371 3095 a
419 3053 523 3096 me
577 3032 863 3097 breviter
919 3033 1094 3098 dicta
1149 3037 1329 3117 sunt,
1384 3039 1450 3098 et
1493 3038 1833 3118 praeterea
1878 3035 2131 3118 multiS,
2193 3057 2361 3119 quae

331 3141 453 3204 ego
503 3121 726 3185 omnia
771 3123 997 3202 [nunc]
1039 3122 1305 3205 omitt03
1354 3127 1695 3189 accusatus
1733 3127 1832 3187 est
1868 3123 2041 3205 apud
2078 3144 2210 3206 eos,
2247 3123 2362 3207 qui

331 3206 798 3273 Scamandrum
846 3209 1220 3274 ministrum
1268 3173 1628 3295 Oppianici,
1676 3208 1748 3275 Ο.
1792 3210 2161 3275 Fabricium
2210 3232 2356 3276 con-

222 3311 292 3359 60
333 3297 536 3360 scium
584 3297 886 3361 maleficii
932 3299 1457 3363 condemnarant.
1530 3297 1801 3398 Utrum,
1852 3320 1969 3381 per
2024 3298 2178 3363 deos
2237 3299 2360 3364 im·
2388 3315 2441 3356 3⁵

327 3384 668 3449 mortales!
715 3385 927 3470 magis
975 3390 1077 3450 est
1122 3387 1518 3469 mirandum,
1564 3387 1737 3470 quod
1782 3386 1839 3449 is
1887 3386 2359 3451 condemnatus

329 3475 455 3555 est,
521 3495 606 3536 an
671 3473 844 3556 quod
909 3474 1174 3540 omnino
1235 3475 1625 3560 respondere
1687 3495 1881 3539 ausus
1943 3475 2089 3538 est?
2188 3473 2360 3550 Quid
