2534 3875
845 911 942 984 M.
1000 910 1288 983 TULLI
1343 906 1840 983 CICERONIS

330 1078 478 1161 DE
541 1076 826 1160 LEGE
889 1072 1366 1159 AGRARIA
1431 1072 1813 1157 ORATIO
1872 1066 2366 1155 SECUNDA

332 1228 717 1303 CONTRA
772 1228 853 1301 P.
896 1226 1419 1300 SERVILIUM
1467 1224 1865 1299 RULLUM
1903 1224 2048 1295 TR.
2088 1221 2363 1295 PLEB.

1015 1350 1146 1423 AD
1201 1348 1668 1421 POPULUM.

1046 1598 1642 1659 ARGUMENTUM.

477 1715 617 1770 Cum
651 1715 726 1771 M.
767 1715 960 1771 Cicero
998 1712 1140 1783 ipsis
1175 1712 1451 1767 Kalendis
1488 1712 1788 1780 Ianuariis,
1826 1728 1937 1781 quo
1976 1711 2069 1766 die
2104 1712 2366 1766 consula-

332 1789 456 1842 tum
490 1786 649 1851 iniit,
695 1787 781 1840 ita
815 1786 990 1841 verba
1026 1786 1096 1839 de
1133 1784 1262 1854 lege
1301 1782 1552 1853 agraria,
1598 1800 1767 1853 quam
1802 1782 2270 1853 promulgaverat
2304 1784 2364 1837 P.

336 1857 606 1913 Servilius
640 1856 864 1924 Rullus,
909 1856 1162 1921 fecisset,
1201 1855 1266 1907 ut
1303 1854 1603 1909 adsensum
1640 1853 1870 1923 quidem
1908 1858 2135 1907 senatus
2173 1853 2366 1921 ferret,

333 1930 456 1999 ipse
485 1930 677 1983 autem
703 1927 964 1982 tribunus
993 1943 1028 1980 a
1053 1926 1345 1996 proposito
1372 1943 1487 1980 non
1515 1926 1820 1993 recederet,
1858 1941 1968 1994 quo
1998 1924 2092 1979 die
2119 1922 2369 1994 primum

335 1995 2369 2125 Ἢὲἆιέἒξὶὼιξὲυῗὲῗνῆἀἓηᾞαὲωὲοἳὲὃ“ἐῖ“ἲέἓῇῖῧῗῗ“ωἷὶο·ῗὲζ

333 2088 839 2266 ξοὲιιὶοεῇοωαηο
876 2086 1089 2208 gratias
1118 2086 1253 2208 egit,
1291 2138 1443 2207 quod
1470 2155 1529 2192 se
1558 2137 1848 2193 consulem
1874 2137 2120 2204 fecisset,
2159 2137 2369 2193 deinde

359 2228 524 2281 egem
561 2208 857 2266 Serviliam
901 2210 1261 2279 impugnavit
1305 2208 1611 2279 multisque
1660 2208 1731 2263 de
1769 2209 1954 2262 causis
1990 2210 2369 2278 perniciosam

336 2298 459 2338 esse
495 2282 792 2336 universae
827 2281 910 2335 rei
945 2279 1208 2350 publicae
1247 2279 1511 2334 ostendit.

260 2510 299 2633 11
472 2531 597 2595 Est
649 2531 775 2596 hoc
827 2531 898 2595 in
951 2553 1132 2596 more
1187 2530 1502 2614 positum,
1565 2529 1876 2613 Quirites,
1931 2531 2372 2616 institutoque

339 2619 682 2699 maiorum,
725 2622 801 2683 ut
847 2619 924 2702 ei,
971 2619 1082 2702 qui
1120 2617 1429 2682 beneficio
1468 2623 1685 2682 vestro
1722 2618 2043 2704 imagines
2078 2618 2372 2684 familiae

341 2729 495 2771 suae
541 2707 872 2771 consecuti
917 2710 1087 2787 sunt,
1132 2728 1278 2770 eam
1324 2706 1602 2790 primam
1646 2706 1935 2774 habeant
1980 2707 2372 2792 contionem,

341 2816 471 2878 qua
527 2794 811 2879 gratiam
866 2793 1162 2859 beneficii
1208 2795 1409 2858 vestri
1454 2817 1601 2859 cum
1656 2817 1921 2860 suorum
1977 2796 2168 2861 laude
2224 2819 2373 2862 con-

337 2883 634 2967 iungant.
725 2881 868 2956 Qua
922 2883 992 2946 in
1047 2882 1343 2947 oratione
1395 2904 1529 2947 non
1571 2883 1740 2947 nulli
1786 2883 2135 2968 aliquando
2184 2885 2372 2971 digni
2400 2905 2428 2946 5

338 2971 662 3037 maiorum
717 2969 865 3035 loco
919 2971 1357 3054 reperiuntur,
1424 2971 1719 3055 plerique
1776 2976 1994 3036 autem
2050 2973 2177 3038 hoc
2228 2995 2375 3058 per-

338 3059 593 3141 ficiunt,
662 3062 739 3122 ut
809 3061 1068 3122 tantum
1144 3058 1499 3124 maioribus
1573 3081 1797 3124 eorum
1872 3060 2165 3125 debitum
2230 3083 2375 3126 esse

338 3147 657 3226 videatur,
702 3147 871 3211 unde
917 3146 1134 3230 etiam,
1181 3147 1355 3233 quod
1398 3148 1679 3230 posteris
1718 3148 2093 3231 solveretur,
2138 3149 2377 3213 redun-

341 3235 543 3300 daret.
642 3234 835 3316 Mihi,
889 3233 1201 3318 Quirites,
1257 3236 1430 3319 apud
1484 3257 1603 3301 vos
1658 3236 1736 3300 de
1793 3238 1955 3301 meis
2013 3237 2376 3302 maioribus

341 3324 593 3389 dicendi
636 3323 920 3388 facultas
957 3345 1091 3388 non
1128 3322 1335 3404 datur,
1380 3344 1515 3388 non
1562 3346 1689 3409 quo
1736 3345 1870 3388 non
1906 3325 2071 3389 tales
2109 3325 2377 3408 fuerint,
2407 3344 2460 3384 ιο

343 3413 569 3496 quales
615 3434 734 3476 nos
780 3411 1044 3477 illorum
1095 3412 1410 3496 sanguine
1446 3417 1699 3477 creatos
1746 3413 2235 3497 disciplinisque
2283 3415 2380 3478 in-

342 3500 612 3565 stitutos
651 3500 907 3584 videtis,
945 3500 1054 3564 sed
1095 3501 1266 3585 quod
1306 3500 1497 3565 laude
1534 3500 1840 3586 populari
1879 3504 2075 3584 atque
2102 3501 2381 3567 honoris
