2534 3875
185 952 256 1002 53

193 2101 264 2150 54

289 175 422 241 120
812 174 954 229 PRO
991 173 1059 228 A.
1099 173 1469 229 CLUENTIO
1510 172 1803 230 ORATIO.

293 322 378 387 ad
407 318 877 385 Scamandrum
913 322 1125 384 morte
1163 319 1394 383 Habiti
1431 322 1777 383 venturum
1815 318 2328 382 emolumentum

287 409 512 491 fuisse,
558 408 978 485 concedebat,
1034 407 1145 471 sed
1193 407 1276 470 ad
1322 428 1590 471 uxorem
1637 405 1996 489 Oppianici,
2041 405 2326 470 hominis

287 497 362 562 in
420 496 731 562 uxoribus
790 495 1096 560 necandis
1158 495 1524 577 exercitati,
1585 494 1805 559 omnia
1864 495 2039 558 bona
2094 492 2330 557 Habiti

288 589 566 651 ventura
634 584 837 648 fuisse
913 583 1184 648 dicebat.
1298 582 1460 647 Cum
1533 583 1651 647 illa
1724 581 2099 647 defensione
2171 604 2328 646 usus

293 695 523 755 essem,
571 694 737 757 quae
783 672 855 735 in
899 671 1356 735 libertinorum
1404 671 1615 735 causis
1652 670 2119 735 honestissima
2166 692 2328 733 sem·
2356 688 2385 729 5

291 784 410 847 per
440 761 814 826 existimata
845 765 960 839 est,
990 758 1459 823 Scamandrum
1486 762 1765 843 patrono
1796 780 1936 823 esse
1957 758 2329 843 probatum,

292 850 653 931 fatebatur,
713 848 825 912 sed
873 848 1250 931 quaerebat,
1299 848 1403 912 cui
1449 848 1764 930 probatus
1812 852 1985 911 esset
2028 847 2169 929 ipse
2216 870 2329 930 pa-

295 944 542 1003 tronus.
636 935 800 1001 Cum
855 958 978 1021 ego
1033 936 1331 1019 pluribus
1379 936 1595 1000 verbis
1651 936 1721 999 in
1767 957 1842 1000 eo
1889 938 2329 1000 commoratus

295 1048 534 1109 essem,
589 1022 985 1090 Scamandro
1040 1023 1311 1088 insidias
1356 1023 1568 1089 factas
1617 1046 1757 1088 esse
1802 1046 1919 1107 per
1963 1023 2329 1108 Diogenem

295 1114 855 1197 constitutumque
913 1112 1086 1176 inter
1143 1134 1254 1177 eos
1313 1112 1442 1177 alia
1489 1112 1566 1176 de
1611 1134 1683 1178 re
1726 1112 1957 1196 fuisse,
2010 1115 2086 1175 ut
2131 1111 2329 1175 medi·
2360 1128 2416 1169 ιο

295 1206 686 1285 camentum,
721 1223 856 1266 non
891 1222 1207 1264 venenum
1238 1199 1569 1286 Diogenes
1609 1200 1924 1283 adferret;
1959 1200 2085 1265 hoc
2123 1198 2330 1264 cuivis

296 1312 420 1355 usu
466 1290 685 1355 venire
730 1310 949 1373 posse:
999 1289 1383 1372 quaerebat,
1431 1312 1545 1354 cur
1589 1289 1662 1352 in
1706 1289 1844 1352 eius
1892 1288 2070 1353 modi
2115 1288 2333 1352 locum

298 1382 440 1443 tam
499 1378 821 1461 abditum,
869 1400 984 1442 cur
1039 1378 1249 1457 80108,
1306 1398 1419 1442 cur
1466 1400 1613 1441 cum
1659 1376 2011 1461 obsignata
2057 1375 2335 1460 pecunia

297 1466 603 1533 venisset.
693 1466 988 1550 Denique
1043 1465 1169 1530 hoc
1228 1465 1375 1529 loco
1432 1487 1630 1529 causa
1686 1466 1964 1529 testibus
2010 1463 2335 1529 honestis·

299 1554 483 1620 simis
528 1554 904 1620 hominibus
941 1554 1376 1637 premebatur.
1474 1553 1561 1618 M.
1588 1552 1873 1617 Baebius
1912 1554 1990 1617 de
2028 1574 2143 1617 suo
2182 1574 2334 1617 con·-
2368 1571 2423 1612 ιε

301 1643 452 1708 81110
509 1642 871 1728 Diogenem
944 1645 1264 1725 emptum,
1328 1663 1397 1705 80
1453 1644 1796 1726 praesente
1862 1639 2332 1706 Scamandrum

301 1754 449 1797 cum
494 1753 742 1795 veneno
787 1730 1189 1815 pecuniaque
1228 1729 1703 1813 deprehensum
1750 1750 1890 1793 esse
1938 1730 2226 1811 dicebat3
2263 1727 2336 1792 P.

301 1819 657 1895 Quintilius
714 1818 960 1900 Varus,
1018 1818 1216 1883 homo
1275 1840 1531 1882 summa
1583 1818 1900 1901 religione
1957 1822 2023 1881 et
2080 1839 2339 1881 summa

301 1908 690 1974 auctoritate
735 1907 1088 1992 praedituS,
1133 1906 1211 1970 de
1257 1905 1529 1990 insidiis,
1578 1928 1742 1990 quae
1788 1906 2023 1971 fierent
2066 1904 2339 1986 Habito,

302 2002 368 2061 et
425 1997 502 2062 de
559 1996 1020 2062 sollicitatione
1076 1994 1393 2080 Diogenis
1452 1995 1699 2059 recenti
1753 2017 1823 2059 re
1879 2016 2099 2059 secum
2152 1993 2338 2058 Cleo·
2368 2013 2424 2052 20

301 2085 624 2171 phantum
680 2084 1076 2149 collocutum
1133 2104 1274 2147 esse
1332 2083 1607 2148 dicebat.
1698 2081 1917 2166 Atque
1961 2083 2031 2147 in
2074 2083 2194 2146 illo
2241 2082 2339 2146 10-

301 2174 468 2239 dicio
553 2195 699 2237 cum
781 2171 1250 2236 Scamandrum
1330 2191 1452 2235 nos
1534 2171 1871 2236 defendere
1956 2171 2341 2252 videremur,

302 2262 502 2327 verbo
548 2261 664 2325 ille
710 2282 860 2324 reus
908 2263 1077 2341 erat,
1123 2281 1193 2323 re
1240 2259 1499 2341 quidem
1545 2281 1702 2324 vera
1748 2264 1814 2323 et
1860 2259 2145 2342 periculo
2193 2263 2343 2324 tota

303 2349 715 2415 accusatione
763 2347 1178 2433 Oppianicus,
1243 2347 1472 2431 Neque
1517 2348 1585 2411 id
1623 2348 1895 2411 obscure
1930 2347 2185 2412 ferebat
2220 2370 2342 2411 nec

307 2438 720 2501 dissimulare
766 2437 904 2501 ullo
943 2436 1136 2501 modo
1175 2440 1465 2520 poterat3
1514 2436 1739 2500 aderat
1775 2437 2098 2519 frequens,
2144 2435 2341 2500 advo-
2372 2453 2427 2494 25

305 2525 524 2608 cabat,
571 2525 750 2589 omni
789 2524 1006 2589 studio
1055 2525 1397 2609 gratiaque
1444 2525 1808 2609 pugnabat3
1864 2527 2225 2608 postremo,
2272 2524 2345 2588 id

307 2614 481 2696 quod
527 2613 811 2677 maximo
860 2613 1036 2677 malo
1081 2612 1185 2676 illi
1231 2633 1464 2676 causae
1510 2611 1655 2696 fuit,
1700 2613 1825 2676 hoc
1869 2612 2016 2696 ipso
2061 2611 2132 2676 in
2174 2613 2345 2694 loce,

306 2701 495 2784 quasi
539 2722 688 2764 reus
734 2700 875 2784 ipse
923 2703 1114 2783 esset,
1153 2699 1440 2765 sedebat.
1499 2700 1691 2765 Oculi
1728 2701 2018 2765 omnium
2055 2700 2344 2764 iudicum

304 2811 441 2853 non
475 2789 546 2852 in
582 2785 1064 2868 Scamandrum,
1103 2787 1216 2852 sed
1251 2787 1323 2851 in
1360 2788 1791 2872 Oppianicum
1828 2788 2347 2870 coniciebantur3

305 2876 507 2941 timor
554 2877 718 2958 0108,
764 2875 1194 2959 perturbatio,
1242 2897 1595 2960 suspensus
1640 2877 2054 2960 incertusque
2099 2876 2345 2960 vultUS‚
2375 2896 2433 2934 30

199 3014 288 3078 20
308 2965 538 3030 crebra
592 2964 832 3028 coloris
887 2964 1195 3046 mutatio,
1257 2985 1422 3047 quae
1483 2968 1670 3028 erant
1725 2969 1919 3029 antea
1964 2964 2346 3049 suspiciosa,

197 3091 270 3140 55
308 3055 470 3118 haec
517 3055 746 3137 aperta
791 3055 858 3118 et
894 3051 1246 3116 manifesta
1282 3052 1626 3116 faciebant.
1692 3051 1855 3116 Cum
1890 3052 1960 3117 in
1997 3053 2348 3117 consilium

306 3142 393 3206 iri
439 3144 799 3225 oporteret,
846 3140 1169 3225 quaesivit
1216 3140 1298 3205 ab
1344 3161 1457 3205 reo
1506 3139 1575 3206 O.
1620 3141 1844 3206 Iunius
1890 3140 2223 3224 quaesitor
2268 3163 2349 3205 ex

309 3232 456 3316 lege
501 3230 620 3294 illa
667 3227 988 3307 Cornelia,
1035 3251 1199 3313 quae
1246 3231 1388 3292 tum
1436 3233 1604 3312 erat,
1651 3230 1819 3294 clam
1867 3251 1952 3292 an
1997 3229 2218 3311 palam
2267 3229 2348 3294 de

310 3341 380 3383 se
427 3319 824 3383 sententiam
866 3317 1027 3382 ferri
1071 3317 1291 3381 vellet.
1336 3315 1437 3381 De
1484 3315 1830 3401 Oppianici
1876 3317 2199 3380 sententia
2246 3339 2347 3380 re-
2374 3335 2430 3376 35

311 3427 625 3488 sponsum
680 3411 806 3492 est,
862 3406 1033 3490 quod
1078 3406 1135 3470 is
1182 3404 1417 3469 Habiti
1460 3403 1852 3470 familiarem
1899 3405 2157 3468 Iunium
2207 3427 2349 3470 esse

309 3493 599 3580 dicebat,
674 3497 843 3560 clam
907 3495 1076 3560 velle
1149 3493 1323 3558 ferri.
1428 3491 1604 3557 Itum
1680 3498 1779 3558 est
1849 3493 1919 3556 in
1982 3492 2350 3560 consilium.
