<?xml version="1.0" encoding="UTF-8"?>
<!DOCTYPE html PUBLIC "-//W3C//DTD XHTML 1.0 Transitional//EN"
    "http://www.w3.org/TR/xhtml1/DTD/xhtml1-transitional.dtd">
<html xmlns="http://www.w3.org/1999/xhtml" xml:lang="en" lang="en">
 <head>
  <title>
</title>
<meta http-equiv="Content-Type" content="text/html;charset=utf-8" />
  <meta name='ocr-system' content='tesseract 3.04.00' />
  <meta name='ocr-capabilities' content='ocr_page ocr_carea ocr_par ocr_line ocrx_word'/>
</head>
<body>
  <div class='ocr_page' id='page_1' title='image "./scriptaquaemans03mlgoog_0189.png"; bbox 0 0 2534 3875; ppageno 0'>
   <div class='ocr_carea' id='block_1_1' title="bbox 801 152 2185 224">
    <p class='ocr_par' dir='ltr' id='par_1_1' title="bbox 801 152 2185 224">
     <span class='ocr_line' id='line_1_1' title="bbox 801 152 2185 224; baseline 0.009 -12"><span class='ocrx_word' id='word_1_1' title='bbox 801 156 952 212; x_wconf 87' lang='lat' dir='ltr'>CAP.</span> <span class='ocrx_word' id='word_1_2' title='bbox 995 163 1205 212; x_wconf 82' lang='lat'>13-15</span> <span class='ocrx_word' id='word_1_3' title='bbox 1244 163 1275 223; x_wconf 64' lang='grc' dir='ltr'><strong>ς</strong></span> <span class='ocrx_word' id='word_1_4' title='bbox 1314 164 1542 213; x_wconf 79' lang='lat'>37—42.</span> <span class='ocrx_word' id='word_1_5' title='bbox 1599 152 1605 158; x_wconf 85' lang='lat'>&#39;</span> <span class='ocrx_word' id='word_1_6' title='bbox 2105 161 2185 224; x_wconf 77' lang='lat'><strong>51</strong></span> 
     </span>
    </p>
   </div>
   <div class='ocr_carea' id='block_1_2' title="bbox 60 299 2300 3634">
    <p class='ocr_par' dir='ltr' id='par_1_2' title="bbox 60 299 2196 1600">
     <span class='ocr_line' id='line_1_2' title="bbox 138 299 2196 388; baseline 0.003 -25"><span class='ocrx_word' id='word_1_7' title='bbox 138 299 375 380; x_wconf 76' lang='lat' dir='ltr'><strong>nobiS,</strong></span> <span class='ocrx_word' id='word_1_8' title='bbox 431 320 627 382; x_wconf 90' lang='lat' dir='ltr'><strong>quam</strong></span> <span class='ocrx_word' id='word_1_9' title='bbox 674 300 1120 366; x_wconf 90' lang='lat' dir='ltr'><strong>condicionem</strong></span> <span class='ocrx_word' id='word_1_10' title='bbox 1166 303 1495 367; x_wconf 73' lang='lat' dir='ltr'><strong>vobismet</strong></span> <span class='ocrx_word' id='word_1_11' title='bbox 1539 303 1730 388; x_wconf 89' lang='lat' dir='ltr'><strong>ipsis,</strong></span> <span class='ocrx_word' id='word_1_12' title='bbox 1778 325 1976 387; x_wconf 90' lang='lat' dir='ltr'><strong>quam</strong></span> <span class='ocrx_word' id='word_1_13' title='bbox 2022 305 2196 370; x_wconf 88' lang='lat' dir='ltr'><strong>deni-</strong></span> 
     </span>
     <span class='ocr_line' id='line_1_3' title="bbox 140 387 2194 476; baseline 0.003 -24"><span class='ocrx_word' id='word_1_14' title='bbox 140 410 277 472; x_wconf 89' lang='lat' dir='ltr'><strong>que</strong></span> <span class='ocrx_word' id='word_1_15' title='bbox 317 387 572 452; x_wconf 87' lang='lat' dir='ltr'><strong>civitati</strong></span> <span class='ocrx_word' id='word_1_16' title='bbox 610 387 825 473; x_wconf 88' lang='lat' dir='ltr'><strong>legem</strong></span> <span class='ocrx_word' id='word_1_17' title='bbox 864 390 1261 454; x_wconf 89' lang='lat' dir='ltr'><strong>constituere</strong></span> <span class='ocrx_word' id='word_1_18' title='bbox 1300 392 1535 455; x_wconf 85' lang='lat' dir='ltr'><strong>velitis.</strong></span> <span class='ocrx_word' id='word_1_19' title='bbox 1609 390 1896 458; x_wconf 81' lang='lat' dir='ltr'><strong>Huiusce</strong></span> <span class='ocrx_word' id='word_1_20' title='bbox 1934 395 2194 476; x_wconf 88' lang='lat' dir='ltr'><strong>generis</strong></span> 
     </span>
     <span class='ocr_line' id='line_1_4' title="bbox 138 477 2193 565; baseline 0.003 -26"><span class='ocrx_word' id='word_1_21' title='bbox 138 498 280 540; x_wconf 83' lang='lat' dir='ltr'><strong>una</strong></span> <span class='ocrx_word' id='word_1_22' title='bbox 332 480 435 540; x_wconf 91' lang='lat' dir='ltr'><strong>est</strong></span> <span class='ocrx_word' id='word_1_23' title='bbox 472 477 644 540; x_wconf 89' lang='lat' dir='ltr'><strong>actio</strong></span> <span class='ocrx_word' id='word_1_24' title='bbox 682 498 799 561; x_wconf 88' lang='lat' dir='ltr'><strong>per</strong></span> <span class='ocrx_word' id='word_1_25' title='bbox 834 477 960 541; x_wconf 91' lang='lat' dir='ltr'><strong>hoc</strong></span> <span class='ocrx_word' id='word_1_26' title='bbox 996 477 1438 563; x_wconf 87' lang='lat' dir='ltr'><strong>interdictum,</strong></span> <span class='ocrx_word' id='word_1_27' title='bbox 1486 501 1614 563; x_wconf 90' lang='lat' dir='ltr'><strong>quo</strong></span> <span class='ocrx_word' id='word_1_28' title='bbox 1651 501 1773 544; x_wconf 92' lang='lat' dir='ltr'><strong>nos</strong></span> <span class='ocrx_word' id='word_1_29' title='bbox 1811 483 1914 545; x_wconf 89' lang='lat' dir='ltr'><strong>usi</strong></span> <span class='ocrx_word' id='word_1_30' title='bbox 1951 503 2193 565; x_wconf 89' lang='lat' dir='ltr'><strong>sumus,</strong></span> 
     </span>
     <span class='ocr_line' id='line_1_5' title="bbox 139 564 2195 647; baseline 0.003 -19"><span class='ocrx_word' id='word_1_31' title='bbox 139 565 542 647; x_wconf 82' lang='lat' dir='ltr'><strong>constituta3</strong></span> <span class='ocrx_word' id='word_1_32' title='bbox 599 587 675 628; x_wconf 89' lang='lat' dir='ltr'><strong>ea</strong></span> <span class='ocrx_word' id='word_1_33' title='bbox 730 564 789 630; x_wconf 87' lang='lat' dir='ltr'><strong>si</strong></span> <span class='ocrx_word' id='word_1_34' title='bbox 833 565 1000 630; x_wconf 86' lang='lat' dir='ltr'><strong>nihil</strong></span> <span class='ocrx_word' id='word_1_35' title='bbox 1045 568 1223 632; x_wconf 86' lang='lat' dir='ltr'><strong>valet</strong></span> <span class='ocrx_word' id='word_1_36' title='bbox 1271 571 1384 632; x_wconf 87' lang='lat' dir='ltr'><strong>aut</strong></span> <span class='ocrx_word' id='word_1_37' title='bbox 1430 568 1488 631; x_wconf 87' lang='lat' dir='ltr'><strong>si</strong></span> <span class='ocrx_word' id='word_1_38' title='bbox 1535 568 1618 631; x_wconf 90' lang='lat' dir='ltr'><strong>ad</strong></span> <span class='ocrx_word' id='word_1_39' title='bbox 1664 568 1833 634; x_wconf 90' lang='lat' dir='ltr'><strong>hanc</strong></span> <span class='ocrx_word' id='word_1_40' title='bbox 1877 591 2016 634; x_wconf 91' lang='lat' dir='ltr'><strong>rem</strong></span> <span class='ocrx_word' id='word_1_41' title='bbox 2061 592 2195 634; x_wconf 88' lang='lat' dir='ltr'><strong>non</strong></span> 
     </span>
     <span class='ocr_line' id='line_1_6' title="bbox 84 652 2194 738; baseline 0.003 -22"><span class='ocrx_word' id='word_1_42' title='bbox 84 667 111 708; x_wconf 83' lang='lat'><strong>5</strong></span> <span class='ocrx_word' id='word_1_43' title='bbox 138 652 457 737; x_wconf 72' lang='lat' dir='ltr'><strong>pertinet,</strong></span> <span class='ocrx_word' id='word_1_44' title='bbox 504 653 660 736; x_wconf 92' lang='lat' dir='ltr'><strong>quid</strong></span> <span class='ocrx_word' id='word_1_45' title='bbox 695 653 1151 738; x_wconf 83' lang='lat' dir='ltr'><strong>neglegentius</strong></span> <span class='ocrx_word' id='word_1_46' title='bbox 1191 659 1306 718; x_wconf 87' lang='lat' dir='ltr'><strong>aut</strong></span> <span class='ocrx_word' id='word_1_47' title='bbox 1343 655 1515 738; x_wconf 85' lang='lat' dir='ltr'><strong>quid·</strong></span> <span class='ocrx_word' id='word_1_48' title='bbox 1535 656 1801 722; x_wconf 86' lang='lat' dir='ltr'><strong>stultius</strong></span> <span class='ocrx_word' id='word_1_49' title='bbox 1837 659 2194 723; x_wconf 83' lang='lat' dir='ltr'><strong>maioribus</strong></span> 
     </span>
     <span class='ocr_line' id='line_1_7' title="bbox 138 740 2196 829; baseline 0.003 -25"><span class='ocrx_word' id='word_1_50' title='bbox 138 741 399 805; x_wconf 88' lang='lat' dir='ltr'><strong>nostris</strong></span> <span class='ocrx_word' id='word_1_51' title='bbox 448 740 573 805; x_wconf 92' lang='lat' dir='ltr'><strong>dici</strong></span> <span class='ocrx_word' id='word_1_52' title='bbox 618 744 856 824; x_wconf 87' lang='lat' dir='ltr'><strong>potest,</strong></span> <span class='ocrx_word' id='word_1_53' title='bbox 905 743 1016 826; x_wconf 82' lang='lat' dir='ltr'><strong>qui</strong></span> <span class='ocrx_word' id='word_1_54' title='bbox 1062 747 1179 806; x_wconf 89' lang='lat' dir='ltr'><strong>aut</strong></span> <span class='ocrx_word' id='word_1_55' title='bbox 1223 747 1448 807; x_wconf 89' lang='lat' dir='ltr'><strong>tantae</strong></span> <span class='ocrx_word' id='word_1_56' title='bbox 1495 743 1592 808; x_wconf 88' lang='lat' dir='ltr'><strong>rei</strong></span> <span class='ocrx_word' id='word_1_57' title='bbox 1635 745 2196 829; x_wconf 74' lang='lat' dir='ltr'><strong>praetermiserint</strong></span> 
     </span>
     <span class='ocr_line' id='line_1_8' title="bbox 140 828 2195 918; baseline 0.003 -26"><span class='ocrx_word' id='word_1_58' title='bbox 140 828 478 894; x_wconf 82' lang='lat' dir='ltr'><strong>actionem</strong></span> <span class='ocrx_word' id='word_1_59' title='bbox 527 834 642 893; x_wconf 88' lang='lat' dir='ltr'><strong>aut</strong></span> <span class='ocrx_word' id='word_1_60' title='bbox 683 851 823 894; x_wconf 90' lang='lat' dir='ltr'><strong>eam</strong></span> <span class='ocrx_word' id='word_1_61' title='bbox 862 831 1336 914; x_wconf 86' lang='lat' dir='ltr'><strong>constituerint,</strong></span> <span class='ocrx_word' id='word_1_62' title='bbox 1381 852 1546 915; x_wconf 87' lang='lat' dir='ltr'><strong>quae</strong></span> <span class='ocrx_word' id='word_1_63' title='bbox 1580 853 1996 918; x_wconf 84' lang='lat' dir='ltr'><strong>nequaquam</strong></span> <span class='ocrx_word' id='word_1_64' title='bbox 2034 835 2195 899; x_wconf 84' lang='lat' dir='ltr'><strong>satis</strong></span> 
     </span>
     <span class='ocr_line' id='line_1_9' title="bbox 138 917 2196 1004; baseline 0.003 -23"><span class='ocrx_word' id='word_1_65' title='bbox 138 917 373 982; x_wconf 88' lang='lat' dir='ltr'><strong>verbis</strong></span> <span class='ocrx_word' id='word_1_66' title='bbox 429 938 693 982; x_wconf 90' lang='lat' dir='ltr'><strong>causam</strong></span> <span class='ocrx_word' id='word_1_67' title='bbox 740 922 808 984; x_wconf 87' lang='lat' dir='ltr'><strong>et</strong></span> <span class='ocrx_word' id='word_1_68' title='bbox 851 919 1176 984; x_wconf 90' lang='lat' dir='ltr'><strong>rationem</strong></span> <span class='ocrx_word' id='word_1_69' title='bbox 1221 919 1382 984; x_wconf 86' lang='lat' dir='ltr'><strong>iuris</strong></span> <span class='ocrx_word' id='word_1_70' title='bbox 1431 919 1978 1004; x_wconf 79' lang='lat' dir='ltr'><strong>amplecteretur?</strong></span> <span class='ocrx_word' id='word_1_71' title='bbox 2051 921 2196 988; x_wconf 88' lang='lat' dir='ltr'><strong>Hoc</strong></span> 
     </span>
     <span class='ocr_line' id='line_1_10' title="bbox 141 1005 2196 1095; baseline 0.003 -26"><span class='ocrx_word' id='word_1_72' title='bbox 141 1009 245 1069; x_wconf 89' lang='lat' dir='ltr'><strong>est</strong></span> <span class='ocrx_word' id='word_1_73' title='bbox 290 1005 761 1090; x_wconf 87' lang='lat' dir='ltr'><strong>periculosum,</strong></span> <span class='ocrx_word' id='word_1_74' title='bbox 811 1007 1082 1072; x_wconf 81' lang='lat' dir='ltr'><strong>dissolvi</strong></span> <span class='ocrx_word' id='word_1_75' title='bbox 1126 1008 1251 1073; x_wconf 91' lang='lat' dir='ltr'><strong>hoc</strong></span> <span class='ocrx_word' id='word_1_76' title='bbox 1297 1007 1743 1094; x_wconf 85' lang='lat' dir='ltr'><strong>interdictum,</strong></span> <span class='ocrx_word' id='word_1_77' title='bbox 1800 1014 1902 1075; x_wconf 91' lang='lat' dir='ltr'><strong>est</strong></span> <span class='ocrx_word' id='word_1_78' title='bbox 1949 1011 2196 1095; x_wconf 88' lang='lat' dir='ltr'><strong>captio-</strong></span> 
     </span>
     <span class='ocr_line' id='line_1_11' title="bbox 60 1093 2194 1183; baseline 0.003 -26"><span class='ocrx_word' id='word_1_79' title='bbox 60 1109 113 1148; x_wconf 77' lang='grc'><strong>10</strong></span> <span class='ocrx_word' id='word_1_80' title='bbox 143 1116 293 1158; x_wconf 89' lang='lat' dir='ltr'><strong>sum</strong></span> <span class='ocrx_word' id='word_1_81' title='bbox 361 1093 663 1160; x_wconf 90' lang='lat' dir='ltr'><strong>omnibus</strong></span> <span class='ocrx_word' id='word_1_82' title='bbox 724 1116 862 1160; x_wconf 89' lang='lat' dir='ltr'><strong>rem</strong></span> <span class='ocrx_word' id='word_1_83' title='bbox 921 1096 1128 1160; x_wconf 90' lang='lat' dir='ltr'><strong>ullam</strong></span> <span class='ocrx_word' id='word_1_84' title='bbox 1190 1097 1500 1162; x_wconf 89' lang='lat' dir='ltr'><strong>constitui</strong></span> <span class='ocrx_word' id='word_1_85' title='bbox 1561 1097 1700 1162; x_wconf 86' lang='lat' dir='ltr'><strong>eius</strong></span> <span class='ocrx_word' id='word_1_86' title='bbox 1759 1098 1963 1181; x_wconf 89' lang='lat' dir='ltr'><strong>modi,</strong></span> <span class='ocrx_word' id='word_1_87' title='bbox 2030 1121 2194 1183; x_wconf 91' lang='lat' dir='ltr'><strong>quae</strong></span> 
     </span>
     <span class='ocr_line' id='line_1_12' title="bbox 142 1182 2196 1271; baseline 0.002 -23"><span class='ocrx_word' id='word_1_88' title='bbox 142 1204 295 1248; x_wconf 89' lang='lat' dir='ltr'><strong>cum</strong></span> <span class='ocrx_word' id='word_1_89' title='bbox 348 1182 550 1246; x_wconf 86' lang='lat' dir='ltr'><strong>armis</strong></span> <span class='ocrx_word' id='word_1_90' title='bbox 598 1187 787 1268; x_wconf 83' lang='lat' dir='ltr'><strong>gesta</strong></span> <span class='ocrx_word' id='word_1_91' title='bbox 833 1184 949 1266; x_wconf 87' lang='lat' dir='ltr'><strong>sit,</strong></span> <span class='ocrx_word' id='word_1_92' title='bbox 994 1183 1276 1250; x_wconf 86' lang='lat' dir='ltr'><strong>rescindi</strong></span> <span class='ocrx_word' id='word_1_93' title='bbox 1320 1184 1460 1249; x_wconf 88' lang='lat' dir='ltr'><strong>iure</strong></span> <span class='ocrx_word' id='word_1_94' title='bbox 1505 1207 1640 1250; x_wconf 90' lang='lat' dir='ltr'><strong>non</strong></span> <span class='ocrx_word' id='word_1_95' title='bbox 1684 1188 1923 1271; x_wconf 82' lang='lat' dir='ltr'><strong>possit3</strong></span> <span class='ocrx_word' id='word_1_96' title='bbox 1968 1209 2196 1252; x_wconf 85' lang='lat' dir='ltr'><strong>verum</strong></span> 
     </span>
     <span class='ocr_line' id='line_1_13' title="bbox 142 1269 2196 1358; baseline 0.003 -24"><span class='ocrx_word' id='word_1_97' title='bbox 142 1276 377 1336; x_wconf 86' lang='lat' dir='ltr'><strong>tamen</strong></span> <span class='ocrx_word' id='word_1_98' title='bbox 420 1269 587 1335; x_wconf 88' lang='lat' dir='ltr'><strong>illud</strong></span> <span class='ocrx_word' id='word_1_99' title='bbox 632 1274 733 1336; x_wconf 88' lang='lat' dir='ltr'><strong>est</strong></span> <span class='ocrx_word' id='word_1_100' title='bbox 768 1272 1243 1356; x_wconf 89' lang='lat' dir='ltr'><strong>turpissimum,</strong></span> <span class='ocrx_word' id='word_1_101' title='bbox 1290 1277 1517 1338; x_wconf 87' lang='lat' dir='ltr'><strong>tantae</strong></span> <span class='ocrx_word' id='word_1_102' title='bbox 1555 1273 1877 1339; x_wconf 77' lang='lat' dir='ltr'><strong>stultitiae</strong></span> <span class='ocrx_word' id='word_1_103' title='bbox 1916 1276 2196 1358; x_wconf 88' lang='lat' dir='ltr'><strong>pruden-</strong></span> 
     </span>
     <span class='ocr_line' id='line_1_14' title="bbox 139 1358 2194 1444; baseline 0.002 -21"><span class='ocrx_word' id='word_1_104' title='bbox 139 1359 447 1424; x_wconf 80' lang='lat' dir='ltr'><strong>tissimos</strong></span> <span class='ocrx_word' id='word_1_105' title='bbox 500 1358 801 1424; x_wconf 88' lang='lat' dir='ltr'><strong>homines</strong></span> <span class='ocrx_word' id='word_1_106' title='bbox 858 1360 1300 1444; x_wconf 88' lang='lat' dir='ltr'><strong>condemnari,</strong></span> <span class='ocrx_word' id='word_1_107' title='bbox 1355 1365 1429 1425; x_wconf 90' lang='lat' dir='ltr'><strong>ut</strong></span> <span class='ocrx_word' id='word_1_108' title='bbox 1481 1383 1600 1426; x_wconf 84' lang='lat' dir='ltr'><strong>vos</strong></span> <span class='ocrx_word' id='word_1_109' title='bbox 1658 1361 1955 1428; x_wconf 86' lang='lat' dir='ltr'><strong>iudicetis</strong></span> <span class='ocrx_word' id='word_1_110' title='bbox 2001 1363 2194 1428; x_wconf 88' lang='lat' dir='ltr'><strong>huius</strong></span> 
     </span>
     <span class='ocr_line' id='line_1_15' title="bbox 138 1446 2194 1531; baseline 0.003 -21"><span class='ocrx_word' id='word_1_111' title='bbox 138 1448 239 1511; x_wconf 86' lang='lat' dir='ltr'><strong>rei</strong></span> <span class='ocrx_word' id='word_1_112' title='bbox 294 1446 406 1512; x_wconf 90' lang='lat' dir='ltr'><strong>ius</strong></span> <span class='ocrx_word' id='word_1_113' title='bbox 463 1451 659 1531; x_wconf 84' lang='lat' dir='ltr'><strong>atque</strong></span> <span class='ocrx_word' id='word_1_114' title='bbox 715 1447 1043 1513; x_wconf 86' lang='lat' dir='ltr'><strong>actionem</strong></span> <span class='ocrx_word' id='word_1_115' title='bbox 1090 1449 1161 1514; x_wconf 91' lang='lat' dir='ltr'><strong>in</strong></span> <span class='ocrx_word' id='word_1_116' title='bbox 1206 1452 1493 1514; x_wconf 84' lang='lat' dir='ltr'><strong>mentem</strong></span> <span class='ocrx_word' id='word_1_117' title='bbox 1542 1450 1902 1516; x_wconf 89' lang='lat' dir='ltr'><strong>maioribus</strong></span> <span class='ocrx_word' id='word_1_118' title='bbox 1946 1453 2194 1517; x_wconf 88' lang='lat' dir='ltr'><strong>nostris</strong></span> 
     </span>
     <span class='ocr_line' id='line_1_16' title="bbox 62 1549 603 1600; baseline -0.002 -1"><span class='ocrx_word' id='word_1_119' title='bbox 62 1549 112 1592; x_wconf 84' lang='lat'><strong>1⁵</strong></span> <span class='ocrx_word' id='word_1_120' title='bbox 136 1558 276 1600; x_wconf 87' lang='lat' dir='ltr'><strong>non</strong></span> <span class='ocrx_word' id='word_1_121' title='bbox 322 1556 603 1599; x_wconf 79' lang='lat' dir='ltr'><strong>venisse.</strong></span> 
     </span>
    </p>

    <p class='ocr_par' dir='ltr' id='par_1_3' title="bbox 139 1621 2294 1973">
     <span class='ocr_line' id='line_1_17' title="bbox 282 1621 2294 1708; baseline 0.003 -22"><span class='ocrx_word' id='word_1_122' title='bbox 282 1621 731 1708; x_wconf 74' lang='lat' dir='ltr'><strong>‘Queramur&#39;,</strong></span> <span class='ocrx_word' id='word_1_123' title='bbox 794 1624 1035 1708; x_wconf 88' lang='lat' dir='ltr'><strong>inquit,</strong></span> <span class='ocrx_word' id='word_1_124' title='bbox 1100 1622 1310 1708; x_wconf 77' lang='lat' dir='ltr'><strong>‘licet3</strong></span> <span class='ocrx_word' id='word_1_125' title='bbox 1373 1629 1596 1690; x_wconf 86' lang='lat' dir='ltr'><strong>tamen</strong></span> <span class='ocrx_word' id='word_1_126' title='bbox 1659 1627 1786 1691; x_wconf 90' lang='lat' dir='ltr'><strong>hoc</strong></span> <span class='ocrx_word' id='word_1_127' title='bbox 1845 1628 2192 1693; x_wconf 87' lang='lat' dir='ltr'><strong>interdicto</strong></span> <span class='ocrx_word' id='word_1_128' title='bbox 2233 1626 2294 1674; x_wconf 84' lang='lat'><strong>4¹</strong></span> 
     </span>
     <span class='ocr_line' id='line_1_18' title="bbox 140 1711 2228 1789; baseline 0.001 -13"><span class='ocrx_word' id='word_1_129' title='bbox 140 1711 478 1778; x_wconf 86' lang='lat' dir='ltr'><strong>Aebutius</strong></span> <span class='ocrx_word' id='word_1_130' title='bbox 524 1733 656 1776; x_wconf 88' lang='lat' dir='ltr'><strong>non</strong></span> <span class='ocrx_word' id='word_1_131' title='bbox 699 1711 1001 1778; x_wconf 68' lang='lat' dir='ltr'><strong>tenetur?</strong></span> <span class='ocrx_word' id='word_1_132' title='bbox 1076 1712 1243 1788; x_wconf 84' lang='lat' dir='ltr'><strong>Quid</strong></span> <span class='ocrx_word' id='word_1_133' title='bbox 1281 1713 1419 1778; x_wconf 77' lang='lat' dir='ltr'><strong>ita?</strong></span> <span class='ocrx_word' id='word_1_134' title='bbox 1495 1712 1704 1789; x_wconf 80' lang='lat' dir='ltr'><strong>‘Quod</strong></span> <span class='ocrx_word' id='word_1_135' title='bbox 1743 1716 1844 1780; x_wconf 85' lang='lat' dir='ltr'><strong>vis</strong></span> <span class='ocrx_word' id='word_1_136' title='bbox 1882 1713 2228 1780; x_wconf 45' lang='lat' dir='ltr'><strong>Caecinae*</strong></span> 
     </span>
     <span class='ocr_line' id='line_1_19' title="bbox 139 1798 2196 1886; baseline 0.001 -22"><span class='ocrx_word' id='word_1_137' title='bbox 139 1801 325 1865; x_wconf 86' lang='lat' dir='ltr'><strong>facta</strong></span> <span class='ocrx_word' id='word_1_138' title='bbox 374 1821 516 1865; x_wconf 67' lang='lat' dir='ltr'><strong>non⁴</strong></span> <span class='ocrx_word' id='word_1_139' title='bbox 560 1798 707 1864; x_wconf 73' lang='lat' dir='ltr'><strong>est-⁹</strong></span> <span class='ocrx_word' id='word_1_140' title='bbox 798 1799 948 1864; x_wconf 89' lang='lat' dir='ltr'><strong>Dici</strong></span> <span class='ocrx_word' id='word_1_141' title='bbox 994 1801 1064 1864; x_wconf 88' lang='lat' dir='ltr'><strong>in</strong></span> <span class='ocrx_word' id='word_1_142' title='bbox 1108 1803 1236 1866; x_wconf 82' lang='lat' dir='ltr'><strong>hac</strong></span> <span class='ocrx_word' id='word_1_143' title='bbox 1289 1823 1484 1866; x_wconf 89' lang='lat' dir='ltr'><strong>causa</strong></span> <span class='ocrx_word' id='word_1_144' title='bbox 1538 1805 1783 1886; x_wconf 83' lang='lat' dir='ltr'><strong>potest,</strong></span> <span class='ocrx_word' id='word_1_145' title='bbox 1840 1803 1956 1868; x_wconf 88' lang='lat' dir='ltr'><strong>ubi</strong></span> <span class='ocrx_word' id='word_1_146' title='bbox 2014 1825 2196 1867; x_wconf 85' lang='lat' dir='ltr'><strong>arma</strong></span> 
     </span>
     <span class='ocr_line' id='line_1_20' title="bbox 141 1888 2195 1973; baseline 0 -18"><span class='ocrx_word' id='word_1_147' title='bbox 141 1889 420 1965; x_wconf 86' lang='lat' dir='ltr'><strong>fuerint,</strong></span> <span class='ocrx_word' id='word_1_148' title='bbox 475 1888 590 1953; x_wconf 91' lang='lat' dir='ltr'><strong>ubi</strong></span> <span class='ocrx_word' id='word_1_149' title='bbox 642 1891 870 1954; x_wconf 88' lang='lat' dir='ltr'><strong>coacta</strong></span> <span class='ocrx_word' id='word_1_150' title='bbox 913 1889 1255 1955; x_wconf 89' lang='lat' dir='ltr'><strong>hominum</strong></span> <span class='ocrx_word' id='word_1_151' title='bbox 1304 1890 1683 1973; x_wconf 87' lang='lat' dir='ltr'><strong>multitudo,</strong></span> <span class='ocrx_word' id='word_1_152' title='bbox 1730 1891 1842 1956; x_wconf 91' lang='lat' dir='ltr'><strong>ubi</strong></span> <span class='ocrx_word' id='word_1_153' title='bbox 1890 1892 2195 1959; x_wconf 85' lang='lat' dir='ltr'><strong>instructi</strong></span> 
     </span>
    </p>

    <p class='ocr_par' dir='ltr' id='par_1_4' title="bbox 64 1977 2194 2416">
     <span class='ocr_line' id='line_1_21' title="bbox 64 1977 2194 2063; baseline 0.001 -21"><span class='ocrx_word' id='word_1_154' title='bbox 64 1992 115 2033; x_wconf 82' lang='lat'><strong>20</strong></span> <span class='ocrx_word' id='word_1_155' title='bbox 144 1984 211 2043; x_wconf 91' lang='lat' dir='ltr'><strong>et</strong></span> <span class='ocrx_word' id='word_1_156' title='bbox 254 1978 462 2043; x_wconf 87' lang='lat' dir='ltr'><strong>certis</strong></span> <span class='ocrx_word' id='word_1_157' title='bbox 510 1977 672 2042; x_wconf 89' lang='lat' dir='ltr'><strong>locis</strong></span> <span class='ocrx_word' id='word_1_158' title='bbox 711 1999 859 2042; x_wconf 92' lang='lat' dir='ltr'><strong>cum</strong></span> <span class='ocrx_word' id='word_1_159' title='bbox 894 1977 1069 2044; x_wconf 86' lang='lat' dir='ltr'><strong>ferro</strong></span> <span class='ocrx_word' id='word_1_160' title='bbox 1106 1979 1406 2046; x_wconf 87' lang='lat' dir='ltr'><strong>homines</strong></span> <span class='ocrx_word' id='word_1_161' title='bbox 1444 1980 1763 2063; x_wconf 83' lang='lat' dir='ltr'><strong>collocati,</strong></span> <span class='ocrx_word' id='word_1_162' title='bbox 1808 1981 1921 2044; x_wconf 90' lang='lat' dir='ltr'><strong>ubi</strong></span> <span class='ocrx_word' id='word_1_163' title='bbox 1959 1982 2194 2063; x_wconf 90' lang='lat' dir='ltr'><strong>minae,</strong></span> 
     </span>
     <span class='ocr_line' id='line_1_22' title="bbox 140 2066 2194 2153; baseline 0.001 -22"><span class='ocrx_word' id='word_1_164' title='bbox 140 2066 441 2151; x_wconf 90' lang='lat' dir='ltr'><strong>pericula</strong></span> <span class='ocrx_word' id='word_1_165' title='bbox 468 2069 878 2150; x_wconf 89' lang='lat' dir='ltr'><strong>terroresque</strong></span> <span class='ocrx_word' id='word_1_166' title='bbox 906 2068 1156 2151; x_wconf 88' lang='lat' dir='ltr'><strong>mortis,</strong></span> <span class='ocrx_word' id='word_1_167' title='bbox 1183 2067 1278 2131; x_wconf 90' lang='lat' dir='ltr'><strong>ibi</strong></span> <span class='ocrx_word' id='word_1_168' title='bbox 1305 2068 1438 2132; x_wconf 82' lang='lat' dir='ltr'><strong>vim</strong></span> <span class='ocrx_word' id='word_1_169' title='bbox 1466 2090 1600 2131; x_wconf 90' lang='lat' dir='ltr'><strong>non</strong></span> <span class='ocrx_word' id='word_1_170' title='bbox 1627 2068 1874 2132; x_wconf 79' lang='lat' dir='ltr'><strong>fuisse?</strong></span> <span class='ocrx_word' id='word_1_171' title='bbox 1915 2067 2194 2153; x_wconf 74' lang='lat' dir='ltr'><strong>‘Nemo&#39;,</strong></span> 
     </span>
     <span class='ocr_line' id='line_1_23' title="bbox 141 2152 2193 2239; baseline 0.001 -20"><span class='ocrx_word' id='word_1_172' title='bbox 141 2156 386 2239; x_wconf 85' lang='lat' dir='ltr'><strong>inquit,</strong></span> <span class='ocrx_word' id='word_1_173' title='bbox 435 2153 707 2219; x_wconf 78' lang='lat' dir='ltr'><strong>‘occisus</strong></span> <span class='ocrx_word' id='word_1_174' title='bbox 737 2157 837 2219; x_wconf 89' lang='lat' dir='ltr'><strong>est</strong></span> <span class='ocrx_word' id='word_1_175' title='bbox 864 2176 1073 2239; x_wconf 89' lang='lat' dir='ltr'><strong>neque</strong></span> <span class='ocrx_word' id='word_1_176' title='bbox 1102 2152 1468 2220; x_wconf 67' lang='lat' dir='ltr'><strong>sauciatus?</strong></span> <span class='ocrx_word' id='word_1_177' title='bbox 1542 2154 1711 2230; x_wconf 81' lang='lat' dir='ltr'><strong>Quid</strong></span> <span class='ocrx_word' id='word_1_178' title='bbox 1739 2156 1883 2221; x_wconf 77' lang='lat' dir='ltr'><strong>ais?</strong></span> <span class='ocrx_word' id='word_1_179' title='bbox 1931 2178 2076 2221; x_wconf 91' lang='lat' dir='ltr'><strong>cum</strong></span> <span class='ocrx_word' id='word_1_180' title='bbox 2114 2157 2193 2221; x_wconf 90' lang='lat' dir='ltr'><strong>de</strong></span> 
     </span>
     <span class='ocr_line' id='line_1_24' title="bbox 141 2242 2193 2327; baseline 0.001 -20"><span class='ocrx_word' id='word_1_181' title='bbox 141 2242 589 2327; x_wconf 87' lang='lat' dir='ltr'><strong>possessionis</strong></span> <span class='ocrx_word' id='word_1_182' title='bbox 645 2244 1088 2309; x_wconf 85' lang='lat' dir='ltr'><strong>controversia</strong></span> <span class='ocrx_word' id='word_1_183' title='bbox 1140 2248 1207 2308; x_wconf 92' lang='lat' dir='ltr'><strong>et</strong></span> <span class='ocrx_word' id='word_1_184' title='bbox 1262 2243 1342 2307; x_wconf 90' lang='lat' dir='ltr'><strong>de</strong></span> <span class='ocrx_word' id='word_1_185' title='bbox 1395 2245 1802 2327; x_wconf 84' lang='lat' dir='ltr'><strong>privatorum</strong></span> <span class='ocrx_word' id='word_1_186' title='bbox 1848 2245 2193 2309; x_wconf 86' lang='lat' dir='ltr'><strong>hominum</strong></span> 
     </span>
     <span class='ocr_line' id='line_1_25' title="bbox 144 2331 2194 2416; baseline -0 -20"><span class='ocrx_word' id='word_1_187' title='bbox 144 2331 577 2397; x_wconf 88' lang='lat' dir='ltr'><strong>contentione</strong></span> <span class='ocrx_word' id='word_1_188' title='bbox 640 2331 800 2395; x_wconf 89' lang='lat' dir='ltr'><strong>iuris</strong></span> <span class='ocrx_word' id='word_1_189' title='bbox 854 2332 1223 2416; x_wconf 85' lang='lat' dir='ltr'><strong>loquamur,</strong></span> <span class='ocrx_word' id='word_1_190' title='bbox 1286 2337 1360 2397; x_wconf 90' lang='lat' dir='ltr'><strong>tu</strong></span> <span class='ocrx_word' id='word_1_191' title='bbox 1413 2333 1546 2397; x_wconf 86' lang='lat' dir='ltr'><strong>vim</strong></span> <span class='ocrx_word' id='word_1_192' title='bbox 1600 2333 1875 2415; x_wconf 85' lang='lat' dir='ltr'><strong>negabis</strong></span> <span class='ocrx_word' id='word_1_193' title='bbox 1928 2334 2194 2416; x_wconf 87' lang='lat' dir='ltr'><strong>factam,</strong></span> 
     </span>
    </p>

    <p class='ocr_par' dir='ltr' id='par_1_5' title="bbox 66 2419 2300 2856">
     <span class='ocr_line' id='line_1_26' title="bbox 66 2419 2191 2506; baseline 0.001 -23"><span class='ocrx_word' id='word_1_194' title='bbox 66 2433 116 2473; x_wconf 79' lang='lat'><strong>25</strong></span> <span class='ocrx_word' id='word_1_195' title='bbox 145 2421 202 2483; x_wconf 87' lang='lat' dir='ltr'><strong>si</strong></span> <span class='ocrx_word' id='word_1_196' title='bbox 259 2419 501 2484; x_wconf 85' lang='lat' dir='ltr'><strong>caedes</strong></span> <span class='ocrx_word' id='word_1_197' title='bbox 557 2422 623 2482; x_wconf 90' lang='lat' dir='ltr'><strong>et</strong></span> <span class='ocrx_word' id='word_1_198' title='bbox 677 2419 915 2485; x_wconf 90' lang='lat' dir='ltr'><strong>occisio</strong></span> <span class='ocrx_word' id='word_1_199' title='bbox 981 2419 1159 2485; x_wconf 87' lang='lat' dir='ltr'><strong>facta</strong></span> <span class='ocrx_word' id='word_1_200' title='bbox 1211 2442 1350 2485; x_wconf 89' lang='lat' dir='ltr'><strong>non</strong></span> <span class='ocrx_word' id='word_1_201' title='bbox 1405 2420 1570 2485; x_wconf 77' lang='lat' dir='ltr'><strong>erit?</strong></span> <span class='ocrx_word' id='word_1_202' title='bbox 1661 2420 1808 2506; x_wconf 83' lang='lat' dir='ltr'><strong>Ego</strong></span> <span class='ocrx_word' id='word_1_203' title='bbox 1871 2423 2191 2486; x_wconf 86' lang='lat' dir='ltr'><strong>exercitus</strong></span> 
     </span>
     <span class='ocr_line' id='line_1_27' title="bbox 144 2508 2190 2593; baseline 0 -20"><span class='ocrx_word' id='word_1_204' title='bbox 144 2508 477 2573; x_wconf 86' lang='lat' dir='ltr'><strong>maximos</strong></span> <span class='ocrx_word' id='word_1_205' title='bbox 544 2528 734 2591; x_wconf 90' lang='lat' dir='ltr'><strong>saepe</strong></span> <span class='ocrx_word' id='word_1_206' title='bbox 797 2509 1021 2592; x_wconf 88' lang='lat' dir='ltr'><strong>pulsos</strong></span> <span class='ocrx_word' id='word_1_207' title='bbox 1082 2516 1148 2572; x_wconf 87' lang='lat' dir='ltr'><strong>et</strong></span> <span class='ocrx_word' id='word_1_208' title='bbox 1205 2509 1470 2593; x_wconf 83' lang='lat' dir='ltr'><strong>fugatos</strong></span> <span class='ocrx_word' id='word_1_209' title='bbox 1532 2529 1675 2573; x_wconf 88' lang='lat' dir='ltr'><strong>esse</strong></span> <span class='ocrx_word' id='word_1_210' title='bbox 1738 2510 1883 2574; x_wconf 91' lang='lat' dir='ltr'><strong>dico</strong></span> <span class='ocrx_word' id='word_1_211' title='bbox 1943 2513 2190 2575; x_wconf 84' lang='lat' dir='ltr'><strong>terrore</strong></span> 
     </span>
     <span class='ocr_line' id='line_1_28' title="bbox 142 2596 2189 2681; baseline 0.001 -21"><span class='ocrx_word' id='word_1_212' title='bbox 142 2598 291 2680; x_wconf 90' lang='lat' dir='ltr'><strong>ipso</strong></span> <span class='ocrx_word' id='word_1_213' title='bbox 358 2597 737 2679; x_wconf 86' lang='lat' dir='ltr'><strong>impetuque</strong></span> <span class='ocrx_word' id='word_1_214' title='bbox 795 2597 1086 2662; x_wconf 89' lang='lat' dir='ltr'><strong>hostium</strong></span> <span class='ocrx_word' id='word_1_215' title='bbox 1150 2596 1291 2660; x_wconf 89' lang='lat' dir='ltr'><strong>sine</strong></span> <span class='ocrx_word' id='word_1_216' title='bbox 1357 2597 1739 2681; x_wconf 89' lang='lat' dir='ltr'><strong>cuiusquam</strong></span> <span class='ocrx_word' id='word_1_217' title='bbox 1796 2620 1929 2664; x_wconf 88' lang='lat' dir='ltr'><strong>non</strong></span> <span class='ocrx_word' id='word_1_218' title='bbox 1996 2598 2189 2662; x_wconf 89' lang='lat' dir='ltr'><strong>modo</strong></span> 
     </span>
     <span class='ocr_line' id='line_1_29' title="bbox 145 2664 2300 2789; baseline 0 -40"><span class='ocrx_word' id='word_1_219' title='bbox 145 2688 392 2767; x_wconf 88' lang='lat' dir='ltr'><strong>morte,</strong></span> <span class='ocrx_word' id='word_1_220' title='bbox 448 2704 673 2749; x_wconf 86' lang='lat' dir='ltr'><strong>verum</strong></span> <span class='ocrx_word' id='word_1_221' title='bbox 730 2684 926 2749; x_wconf 90' lang='lat' dir='ltr'><strong>etiam</strong></span> <span class='ocrx_word' id='word_1_222' title='bbox 975 2684 1259 2751; x_wconf 83' lang='lat' dir='ltr'><strong>vulnere.</strong></span> <span class='ocrx_word' id='word_1_223' title='bbox 1340 2685 1634 2769; x_wconf 83' lang='lat' dir='ltr'><strong>Etenim,</strong></span> <span class='ocrx_word' id='word_1_224' title='bbox 1687 2664 2300 2789; x_wconf 67' lang='lat' dir='ltr'><strong>recuperatoreS,14{</strong></span> 
     </span>
     <span class='ocr_line' id='line_1_30' title="bbox 145 2772 2192 2856; baseline 0 -19"><span class='ocrx_word' id='word_1_225' title='bbox 145 2795 283 2838; x_wconf 91' lang='lat' dir='ltr'><strong>non</strong></span> <span class='ocrx_word' id='word_1_226' title='bbox 334 2794 415 2837; x_wconf 90' lang='lat' dir='ltr'><strong>ea</strong></span> <span class='ocrx_word' id='word_1_227' title='bbox 464 2774 605 2836; x_wconf 91' lang='lat' dir='ltr'><strong>sola</strong></span> <span class='ocrx_word' id='word_1_228' title='bbox 649 2772 749 2837; x_wconf 86' lang='lat' dir='ltr'><strong>vis</strong></span> <span class='ocrx_word' id='word_1_229' title='bbox 798 2776 922 2849; x_wconf 86' lang='lat' dir='ltr'><strong>est,</strong></span> <span class='ocrx_word' id='word_1_230' title='bbox 981 2793 1145 2855; x_wconf 91' lang='lat' dir='ltr'><strong>quae</strong></span> <span class='ocrx_word' id='word_1_231' title='bbox 1201 2772 1284 2836; x_wconf 91' lang='lat' dir='ltr'><strong>ad</strong></span> <span class='ocrx_word' id='word_1_232' title='bbox 1341 2794 1574 2856; x_wconf 92' lang='lat' dir='ltr'><strong>corpus</strong></span> <span class='ocrx_word' id='word_1_233' title='bbox 1620 2779 1917 2839; x_wconf 89' lang='lat' dir='ltr'><strong>nostrum</strong></span> <span class='ocrx_word' id='word_1_234' title='bbox 1962 2775 2192 2838; x_wconf 86' lang='lat' dir='ltr'><strong>vitam-</strong></span> 
     </span>
    </p>

    <p class='ocr_par' dir='ltr' id='par_1_6' title="bbox 66 2860 2191 3298">
     <span class='ocr_line' id='line_1_31' title="bbox 66 2860 2190 2947; baseline 0.001 -22"><span class='ocrx_word' id='word_1_235' title='bbox 66 2874 121 2915; x_wconf 75' lang='grc'><strong>30</strong></span> <span class='ocrx_word' id='word_1_236' title='bbox 148 2882 275 2947; x_wconf 92' lang='lat' dir='ltr'><strong>que</strong></span> <span class='ocrx_word' id='word_1_237' title='bbox 316 2861 636 2944; x_wconf 85' lang='lat' dir='ltr'><strong>pervenit,</strong></span> <span class='ocrx_word' id='word_1_238' title='bbox 682 2860 793 2925; x_wconf 88' lang='lat' dir='ltr'><strong>sed</strong></span> <span class='ocrx_word' id='word_1_239' title='bbox 832 2860 1029 2925; x_wconf 90' lang='lat' dir='ltr'><strong>etiam</strong></span> <span class='ocrx_word' id='word_1_240' title='bbox 1069 2861 1274 2925; x_wconf 91' lang='lat' dir='ltr'><strong>multo</strong></span> <span class='ocrx_word' id='word_1_241' title='bbox 1313 2862 1523 2927; x_wconf 90' lang='lat' dir='ltr'><strong>maior</strong></span> <span class='ocrx_word' id='word_1_242' title='bbox 1561 2882 1656 2945; x_wconf 91' lang='lat' dir='ltr'><strong>ea,</strong></span> <span class='ocrx_word' id='word_1_243' title='bbox 1701 2884 1864 2946; x_wconf 91' lang='lat' dir='ltr'><strong>quae</strong></span> <span class='ocrx_word' id='word_1_244' title='bbox 1900 2861 2190 2947; x_wconf 86' lang='lat' dir='ltr'><strong>periculo</strong></span> 
     </span>
     <span class='ocr_line' id='line_1_32' title="bbox 146 2948 2191 3035; baseline 0.001 -22"><span class='ocrx_word' id='word_1_245' title='bbox 146 2949 386 3014; x_wconf 88' lang='lat' dir='ltr'><strong>mortis</strong></span> <span class='ocrx_word' id='word_1_246' title='bbox 460 2948 701 3013; x_wconf 87' lang='lat' dir='ltr'><strong>iniecto</strong></span> <span class='ocrx_word' id='word_1_247' title='bbox 776 2948 1120 3013; x_wconf 87' lang='lat' dir='ltr'><strong>formidine</strong></span> <span class='ocrx_word' id='word_1_248' title='bbox 1194 2950 1485 3013; x_wconf 89' lang='lat' dir='ltr'><strong>animum</strong></span> <span class='ocrx_word' id='word_1_249' title='bbox 1557 2951 1973 3035; x_wconf 88' lang='lat' dir='ltr'><strong>perterritum</strong></span> <span class='ocrx_word' id='word_1_250' title='bbox 2047 2951 2191 3015; x_wconf 92' lang='lat' dir='ltr'><strong>loco</strong></span> 
     </span>
     <span class='ocr_line' id='line_1_33' title="bbox 148 3037 2189 3121; baseline 0 -20"><span class='ocrx_word' id='word_1_251' title='bbox 148 3059 349 3121; x_wconf 88' lang='lat' dir='ltr'><strong>saepe</strong></span> <span class='ocrx_word' id='word_1_252' title='bbox 396 3040 465 3101; x_wconf 88' lang='lat' dir='ltr'><strong>et</strong></span> <span class='ocrx_word' id='word_1_253' title='bbox 510 3040 689 3101; x_wconf 87' lang='lat' dir='ltr'><strong>certo</strong></span> <span class='ocrx_word' id='word_1_254' title='bbox 738 3037 815 3101; x_wconf 90' lang='lat' dir='ltr'><strong>de</strong></span> <span class='ocrx_word' id='word_1_255' title='bbox 866 3041 1048 3111; x_wconf 82' lang='lat' dir='ltr'><strong>statu</strong></span> <span class='ocrx_word' id='word_1_256' title='bbox 1092 3038 1407 3102; x_wconf 82' lang='lat' dir='ltr'><strong>demovet.</strong></span> <span class='ocrx_word' id='word_1_257' title='bbox 1489 3037 1722 3120; x_wconf 87' lang='lat' dir='ltr'><strong>Itaque</strong></span> <span class='ocrx_word' id='word_1_258' title='bbox 1761 3038 1963 3103; x_wconf 87' lang='lat' dir='ltr'><strong>saucii</strong></span> <span class='ocrx_word' id='word_1_259' title='bbox 1997 3059 2189 3121; x_wconf 87' lang='lat' dir='ltr'><strong>saepe</strong></span> 
     </span>
     <span class='ocr_line' id='line_1_34' title="bbox 145 3125 2190 3209; baseline -0.001 -19"><span class='ocrx_word' id='word_1_260' title='bbox 145 3126 451 3191; x_wconf 88' lang='lat' dir='ltr'><strong>homines</strong></span> <span class='ocrx_word' id='word_1_261' title='bbox 498 3146 645 3189; x_wconf 92' lang='lat' dir='ltr'><strong>cum</strong></span> <span class='ocrx_word' id='word_1_262' title='bbox 693 3146 960 3209; x_wconf 90' lang='lat' dir='ltr'><strong>corpore</strong></span> <span class='ocrx_word' id='word_1_263' title='bbox 1008 3125 1459 3209; x_wconf 81' lang='lat' dir='ltr'><strong>debilitantur,</strong></span> <span class='ocrx_word' id='word_1_264' title='bbox 1515 3126 1730 3191; x_wconf 90' lang='lat' dir='ltr'><strong>animo</strong></span> <span class='ocrx_word' id='word_1_265' title='bbox 1791 3131 2010 3190; x_wconf 88' lang='lat' dir='ltr'><strong>tamen</strong></span> <span class='ocrx_word' id='word_1_266' title='bbox 2056 3147 2190 3190; x_wconf 92' lang='lat' dir='ltr'><strong>non</strong></span> 
     </span>
     <span class='ocr_line' id='line_1_35' title="bbox 148 3213 2191 3298; baseline 0 -21"><span class='ocrx_word' id='word_1_267' title='bbox 148 3214 393 3277; x_wconf 87' lang='lat' dir='ltr'><strong>cedunt</strong></span> <span class='ocrx_word' id='word_1_268' title='bbox 437 3233 647 3296; x_wconf 89' lang='lat' dir='ltr'><strong>neque</strong></span> <span class='ocrx_word' id='word_1_269' title='bbox 695 3235 841 3278; x_wconf 90' lang='lat' dir='ltr'><strong>eum</strong></span> <span class='ocrx_word' id='word_1_270' title='bbox 886 3213 1266 3297; x_wconf 88' lang='lat' dir='ltr'><strong>relinquunt</strong></span> <span class='ocrx_word' id='word_1_271' title='bbox 1309 3213 1544 3298; x_wconf 91' lang='lat' dir='ltr'><strong>locum,</strong></span> <span class='ocrx_word' id='word_1_272' title='bbox 1589 3236 1780 3297; x_wconf 91' lang='lat' dir='ltr'><strong>quem</strong></span> <span class='ocrx_word' id='word_1_273' title='bbox 1818 3217 2191 3278; x_wconf 87' lang='lat' dir='ltr'><strong>statuerunt</strong></span> 
     </span>
    </p>

    <p class='ocr_par' dir='ltr' id='par_1_7' title="bbox 68 3301 2190 3562">
     <span class='ocr_line' id='line_1_36' title="bbox 68 3301 2188 3387; baseline 0 -22"><span class='ocrx_word' id='word_1_274' title='bbox 68 3314 121 3357; x_wconf 78' lang='lat'><strong>35</strong></span> <span class='ocrx_word' id='word_1_275' title='bbox 148 3301 531 3384; x_wconf 82' lang='lat' dir='ltr'><strong>defendere3</strong></span> <span class='ocrx_word' id='word_1_276' title='bbox 595 3304 667 3365; x_wconf 90' lang='lat' dir='ltr'><strong>at</strong></span> <span class='ocrx_word' id='word_1_277' title='bbox 718 3301 830 3365; x_wconf 91' lang='lat' dir='ltr'><strong>alii</strong></span> <span class='ocrx_word' id='word_1_278' title='bbox 885 3302 1217 3385; x_wconf 90' lang='lat' dir='ltr'><strong>pelluntur</strong></span> <span class='ocrx_word' id='word_1_279' title='bbox 1271 3302 1539 3387; x_wconf 81' lang='lat' dir='ltr'><strong>integri3</strong></span> <span class='ocrx_word' id='word_1_280' title='bbox 1601 3306 1678 3367; x_wconf 89' lang='lat' dir='ltr'><strong>ut</strong></span> <span class='ocrx_word' id='word_1_281' title='bbox 1730 3323 1866 3366; x_wconf 89' lang='lat' dir='ltr'><strong>non</strong></span> <span class='ocrx_word' id='word_1_282' title='bbox 1922 3301 2188 3365; x_wconf 90' lang='lat' dir='ltr'><strong>dubium</strong></span> 
     </span>
     <span class='ocr_line' id='line_1_37' title="bbox 149 3388 2190 3475; baseline -0 -22"><span class='ocrx_word' id='word_1_283' title='bbox 149 3391 266 3471; x_wconf 86' lang='lat' dir='ltr'><strong>sit,</strong></span> <span class='ocrx_word' id='word_1_284' title='bbox 329 3390 489 3474; x_wconf 91' lang='lat' dir='ltr'><strong>quin</strong></span> <span class='ocrx_word' id='word_1_285' title='bbox 533 3388 744 3453; x_wconf 86' lang='lat' dir='ltr'><strong>maior</strong></span> <span class='ocrx_word' id='word_1_286' title='bbox 800 3389 1091 3454; x_wconf 89' lang='lat' dir='ltr'><strong>adhibita</strong></span> <span class='ocrx_word' id='word_1_287' title='bbox 1135 3390 1233 3455; x_wconf 85' lang='lat' dir='ltr'><strong>vis</strong></span> <span class='ocrx_word' id='word_1_288' title='bbox 1282 3391 1342 3454; x_wconf 90' lang='lat' dir='ltr'><strong>ei</strong></span> <span class='ocrx_word' id='word_1_289' title='bbox 1388 3391 1499 3475; x_wconf 90' lang='lat' dir='ltr'><strong>sit,</strong></span> <span class='ocrx_word' id='word_1_290' title='bbox 1555 3391 1738 3455; x_wconf 91' lang='lat' dir='ltr'><strong>cuius</strong></span> <span class='ocrx_word' id='word_1_291' title='bbox 1795 3389 2053 3453; x_wconf 89' lang='lat' dir='ltr'><strong>animus</strong></span> <span class='ocrx_word' id='word_1_292' title='bbox 2101 3389 2190 3453; x_wconf 84' lang='lat' dir='ltr'><strong>sit</strong></span> 
     </span>
     <span class='ocr_line' id='line_1_38' title="bbox 148 3476 2188 3562; baseline -0.001 -19"><span class='ocrx_word' id='word_1_293' title='bbox 148 3478 571 3562; x_wconf 88' lang='lat' dir='ltr'><strong>perterritus,</strong></span> <span class='ocrx_word' id='word_1_294' title='bbox 636 3498 831 3562; x_wconf 84' lang='lat' dir='ltr'><strong>quam</strong></span> <span class='ocrx_word' id='word_1_295' title='bbox 886 3478 1012 3560; x_wconf 90' lang='lat' dir='ltr'><strong>illi,</strong></span> <span class='ocrx_word' id='word_1_296' title='bbox 1076 3478 1259 3543; x_wconf 91' lang='lat' dir='ltr'><strong>cuius</strong></span> <span class='ocrx_word' id='word_1_297' title='bbox 1323 3500 1556 3562; x_wconf 89' lang='lat' dir='ltr'><strong>corpus</strong></span> <span class='ocrx_word' id='word_1_298' title='bbox 1618 3479 2026 3544; x_wconf 86' lang='lat' dir='ltr'><strong>vulneratum</strong></span> <span class='ocrx_word' id='word_1_299' title='bbox 2083 3476 2188 3542; x_wconf 86' lang='lat' dir='ltr'><strong>sit.</strong></span> 
     </span>
    </p>

    <p class='ocr_par' dir='ltr' id='par_1_8' title="bbox 1777 3578 1856 3634">
     <span class='ocr_line' id='line_1_39' title="bbox 1777 3578 1856 3634; baseline 0 -21"><span class='ocrx_word' id='word_1_300' title='bbox 1777 3578 1856 3634; x_wconf 60' lang='lat'><strong>4*</strong></span> 
     </span>
    </p>
   </div>
  </div>
 </body>
</html>
