2534 3875
1002 0 1067 30 ‘s

890 191 1046 247 CAP.
1087 200 1225 249 6-6
1266 198 1297 259 s
1340 199 1565 251 14-19.
2104 198 2231 265 381

193 335 382 421 gium
421 358 498 401 ac
535 336 849 404 solacium
886 338 1221 422 praebent,
1268 337 1597 404 delectant
1635 338 1829 423 domi,
1864 362 1998 407 non
2032 343 2237 445 impe-

191 423 604 579 ggffissrforis'
649 430 1040 510 pernoctant
1074 426 1433 512 nobiscum,
1480 391 1999 515 peregrinantur,
2043 431 2237 497 rusti-

336 601 628 677 Quodsi
608 602 738 688 ipsi
764 601 926 667 haec
953 624 1162 688 neque
1191 603 1529 705 attingere
1544 626 1755 690 neque
1783 627 1979 671 sensu
2004 611 2233 674 nostro
2254 590 2341 659 (8)

127 705 164 747 ⁶
196 694 468 776 gustare
504 712 872 776 possemne,
917 696 1138 756 tamen
1185 713 1262 756 ea
1308 692 1535 758 mirari
1580 694 1982 778 deberemus,
2034 696 2235 762 etiam

2276 668 2339 717 17

197 801 346 845 cum
410 779 482 844 in
545 779 692 844 aliis
761 780 1146 845 videremus.
1249 780 1409 857 Quis
1464 784 1766 847 nostrum
1823 787 1961 848 tam
2016 784 2234 850 animo
2272 790 2311 853 8

197 868 451 954 agresti
498 890 572 933 ae
618 868 779 933 duro
823 867 969 953 fuit,
1017 872 1090 932 ut
1133 867 1332 934 Rosci
1378 873 1589 935 morte
1633 892 1841 957 nuper
1884 893 2019 937 non
2064 894 2236 938 com·

195 954 622 1021 moveretur?
651 956 763 1041 qui
792 978 939 1021 cum
967 961 1141 1022 esset
1169 974 1363 1022 senex
1384 962 1699 1041 mortum„
1724 963 1948 1025 tamen
1967 967 2235 1046 propter

197 1045 622 1111 excellentem
687 1049 895 1110 artem
959 1067 1035 1110 ac
1097 1049 1511 1111 venustatem
1568 1048 1914 1114 videbatur
1969 1051 2233 1115 omnino

101 1149 166 1189 10
197 1133 370 1198 mori
419 1156 558 1199 non
611 1133 929 1198 debuisse.
1018 1132 1198 1219 Ergo
1245 1134 1362 1199 ille
1407 1136 1696 1221 corporis
1747 1142 1930 1203 motu
1973 1141 2233 1203 tantum

197 1244 492 1288 amorem
555 1222 687 1288 sibi
748 1221 1125 1288 conciliarat
1187 1244 1227 1287 a
1280 1222 1472 1288 nobis
1531 1225 1861 1309 omnibus3
1922 1247 2045 1291 nos
2102 1227 2234 1292 ani·

195 1332 454 1376 morum
509 1311 922 1377 incredibiles
978 1314 1197 1376 motus
1249 1311 1778 1398 celeritatemque
1821 1314 2232 1401 ingeniorum

194 1399 664 1486 neglegemus?
729 1398 1041 1475 Quotiens
1079 1420 1203 1485 ego
1241 1401 1415 1465 hunc
1442 1400 1755 1466 Archiam
1784 1402 1933 1487 vidi,
1970 1403 2233 1487 iudiceS,

197 1486 382 1574 (utar
451 1490 622 1554 enim
674 1492 898 1553 vestra
956 1486 1391 1573 benignitate,
1457 1488 1763 1573 quoniam
1824 1512 1927 1554 me
1982 1490 2054 1555 in
2108 1492 2234 1557 11οο

103 1589 166 1632 1⁵
192 1599 368 1642 novo
407 1598 644 1663 genere
681 1576 934 1642 dicendi
970 1579 1108 1641 tam
1147 1576 1495 1661 diligenter
1534 1576 1901 1659 attenditis)
1932 1580 2232 1662 quotiens

197 1686 323 1751 ego
377 1665 553 1731 hunc
595 1664 757 1747 vidi,
811 1688 958 1731 cum
1005 1664 1300 1729 litteram
1347 1664 1718 1749 scripsisset
1759 1666 2039 1751 nullam,
2096 1690 2233 1732 ma·

197 1775 402 1839 gnum
439 1776 780 1819 numerum
818 1753 1218 1839 optimorum
1253 1773 1559 1818 versuum
1597 1753 1675 1817 de
1710 1753 1793 1817 iis
1829 1754 1991 1838 ipsis
2019 1755 2234 1839 rebus,

198 1864 366 1926 quae
401 1847 546 1907 tum
584 1846 952 1929 agerentur,
998 1840 1209 1907 dicere
1247 1862 1324 1905 ex
1362 1844 1673 1925 tempore,
1713 1842 2012 1927 quotiens
2050 1864 2232 1908 revo-

195 1937 418 1996 catum
483 1932 752 1998 eandem
815 1953 954 1996 rem
1019 1930 1230 1996 dicere
1294 1931 1710 1996 commutatis
1763 1930 1979 1997 verbis
2036 1939 2232 2017 atque

103 2033 168 2074 2⁰
197 2021 572 2086 sententiis!
636 2019 814 2097 Quae
859 2041 1012 2085 vero
1059 2023 1355 2084 accurate
1393 2019 1807 2105 cogitateque
1844 2019 2231 2104 scripsisset,

196 2130 278 2175 ea
325 2109 418 2175 sic
462 2109 597 2174 vidi
632 2108 917 2194 probari,
962 2111 1036 2172 ut
1083 2108 1166 2173 ad
1201 2112 1493 2173 veterum
1540 2107 1935 2192 scriptorum
1971 2109 2231 2173 laudem

194 2198 586 2281 perveniret.
649 2196 842 2262 Hunc
888 2217 1010 2282 ego
1056 2218 1188 2262 non
1236 2196 1530 2282 diligam,
1572 2217 1708 2260 non
1752 2196 2052 2282 admirer,
2096 2219 2232 2262 non

196 2286 380 2352 omni
422 2286 678 2351 ratione
726 2284 1193 2350 defendendum
1242 2285 1512 2368 putem?
1576 2283 1795 2370 Atque
1842 2285 1937 2350 sic
1984 2307 2023 2350 a
2060 2308 2229 2351 sum-

196 2375 326 2440 mis
379 2374 752 2440 hominibus
801 2372 1382 2456 eruditissimisque
1428 2373 1822 2457 accepimuS,
1867 2376 2229 2439 ceterarum

105 2475 166 2518 2⁵
195 2485 416 2528 rerum
471 2463 689 2528 studia
747 2485 824 2528 ex
879 2461 1174 2527 doctrina
1233 2465 1301 2526 et
1354 2461 1717 2546 praeceptis
1771 2465 1838 2526 et
1892 2466 2034 2527 arte
2078 2485 2231 2528 con-

197 2555 402 2634 stare,
466 2556 730 2636 poetam
798 2554 1034 2615 natura
1087 2551 1232 2636 ipsa
1285 2550 1505 2614 valere
1560 2553 1626 2614 et
1680 2550 1921 2615 mentis
1978 2551 2230 2617 viribus

195 2641 468 2705 excitari
514 2643 581 2705 et
625 2639 816 2722 quasi
859 2638 1077 2704 divino
1124 2639 1406 2722 quodam
1446 2638 1684 2723 spiritu
1718 2639 1949 2703 inflari.
2017 2638 2238 2716 Quare’

197 2749 320 2793 suo
371 2727 512 2793 iure
555 2733 780 2793 noster
825 2728 939 2793 ille
985 2725 1238 2792 Ennius
1284 2725 1595 2792 ‘sanctos'
1644 2729 1935 2813 appellat
1979 2731 2229 2814 poetaS,

198 2815 374 2901 quod
432 2817 620 2901 quasi
674 2817 940 2882 deorum
1005 2816 1224 2901 aliquo
1273 2816 1442 2880 dono
1492 2819 1689 2900 atque
1736 2837 2002 2882 munere
2052 2839 2230 2882 com-

105 2919 168 2960 80
195 2905 489 2970 mendati
558 2904 749 2970 nobis
823 2926 964 2970 esse
1037 2904 1399 2969 videantur.
1500 2901 1603 2969 Sit
1663 2904 1896 2988 igitur,
1966 2903 2228 2988 iudiceS,

196 2997 498 3058 sanctum
543 2993 713 3077 apud
749 3015 886 3074 vos,
929 2993 1437 3058 humanissimos
1472 2992 1791 3075 homines,
1834 2992 1959 3056 hoc
1994 2997 2229 3077 poetae

193 3103 462 3163 nomen,
519 3080 693 3166 quod
737 3081 922 3147 nulla
966 3103 1276 3166 umquam
1322 3080 1629 3146 barbaria
1672 3079 1965 3145 violavit.
2059 3077 2230 3145 Saxa

196 3173 266 3234 et
311 3169 696 3235 solitudines
741 3170 887 3236 voci
931 3169 1346 3255 respondent,
1392 3168 1642 3235 bestiae
1680 3189 1873 3252 saepe
1908 3167 2226 3232 immanes

195 3262 392 3322 cantu
451 3259 800 3324 flectuntur
845 3262 1041 3343 atque
1086 3257 1478 3338 consistunt3
1532 3277 1654 3322 nos
1699 3255 1987 3320 instituti
2030 3257 2226 3321 rebus

109 3359 168 3402 ³⁵
197 3346 468 3431 optimis
530 3369 665 3412 non
725 3351 1068 3432 poetarum
1131 3367 1289 3411 voce
1349 3344 1768 3410 moveamur?
1868 3343 2224 3409 Homerum

197 3432 591 3519 Colophonii
644 3435 852 3501 civem
912 3456 1052 3500 6666
1109 3434 1333 3500 dicunt
1388 3455 1605 3516 suum,
1661 3430 1809 3497 Chii
1854 3453 2044 3497 suum
2087 3435 2225 3498 vin·

197 3521 444 3605 dicant,
495 3521 837 3588 Salaminii
879 3526 1211 3611 repetunt,
1258 3519 1603 3606 Smyrnaei
1645 3541 1801 3586 vero
1848 3542 2039 3586 suum
2086 3542 2226 3587 esse

2274 1424 2339 1474 18

2271 2923 2335 2972 19
