2534 3875
229 1279 299 1329 85

231 2388 321 2515 ἕὲ)

339 150 428 214 66
892 147 1037 202 PRO
1076 144 1142 200 A.
1184 145 1503 201 CAECINA
1544 144 1833 201 ORATIO.

337 294 510 357 hunc
553 292 768 357 locum
814 291 990 375 fugis
1037 294 1104 355 et
1149 289 1539 355 reformidas
1588 295 1655 355 et
1701 312 1805 355 me
1854 313 1931 355 ex
1976 291 2117 374 hoc,
2166 294 2241 356 ut
2285 290 2389 356 ita

341 380 567 464 dicam,
614 402 844 465 campo
894 378 1245 465 aequitatis
1294 379 1377 443 ad
1432 378 1597 444 istas
1645 379 1992 444 verborum
2040 379 2385 464 angustias

339 474 405 533 et
453 469 534 533 ad
580 490 804 533 omnes
860 467 1232 531 litterarum
1289 467 1565 551 angulos
1610 488 1904 551 revocas„
1962 467 2033 532 in
2087 466 2169 532 iis
2216 467 2383 553 ipsis

335 557 768 622 intercludere
795 555 1069 639 insidiis,
1104 576 1266 639 quas
1313 554 1478 619 mihi
1506 554 1762 621 conaris
1792 576 2138 640 opponere.
2204 554 2385 621 ‘Non

339 645 564 727 deieci,
621 644 735 710 sed
789 643 1023 710 reieci?
1117 644 1507 709 Peracutum
1562 643 1689 709 hoc
1743 643 1871 709 tibi
1923 643 2207 725 videtur,
2271 644 2380 710 hic
2414 662 2447 703 5

338 739 440 798 est
485 756 709 798 mucro
757 730 1150 798 defensionis
1197 734 1378 815 tuae3
1433 732 1504 795 in
1550 754 1698 796 eum
1755 731 1973 817 ipsum
2021 753 2219 797 causa
2263 736 2381 797 tua

335 820 628 887 incurrat
679 842 942 885 necesse
998 823 1117 884 est.
1206 818 1355 904 Ego
1413 819 1586 885 enim
1640 819 1766 883 tibi
1821 819 2066 886 refero:
2120 817 2191 884 Si
2245 842 2383 886 non

337 931 483 976 sum
526 932 604 974 ex
641 932 717 974 eo
757 910 903 973 loco
943 907 1247 986 deiectuS,
1298 930 1425 993 quo
1461 907 1835 993 prohibitus
1875 930 2020 973 sum
2058 908 2381 991 accedere,

339 1001 410 1063 at
465 1020 542 1061 ex
598 1018 674 1061 eo
732 1019 876 1061 sum
931 996 1245 1077 deiectus,
1310 1019 1436 1082 quo
1496 996 1765 1079 accessi,
1819 996 1989 1061 unde
2044 996 2205 1083 fugi.
2308 996 2381 1062 Si

337 1088 605 1171 praetor
650 1107 784 1150 non
831 1085 1128 1148 distinxit
1174 1085 1419 1168 locum,
1467 1107 1595 1169 quo
1644 1106 1748 1149 me
1795 1084 2057 1149 restitui
2104 1086 2378 1170 iuberet,
2415 1105 2476 1143 10

340 1178 407 1239 et
450 1173 708 1238 restitui
752 1173 966 1256 iussit,
1013 1194 1144 1238 non
1191 1193 1339 1237 sum
1386 1195 1463 1238 ex
1512 1172 1769 1238 decreto
1816 1174 2181 1238 restitutus.

473 1261 709 1343 Velim,
746 1264 1252 1347 recuperatoreS,
1295 1262 1420 1326 hoc
1457 1265 1672 1326 totum
1710 1261 1768 1325 si
1805 1261 1992 1327 vobis
2030 1262 2380 1347 versutiuS,

339 1371 534 1435 quam
592 1372 740 1414 mea
793 1348 1192 1415 consuetudo
1242 1348 1624 1413 defendendi
1668 1348 1827 1433 fert,
1882 1349 2238 1434 videbitur,
2286 1351 2380 1416 sic

340 1437 756 1503 existimetis:
793 1438 1078 1523 primum
1116 1438 1337 1521 alium,
1372 1459 1506 1502 non
1544 1459 1647 1501 me
1686 1438 2111 1524 excogitasse,
2150 1438 2381 1503 deinde

338 1527 532 1592 huius
587 1527 864 1591 rationis
919 1548 1053 1591 non
1117 1525 1311 1590 modo
1371 1526 1557 1607 [non]
1615 1526 2053 1609 inventorem,
2118 1526 2233 1591 sed
2296 1548 2380 1591 ne
2412 1545 2470 1586 15

338 1614 762 1700 probatorem
809 1614 1069 1699 quidem
1108 1635 1249 1678 esse
1299 1636 1420 1697 me,
1467 1614 1663 1699 idque
1712 1636 1815 1678 me
1861 1636 1997 1679 non
2034 1614 2117 1679 ad
2164 1637 2382 1681 meam

341 1702 781 1768 defensionem
812 1703 1131 1782 attulisse,
1169 1702 1283 1766 sed
1318 1702 1583 1767 illorum
1613 1702 1974 1767 defensioni
2010 1704 2379 1786 rettulisse3

339 1814 444 1857 me
489 1812 683 1877 posse
729 1813 848 1876 pro
887 1812 1032 1856 meo
1070 1790 1209 1854 iure
1259 1789 1469 1856 dicere
1504 1812 1715 1876 neque
1760 1790 1831 1854 in
1876 1790 2000 1856 hac
2042 1813 2132 1875 re,
2178 1813 2383 1877 quam

341 1900 464 1966 ego
520 1879 794 1964 protuli,
862 1878 1086 1965 quaeri
1142 1883 1473 1966 oportere,
1540 1879 1775 1965 quibus
1830 1878 2047 1948 verbis
2107 1884 2379 1966 praetor

339 1969 762 2050 interdixerit,
809 1969 922 2033 sed
961 1967 1038 2032 de
1079 1989 1206 2052 quo
1243 1968 1390 2034 loco
1431 1969 1518 2032 sit
1555 1972 1791 2051 actum,
1835 1991 1981 2034 cum
2019 1969 2379 2053 interdixit,
2408 1988 2467 2028 20

337 2079 545 2141 neque
590 2057 661 2121 in
705 2057 772 2120 vi
811 2060 1214 2121 armatorum
1257 2056 1544 2140 spectari
1582 2061 1904 2142 oportere,
1948 2057 2018 2120 in
2065 2078 2193 2142 quo
2232 2058 2380 2123 loco

340 2144 431 2210 sit
475 2145 648 2210 facta
693 2144 793 2208 vis
805 2194 824 2226 ‚
877 2167 1104 2209 verum
1153 2144 1323 2209 sitne
1368 2144 1576 2228 facta3
1635 2149 1701 2208 te
1747 2166 1900 2210 vero
1948 2145 2134 2210 nullo
2183 2146 2380 2211 modo

337 2255 531 2317 posse
589 2232 956 2316 defendere,
1020 2232 1091 2296 in
1144 2256 1275 2316 qua
1328 2255 1399 2298 re
1456 2237 1532 2297 tu
1589 2231 1783 2316 veliS,
1835 2234 2039 2299 verba
2092 2235 2385 2317 spectari

341 2324 661 2405 oportere,
707 2321 778 2385 in
824 2342 953 2404 qua
998 2342 1068 2386 re
1113 2321 1307 2404 noliS,
1353 2343 1487 2386 non
1532 2325 1850 2405 oportere.

475 2408 720 2473 Verum
775 2413 997 2474 tamen
1052 2410 1281 2494 ecquid
1346 2409 1508 2473 mihi
1561 2409 1995 2492 respondetur
2051 2409 2134 2474 ad
2194 2410 2381 2496 illud,
2410 2429 2465 2470 25

342 2496 516 2580 quod
561 2519 683 2582 ego
732 2497 865 2561 iam
913 2501 1109 2562 antea
1155 2497 1314 2580 dixi,
1364 2519 1497 2562 non
1543 2498 1757 2562 solum
1802 2519 1873 2562 re
1921 2501 1988 2562 et
2034 2500 2381 2582 sententia,

340 2584 452 2648 sed
499 2584 716 2649 verbis
763 2607 1022 2670 quoque
1067 2585 1192 2650 hoc
1250 2584 1669 2651 interdictum
1724 2586 1821 2650 ita
1868 2605 2011 2650 esse
2056 2589 2382 2672 composi-

339 2675 506 2755 tum,
581 2676 656 2737 ut
717 2673 882 2736 nihil
954 2674 1485 2739 commutandum
1548 2673 1922 2738 videretur?
2016 2674 2384 2760 Attendite,

340 2781 608 2844 quaeSO,
658 2760 1029 2845 diligenter,
1076 2764 1595 2845 recuperatores3
1660 2766 1762 2827 est
1807 2762 1979 2827 enim
2024 2765 2230 2828 vestri
2278 2763 2383 2829 in-

341 2849 516 2931 genii
553 2869 686 2912 non
723 2871 954 2927 meam,
992 2850 1105 2913 sed
1144 2850 1467 2914 maiorum
1502 2850 1923 2936 prudentiam
1958 2871 2383 2936 cognoscere3
2412 2871 2467 2911 30

339 2958 474 3000 non
528 2937 701 3000 enim
746 2937 815 3001 id
861 2958 1005 3001 sum
1053 2937 1370 3020 dicturus,
1428 2938 1601 3022 quod
1649 2958 1772 3024 ego
1820 2939 2210 3021 invenerim,
2267 2941 2383 3005 sed

342 3023 515 3109 quod
569 3024 724 3090 illos
769 3047 903 3090 non
946 3024 1210 3112 fugerit.
1301 3023 1466 3091 Cum
1514 3026 1592 3091 de
1638 3027 1705 3091 vi
1750 3026 2192 3110 interdicitur,
2252 3027 2381 3093 duo

340 3133 582 3198 genera
627 3134 974 3178 causarum
1021 3135 1161 3178 esse
1198 3115 1696 3200 intellegebant,
1743 3114 1828 3180 ad
1874 3137 2040 3199 quae
2077 3115 2383 3182 interdic·

337 3207 482 3266 tum
530 3201 904 3284 pertineret,
951 3224 1178 3285 unum,
1225 3204 1284 3266 si
1330 3203 1442 3288 qui
1488 3224 1575 3268 ex
1623 3224 1699 3269 eo
1746 3204 1922 3288 1000,
1968 3203 2081 3268 ubi
2126 3203 2383 3287 fuisset,

343 3311 410 3353 se
459 3290 777 3355 deiectum
825 3291 1089 3375 diceret,
1138 3291 1447 3375 alterum,
1500 3291 1557 3356 si
1606 3289 1717 3376 qui
1765 3293 1856 3356 ab
1905 3313 1981 3358 eo
2029 3292 2206 3375 loco,
2254 3315 2380 3378 quo
2411 3309 2463 3350 ⁸⁵

342 3378 621 3462 veniret3
661 3384 727 3443 et
762 3379 1000 3445 horum
1027 3386 1376 3464 utrumque
1412 3401 1620 3464 neque
1657 3383 1995 3465 praeterea
2033 3381 2382 3466 quicquam

233 3480 301 3530 87
341 3469 562 3548 potest
590 3467 894 3553 accidere,
931 3472 1435 3554 recuperatores.
1507 3467 1584 3532 Id
1620 3467 1780 3533 adeo
1820 3467 1916 3534 sic
1943 3468 2381 3536 considerate:
