2534 3875
355 178 486 245 358
953 178 1097 234 PRO
1134 177 1196 234 P.
1235 176 1469 234 SULLA
1506 175 1795 233 ORATIO.

355 345 515 409 pum
562 323 884 409 aspirasse
932 322 1228 388 Su‘llam‘?
1322 322 1557 407 Atqui,
1616 323 1671 387 si
1717 326 1863 386 tum
1912 344 1986 387 se
2038 345 2195 387 cum
2242 319 2401 387 Cati·

357 414 496 478 lina
549 413 862 478 societate
917 412 1178 477 sceleris
1235 413 1684 494 coniunxerat,
1748 432 1866 474 cur
1922 411 2013 476 ab
2074 433 2157 476 eo
2214 410 2399 475 disce·

359 502 574 585 debat,
619 523 732 565 cur
778 523 925 565 cum
971 499 1297 564 Autronio
1343 521 1477 564 non
1523 504 1680 582 erat,
1726 520 1843 563 0111·
1886 498 1961 562 111
2006 500 2166 583 pari
2216 521 2399 563 causa

357 611 491 654 non
547 587 734 674 paria
790 588 980 673 signa
1025 587 1315 653 criminis
1361 587 1817 670 reperiuntur?
1912 585 2045 651 Sed
2094 588 2395 671 quoniam

358 676 700 742 Cornelius
755 675 895 761 ipse
952 676 1151 741 etiam
1205 698 1378 740 nunc
1431 676 1511 740 de
1564 675 1914 740 indicando
1970 675 2271 756 dubitat,
2330 679 2396 738 ut
2416 695 2437 734 ε·

358 766 575 830 dicitis
588 815 605 848 ,
652 763 967 829 informat
1011 764 1094 829 ad
1138 765 1263 829 hoc
1310 764 1767 828 adumbratum
1814 763 2135 828 indicium
2182 765 2397 845 filium,

361 854 518 938 quid
573 853 840 917 tandem
893 853 973 917 de
1030 853 1145 917 illa
1190 856 1383 917 nocte
1428 852 1615 936 dicit,
1669 874 1817 917 cum
1862 851 2041 916 inter
2086 852 2395 917 falcarios

361 943 445 1006 ad
489 941 576 1006 M.
613 941 890 1006 Laecam
933 944 1126 1007 nocte
1173 963 1266 1022 ea,
1313 963 1477 1025 quae
1523 945 1871 1006 consecuta
1917 944 2023 1004 est
2059 944 2395 1026 posterum

360 1031 531 1094 diem
595 1028 937 1094 Nonarum
997 1028 1473 1093 Novembrium
1540 1051 1645 1094 me
1708 1029 2005 1111 consule,
2074 1027 2395 1094 Catilinae

360 1118 851 1183 denuntiatione
897 1117 1247 1182 convenit?
1297 1138 1461 1202 quae
1504 1138 1637 1181 nox
1682 1117 1974 1182 omnium
2022 1121 2395 1202 temporum
2416 1137 2451 1175 1⁰

362 1205 831 1271 coniurationis
890 1206 1204 1270 acerrima
1255 1204 1387 1269 fuit
1446 1209 1643 1288 atque
1696 1205 2143 1270 acerbissima.
2240 1206 2395 1270 Tum

363 1292 688 1358 Catilinae
733 1293 870 1358 dies
918 1294 1218 1378 exeundi,
1263 1296 1407 1357 tum
1453 1293 1685 1358 ceteris
1732 1293 2042 1358 manendi
2088 1294 2395 1376 condicio,

361 1386 504 1446 tum
564 1381 902 1464 discriptio
957 1385 1169 1446 totam
1224 1403 1342 1466 per
1394 1382 1623 1446 urbem
1678 1382 1891 1446 caedis
1940 1385 2142 1465 atque
2192 1383 2395 1447 incen-

365 1471 619 1534 diorum
674 1470 1033 1534 constituta
1092 1473 1224 1554 est3
1288 1473 1430 1533 tum
1484 1472 1637 1533 tuus
1694 1474 1907 1553 pater,
1972 1468 2279 1554 Corneli,
2338 1471 2393 1534 id

365 1559 536 1643 quod
574 1558 839 1623 tandem
877 1558 1227 1642 aliquando
1257 1558 1621 1642 confitetur,
1656 1558 1844 1622 illam
1873 1557 2001 1622 sibi
2030 1558 2395 1624 officiosam
2418 1577 2451 1614 1⁵

363 1646 769 1731 provinciam
813 1646 1220 1747 depoposcit,
1276 1650 1375 1729 ut,
1422 1668 1567 1710 cum
1613 1646 1829 1729 prima
1872 1647 2017 1710 luce
2068 1649 2397 1712 consulem

369 1735 733 1800 salutatum
777 1734 1056 1817 veniret,
1110 1697 1526 1800 intromissus
1582 1739 1649 1798 et
1702 1755 1848 1799 meo
1904 1757 2093 1800 more
2148 1740 2224 1800 et
2268 1737 2397 1800 iure

260 1805 344 1928 ἐξ)
368 1823 692 1888 amicitiae
740 1845 843 1887 me
889 1823 959 1886 in
1003 1844 1149 1887 meo
1186 1823 1427 1888 lectulo
1464 1823 1837 1888 trucidaret.
1899 1822 2049 1888 Hoc
2086 1828 2399 1910 tempore,

365 1934 511 1977 cum
568 1912 828 1977 arderet
882 1911 1193 1977 acerrime
1247 1912 1635 1995 coniuratio,
1690 1934 1836 1988 cmm
1883 1911 2181 1979 Catilina
2230 1935 2397 1999 egre-

365 2001 623 2065 deretur
669 2001 753 2065 ad
798 2001 1178 2085 exercitum,
1213 2000 1532 2065 Lentulus
1576 2000 1646 2065 in
1690 2001 1861 2065 urbe
1897 2002 2398 2085 relinqueretur,
2416 2019 2457 2057 ευ

363 2087 631 2153 Cassius
675 2088 1018 2173 incendiis,
1081 2086 1413 2175 Cethegus
1459 2089 1639 2154 caedi
1683 2095 2235 2174 praeponeretur,
2279 2090 2397 2154 Au-

361 2177 606 2259 troni0,
670 2181 745 2241 ut
805 2181 1151 2262 occuparet
1194 2177 1558 2261 Etruriam,
1613 2178 2204 2261 praescriberetur,
2262 2201 2395 2243 cum

364 2266 589 2417 gmllfia
601 2265 1101 2418 grffinazentur,
1137 2265 1643 2417 ffstru‘sse‘itur’
1678 2266 2395 2419 pararentufrupbiquuit

411 2377 454 2417 11
509 2377 548 2418 a
657 2375 865 2418 ornei
941 2376 1099 2419 num
1199 2374 1387 2417 omae
1528 2374 1703 2417 mmo
1769 2375 1806 2418 0
1901 2374 1935 2417 0
1975 2376 2014 2417 a
2296 2377 2392 2419 um

364 2442 434 2505 in
487 2405 569 2506 iis
625 2442 1032 2527 regionibus,
1087 2462 1216 2524 quo
1264 2463 1335 2505 se
1382 2440 1671 2507 Catilina
1712 2374 2091 2507 111111ξο1111ὑῖ
2184 2442 2389 2507 Multo
2412 2456 2449 2495 a

365 2528 566 2593 etiam
609 2529 890 2630 longius
951 2528 1183 2594 Num
1164 2551 1234 2593 111
1269 2550 1433 2613 agro
1471 2527 1774 2613 Camerti,
1819 2529 2081 2613 Picen0,
2130 2530 2391 2613 Gallico,

366 2638 527 2701 quas
602 2617 674 2681 in
736 2638 886 2682 oras
951 2618 1233 2682 maxime
1298 2617 1487 2701 quasi
1550 2618 1815 2683 morbus
1882 2618 2152 2701 quidam
2221 2620 2391 2683 illius

361 2704 604 2769 furoris
650 2705 1072 2788 pervaserat?
1143 2704 1330 2770 Nihil
1376 2727 1530 2770 vero
1580 2706 1808 2771 minus.
1880 2706 2037 2771 Fuit
2083 2707 2285 2793 enim,
2328 2711 2389 2771 111

362 2793 496 2857 iam
544 2796 697 2857 ante
743 2793 894 2876 dixi,
939 2792 1240 2894 Neapoli,
1284 2792 1415 2857 fuit
1457 2794 1528 2857 in
1574 2816 1649 2857 ea
1693 2798 1883 2878 parte
1927 2794 2186 2879 Italiae,
2236 2818 2389 2881 quae

254 2898 328 2946 54
365 2881 645 2946 maxime
689 2882 821 2945 ista
865 2882 1232 2981 suspicione
1279 2881 1506 2947 caruit.
1578 2880 1745 2957 Quid
1792 2903 1947 2968 ergo
1994 2883 2251 2949 indicat
2288 2890 2389 2949 aut
2408 2896 2447 2935 ³⁰

364 2968 520 3053 quid
576 2968 788 3033 adfert
843 2973 958 3034 aut
1002 2968 1144 3054 ipse
1189 2968 1531 3034 Cornelius
1576 2974 1693 3034 aut
1735 2991 1884 3053 VOS,
1941 2971 2056 3055 qui
2102 2972 2271 3037 haec
2314 2972 2385 3036 ab

361 3058 481 3122 illo
517 3057 826 3122 mandata
863 3056 1176 3122 defertis?
1242 3056 1659 3122 Gladiatores
1698 3063 1956 3142 emptos
1994 3081 2143 3125 esse
2170 3060 2387 3126 Fausti

363 3145 781 3211 simulatione
844 3145 927 3210 ad
991 3146 1251 3210 caedem
1317 3167 1395 3210 ac
1459 3146 1834 3211 tumultum.
1934 3147 2045 3212 Ita
2101 3170 2387 3248 prorsus;

361 3233 740 3317 interpositi
807 3237 962 3298 sunt
1018 3234 1446 3317 gladiatores,
1510 3255 1675 3318 quos
1728 3238 2135 3301 testamento
2188 3236 2385 3321 patris

363 3320 585 3385 deberi
639 3322 954 3386 videmus.
1048 3321 1291 3406 ‘Adrep
1294 3325 1366 3386 ta
1422 3327 1525 3386 est
1565 3321 1848 3406 familia,
1905 3346 2073 3407 quae
2122 3326 2181 3389 si
2224 3328 2445 3390 esset³⁵

364 3410 856 3493 praetermissa,
911 3413 1137 3492 posset
1181 3408 1315 3473 alia
1358 3408 1615 3474 familia
1656 3408 1887 3474 Fausti
1934 3434 2174 3476 munus
2216 3434 2385 3497 prae-

363 3494 556 3559 bere?
630 3496 906 3562 Utinam
945 3497 1208 3582 quidem
1245 3498 1461 3563 haec
1443 3518 1590 3582 ipsa
1624 3519 1757 3562 non
1792 3498 1988 3564 modo
2024 3500 2385 3584 iniquorum
