2534 3875
870 162 1025 219 CAP.
1066 171 1163 233 36,
1200 171 1268 220 3⁷
1308 170 1339 230 s
1379 170 1605 221 'za-so.
2124 163 2258 229 333

220 307 497 392 denique
562 307 853 372 omnium
916 311 1216 373 nostrum
1271 331 1469 374 causa
1521 307 1738 374 facere
1793 309 2005 375 clamo
2063 313 2258 395 atque

213 399 448 462 testor.
542 395 814 478 Audite,
861 396 1079 461 audite
1125 398 1480 481 consulem,
1523 397 1786 481 iudices,
1830 396 1997 461 nihil
2045 397 2256 464 dicam

215 485 656 570 arrogantius,
700 487 958 549 tantum
1009 484 1239 569 dicam,
1287 488 1467 550 totos
1504 484 1642 550 dies
1679 489 1874 569 atque
1909 489 2136 550 noctes
2175 487 2254 552 de

213 594 282 637 re
344 572 609 656 publica
672 573 1101 658 cogitantem!
1218 570 1284 637 N
1287 594 1373 640 on
1435 594 1638 658 usque
1703 595 1780 639 eo
1841 573 1913 639 L.
1968 571 2253 639 Catilina

157 676 187 717 ⁵
214 682 352 724 rem
397 659 730 746 publicam
776 660 1071 746 despexit
1116 665 1313 745 atque
1364 661 1776 747 contempsit,
1821 666 1897 728 ut
1931 683 2009 726 ea
2045 663 2253 748 copia,

216 771 412 832 quam
468 771 687 814 secum
742 749 989 832 eduxit,
1044 770 1114 813 se
1171 749 1346 815 hanc
1399 750 1732 815 civitatem
1789 771 2250 834 oppressurum

216 837 667 902 arbitraretur.
775 838 1005 903 Latius
1086 841 1274 922 patet
1343 837 1520 903 illius
1596 838 1859 904 sceleris
1921 839 2250 940 contagio,

217 947 413 1027 quam
452 925 795 1010 quisquam
832 929 1043 1010 putat,
1079 926 1163 990 ad
1196 927 1418 1011 plures
1447 927 1752 1010 pertinet.
1805 924 2015 1011 IntuS,
2051 927 2250 1012 intuS,

214 1014 514 1098 inquam,
578 1017 681 1079 est
741 1035 944 1098 equus
1008 1013 1356 1098 Troianus3
1431 1036 1469 1079 a
1533 1037 1661 1099 quo
1724 1037 2081 1099 numquam
2145 1037 2252 1080 me

128 1119 187 1160 ιο
216 1102 481 1166 consule
538 1101 933 1167 dormientes
989 1103 1469 1187 opprimemini.
1560 1101 1832 1178 Quaeris
1877 1125 1919 1168 a
1963 1125 2096 1189 me,
2153 1125 2250 1169 ec·

215 1190 372 1274 quid
418 1209 542 1276 ego
582 1188 932 1255 Catilinam
970 1194 1277 1255 metuam.
1340 1190 1544 1274 Nihil,
1591 1195 1660 1256 et
1695 1192 1935 1276 curavi,
1979 1214 2063 1257 ne
2101 1193 2247 1276 quis

216 1281 561 1364 metueret,
616 1278 729 1344 sed
774 1278 997 1363 copias
1040 1279 1249 1363 illius,
1297 1300 1454 1363 quas
1501 1279 1609 1345 hic
1654 1279 1868 1363 vide0,
1915 1281 2058 1346 dico
2106 1301 2249 1346 esse

214 1366 627 1451 metuendas3
679 1388 799 1432 nec
852 1372 994 1432 tam
1049 1367 1377 1432 timendus
1433 1370 1537 1431 est
1589 1389 1764 1433 nunc
1810 1369 2128 1434 exercitus
2173 1369 2247 1434 L.

214 1453 540 1520 Catilinae
606 1476 803 1540 quam
856 1457 996 1540 isti,
1060 1456 1171 1539 qui
1232 1455 1422 1519 illum
1475 1456 1828 1521 exercitum
1885 1457 2247 1522 deseruisse

129 1561 188 1600 1⁵
214 1543 538 1608 dicuntur.
628 1543 781 1609 Non
826 1543 999 1608 enim
1046 1543 1483 1626 deseruerunt,
1535 1544 1649 1608 sed
1693 1543 1778 1608 ab
1825 1543 1942 1609 illo
1991 1546 2063 1608 in
2108 1567 2248 1629 spe-

214 1632 378 1696 culis
437 1635 634 1716 atque
688 1631 942 1696 insidiis
998 1631 1213 1696 relicti
1266 1632 1340 1695 in
1393 1632 1608 1716 capite
1667 1635 1862 1714 atque
1920 1632 1991 1696 in
2046 1635 2247 1698 cervi-

212 1719 397 1785 cibus
459 1721 705 1785 nostris
762 1720 1163 1784 restiterunt.
1260 1719 1350 1785 Hi
1406 1724 1502 1799 et,
1531 1719 1859 1804 integrum
1915 1720 2248 1786 consulem

214 1811 281 1872 et
335 1809 582 1873 bonum
636 1810 1095 1910 imperatorem
1142 1811 1209 1872 et
1253 1812 1491 1873 natura
1535 1811 1603 1873 et
1645 1808 1912 1872 fortuna
1958 1830 2105 1872 cum
2151 1809 2248 1873 rei

212 1896 515 1981 publicae
560 1897 773 1963 salute
820 1896 1233 1963 coniunctum
1280 1897 1443 1963 deici
1481 1897 1559 1962 de
1595 1895 1776 1962 urbis
1814 1895 2140 1980 praesidio
2178 1901 2246 1962 et

134 2003 188 2042 20
215 1985 293 2050 de
331 1986 630 2052 custodia
665 1986 950 2051 civitatis
992 1986 1225 2051 vestris
1256 1986 1599 2051 sententiis
1631 1985 1965 2050 deturbari
1996 1986 2244 2078 volunt.

216 2072 508 2149 Quorum
580 2096 701 2160 ego
766 2074 1008 2139 ferrum
1074 2079 1141 2139 et
1206 2073 1542 2140 audaciam
1606 2074 1801 2139 reieci
1863 2074 1934 2137 in
1997 2071 2246 2159 campo,

217 2161 558 2227 debilitavi
601 2164 672 2227 in
714 2161 889 2265 foi-0,
938 2163 1296 2247 compressi
1343 2163 1543 2227 etiam
1581 2162 1757 2227 domi
1801 2184 1985 2227 meae
2034 2183 2246 2247 saepe,

215 2249 475 2336 iudices,
518 2250 623 2316 his
668 2272 786 2316 vos
834 2253 890 2315 si
937 2252 1215 2316 alterum
1260 2252 1593 2316 consulem
1631 2249 2050 2334 tradideritiS,
2094 2250 2244 2333 plus

216 2339 427 2404 multo
486 2343 677 2403 erunt
718 2340 957 2404 vestris
1004 2340 1346 2403 sententiis
1394 2360 1589 2427 quam
1636 2339 1771 2403 suis
1818 2338 2053 2423 gladiis
2101 2360 2246 2403 con-

132 2444 187 2484 25
218 2426 440 2493 secuti.
530 2426 755 2511 Magni
808 2428 1108 2512 interest,
1163 2427 1433 2511 iudiceS,
1487 2428 1555 2491 id
1612 2426 1784 2511 quod
1840 2446 1961 2511 ego
2019 2427 2244 2492 multis

214 2516 731 2602 repugnantibus
760 2518 866 2601 egi
896 2519 1090 2600 atque
1117 2515 1376 2599 perfeci,
1413 2537 1554 2580 esse
1581 2513 1896 2579 Kalendis
1925 2513 2244 2580 Ianuariis

212 2604 285 2668 in
320 2625 391 2668 re
434 2604 699 2691 publica
744 2604 905 2669 duos
952 2605 1267 2670 consules.
1359 2602 1583 2668 Nolite
1630 2602 1958 2684 arbitrari,
2003 2603 2244 2706 medio·

214 2693 435 2757 eribus
482 2692 769 2757 consiliis
817 2696 931 2757 aut
976 2693 1236 2757 usitatis
1285 2692 1406 2757 viis
1455 2695 1570 2756 aut
1590 2688 1687 2756 **.
1777 2689 1928 2756 Non
1975 2692 2080 2756 lex
2126 2691 2246 2756 im·

216 2780 443 2866 proba,
488 2802 622 2845 non
656 2780 1023 2882 perniciosa
1058 2780 1342 2866 largitio,
1386 2802 1519 2845 non
1559 2742 1850 2845 auditum
1889 2780 2240 2881 aliquando

132 2887 188 2926 ⁸0
218 2868 485 2953 aliquod
539 2870 785 2933 malum
830 2869 925 2934 rei
969 2869 1266 2953 publicae
1314 2868 1665 2953 quaeritur.
1755 2867 1930 2931 Inita
1973 2872 2129 2933 sunt
2174 2871 2244 2932 in

214 2958 341 3022 hac
398 2959 663 3023 civitate
710 2957 1011 3039 consilia,
1064 2956 1308 3021 iudices
1317 3007 1335 3041 ,
1387 2957 1568 3021 urbis
1615 2955 1952 3039 delendae,
2005 2957 2245 3021 civium

214 3045 773 3130 trucidandorum,
826 3045 1109 3111 nominis
1163 3044 1446 3110 Romani
1503 3042 1939 3146 extinguendi.
2027 3046 2246 3128 Atque

215 3134 380 3198 haec
414 3134 604 3218 cives,
650 3135 841 3217 civeS,
887 3134 1171 3218 inquam,
1219 3133 1278 3197 si
1314 3155 1424 3197 eos
1462 3133 1586 3198 hoc
1621 3131 1882 3197 nomine
1923 3132 2246 3216 appellari

214 3221 319 3287 fas
386 3226 512 3305 est,
577 3222 653 3286 de
716 3222 935 3308 patria
991 3244 1108 3287 sua
1174 3225 1239 3285 et
1297 3222 1593 3307 cogitant
1648 3225 1716 3286 et
1777 3218 2246 3304 cogitaverunt.

132 3326 189 3368 ³⁶
216 3310 470 3375 Horum
507 3332 631 3397 ego
669 3310 903 3376 cotidie
942 3310 1232 3375 consiliis
1262 3331 1551 3394 occurro,
1589 3309 1926 3375 audaciam
1955 3307 2246 3391 debilito,

224 3398 451 3463 sceleri
496 3400 751 3463 resisto.
843 3395 968 3462 Sed
1014 3420 1265 3480 mone0,
1311 3398 1582 3463 iudices:
1626 3396 1706 3462 In
1751 3398 1929 3463 exitu
1976 3396 2108 3459 iam
2144 3401 2248 3461 est

219 3508 401 3552 meus
476 3487 880 3570 consulatus3
959 3486 1163 3551 nolite
1238 3486 1402 3551 mihi
1473 3485 1857 3551 subtrahere
1930 3483 2248 3550 vicarium

2290 1114 2355 1163 79

2281 2610 2352 2659 80
