2534 3875
781 165 936 224 cAP.
975 173 1187 223 20-22
1225 173 1256 234 g
1293 173 1364 224 48
1382 174 1525 225 -53.
2036 168 2169 234 409

107 310 554 395 recuperandi
606 311 790 377 fundi
848 310 1108 398 paterni
1152 312 1374 377 venire
1437 311 1520 377 ad
1582 312 2033 378 testimonium
2080 314 2170 378 di-

111 401 406 465 cendum
470 399 778 484 coegisti3
840 400 952 484 qui
1017 400 1323 485 quoniam
1389 399 1840 466 testimonium
1892 403 2171 468 nondum

112 489 319 572 dixit,
365 488 675 573 quidnam
721 488 810 553 sit
855 489 1164 572 dicturus,
1211 492 1501 572 expecto.
1589 486 1765 554 Novi
1811 510 2015 575 genus
2052 490 2168 556 ho-

110 577 409 655 minum,
457 576 617 642 -novi
663 577 1219 661 consuetudinem,
1272 577 1430 642 novi
1474 577 1829 644 libidinem.
1918 576 2167 662 Itaque,

57 681 76 722 ⁵
113 666 258 730 etsi
306 670 515 749 tene0,
563 664 718 750 quid
765 667 854 730 sit
887 664 1099 731 dicere
1134 669 1426 750 paratuS,
1471 665 1639 730 nihil
1676 669 1902 731 tamen
1939 670 2169 733 contra

111 753 504 838 disputabO,
547 753 931 839 priusquam
973 753 1223 818 dixerit.
1316 752 1559 819 Totum
1606 755 1780 819 enim
1828 759 2167 820 convertet

111 846 329 927 atque
374 842 504 907 alia
548 841 772 926 finget.
864 841 1076 918 Quam
1121 843 1206 906 ob
1253 863 1393 906 rem
1440 847 1508 907 et
1552 841 1664 907 ille
1712 845 1947 925 servet,
1993 843 2169 927 quod

109 931 418 1014 paravit,
472 934 540 995 et
595 951 720 1016 ego
776 951 881 995 me
935 930 1017 995 ad
1071 930 1167 1013 id,
1221 931 1396 1014 quod
1440 929 1780 1016 adtulerit,
1834 931 2167 1017 integrum

111 1018 547 1084 conservabo.

55 1126 78 1166 a
266 1105 476 1172 Venio
521 1127 694 1172 nunc
739 1104 823 1172 ad
869 1127 1014 1172 eam
1052 1106 1408 1191 civitatem,
1453 1107 1524 1170 in
1560 1129 1757 1192 quam
1794 1127 1919 1192 ego
1957 1108 2165 1174 multa
2186 1086 2272 1213 ἓξ

110 1200 196 1262 et
259 1215 504 1279 magna
569 1194 784 1260 studia
848 1199 916 1259 et
979 1195 1196 1261 officia
1260 1194 1534 1280 contuli,
1600 1199 1668 1259 et
1731 1217 1927 1280 quam
1983 1218 2165 1262 meus

110 1284 334 1350 stater
388 1283 460 1348 in
514 1282 747 1368 primis
803 1283 963 1349 colit
1017 1287 1213 1367 atque
1269 1283 1510 1369 diligit.
1601 1281 1780 1358 Quae
1826 1284 1889 1349 si
1932 1284 2165 1350 civitas

109 1373 479 1525 {3121}ssssssss
534 1372 741 1544 333?ss
781 1371 1495 1545 ἔέἓῖἰίἳὲἳέοὲἓέἒ
1544 1372 1998 1526 Ἓῗέἓῖέιίᾶ
2008 1394 2164 1545 ,1223

53 1568 78 1609 5
111 1549 397 1634 putem?
444 1509 811 1612 'l‘rallianos
837 1547 1213 1614 Maeandrio
1253 1569 1518 1613 causam
1542 1548 1864 1630 publicam
1902 1549 2165 1614 commi·

114 1637 321 1720 sisse,
374 1635 625 1701 homini
679 1637 925 1722 egenti,
980 1636 1271 1719 sordide,
1325 1635 1465 1702 sine
1522 1635 1796 1719 honore,
1850 1636 1990 1702 sine
2036 1637 2159 1702 exi-

115 1725 553 1806 stumatione,
617 1723 757 1790 sine
823 1725 1062 1791 censu?
1170 1722 1307 1790 Ubi
1369 1727 1557 1790 erant
1617 1724 1721 1788 illi
1781 1723 2163 1809 Pythodori,

112 1812 476 1896 Aetidemi,
519 1811 825 1898 Epigoni,
861 1813 1057 1878 ceteri
1093 1812 1391 1878 homines
1431 1812 1603 1895 apud
1638 1833 1760 1877 nos
1794 1813 1958 1895 noti,
1992 1813 2163 1878 inter

113 1923 282 1969 suos
328 1901 601 1985 nobileS,
646 1901 759 1968 ubi
803 1901 924 1967 illa
969 1901 1321 1988 magnifica
1366 1903 1432 1967 et
1479 1901 1769 1987 gloriosa
1806 1902 2160 1967 ostentatio

51 2012 80 2052 ο
112 1991 458 2057 civitatis?
524 1989 758 2056 Nonne
804 1994 978 2056 esset
1020 1990 1339 2077 puditum,
1386 1990 1445 2055 si
1487 1989 1657 2054 hanc
1704 2011 1969 2055 causam
2016 2011 2162 2076 age·

111 2083 274 2145 rent
318 2100 566 2161 severe,
621 2099 758 2144 non
803 2079 997 2144 modo
1045 2078 1369 2164 legatum,
1416 2079 1528 2143 sed
1575 2077 1981 2143 Trallianum
2029 2101 2160 2143 om·

110 2168 280 2233 nino
326 2167 456 2232 dici
490 2165 982 2232 Maeandrium?
1055 2166 1226 2231 Huic
1269 2166 1374 2230 illi
1416 2167 1660 2251 legato,
1708 2165 1859 2231 huic
1892 2165 2159 2251 publico

112 2257 285 2321 testi
321 2259 672 2338 patronum
712 2277 898 2320 suum
942 2255 1076 2320 iam
1103 2255 1252 2319 inde
1282 2278 1321 2319 a
1346 2260 1533 2339 patre
1561 2258 1757 2338 atque
1786 2254 2160 2339 maioribus,

109 2344 192 2411 L.
240 2342 574 2427 Flaccum,
647 2343 1065 2409 mactandum
1137 2342 1427 2409 civitatis
1502 2342 1883 2407 testimonio
1957 2343 2157 2407 tradi-

52 2451 80 2493 5
113 2433 418 2497 dissent?
490 2431 642 2497 Non
690 2435 791 2497 est
833 2434 948 2516 ita,
993 2431 1257 2513 iudices,
1299 2452 1435 2495 non
1480 2434 1582 2495 est
1624 2430 1937 2516 profecto.
2002 2430 2159 2497 Vidi
2196 2447 2264 2497 53

112 2542 247 2607 ego
290 2519 359 2585 in
395 2520 674 2605 quodam
709 2519 949 2586 iudicio
986 2541 1194 2605 nuper
1230 2519 1659 2584 Philodorum
1694 2522 1933 2584 testem
1970 2518 2158 2585 Tral-

111 2610 400 2692 lianum,
443 2608 579 2673 vidi
621 2607 1067 2693 Parrhasium,
1111 2608 1248 2674 vidi
1294 2607 1777 2691 Archidemum,
1825 2628 1973 2673 cum
2020 2608 2158 2692 qui-

111 2698 272 2763 dem
342 2697 517 2762 idem
589 2696 699 2762 hic
770 2696 935 2762 mihi
997 2695 1417 2762 Maeandrius
1492 2694 1681 2780 quasi
1745 2696 2158 2763 ministrator

113 2785 353 2853 aderat
407 2784 758 2870 subiciens,
813 2786 966 2869 quid
1019 2785 1091 2850 in
1147 2806 1301 2849 suos
1349 2782 1507 2849 civis
1556 2783 2043 2870 civitatemque,
2100 2784 2158 2849 si

52 2892 84 2933 o
111 2874 376 2957 vellem,
421 2872 716 2940 dicerem.
787 2872 975 2938 Nihil
1021 2872 1194 2939 enim
1238 2872 1355 2937 illo
1402 2872 1668 2938 homine
1713 2873 1939 2954 levius,
1984 2870 2155 2937 nihil

113 2963 450 3048 egentius,
511 2961 680 3027 nihil
747 2960 1166 3046 inquinatius.
1267 2958 1509 3044 Quare,
1574 2960 1632 3025 si
1684 2960 1857 3025 hunc
1909 2960 2157 3025 habent

112 3054 456 3117 auctorem
501 3049 818 3115 Tralliani
865 3049 1106 3115 doloris
1143 3048 1264 3127 sui,
1311 3048 1368 3113 si
1404 3049 1576 3115 hunc
1613 3046 1948 3114 custodem
1985 3046 2156 3113 litte·

111 3161 372 3221 rarum,
445 3138 504 3205 si
565 3138 738 3203 hunc
801 3140 1041 3204 testem
1103 3136 1405 3221 iniuriae,
1468 3136 1528 3203 si
1589 3135 1761 3201 hunc
1824 3138 2154 3201 auctorem

114 3227 587 3313 querellarum,
649 3226 996 3292 remittant
1059 3225 1359 3310 spiritua,
1426 3224 1837 3309 conprimant
1902 3222 2152 3288 animos

51 3334 82 3376 ’ὁ
113 3336 307 3400 suos,
353 3315 580 3381 sedent
625 3314 1098 3400 adrogantiam,
1142 3312 1477 3378 fateantur
1521 3312 1592 3375 in
1636 3309 1971 3377 Maeandri
2014 3333 2157 3395 per-

113 3425 283 3471 sona
355 3424 499 3469 esse
572 3423 948 3487 expressam
1013 3402 1297 3487 speciem
1360 3399 1665 3466 civitatis.
1776 3396 1892 3463 Sin
1952 3397 2154 3464 istum

111 3512 379 3577 semper
431 3490 535 3555 illi
586 3490 717 3577 ipsi
773 3490 950 3555 domi
1004 3489 1470 3576 proterendum
1527 3490 1594 3552 et
1649 3486 2156 3553 conculcandum
