2534 3875
819 149 973 204 CAP.
1013 155 1153 204 5—‘1
1191 155 1221 216 ς
1263 155 1487 205 11-16.
2005 147 2140 213 435

103 296 564 376 versutamque
628 291 975 358 tristitiam
1037 295 1222 358 nulla
1275 315 1380 358 res
1436 295 1943 378 commendaret,
2006 317 2138 360 non

102 382 266 445 iuris
313 381 524 446 civilis
573 381 936 464 prudentia,
981 402 1116 446 non
1154 381 1409 446 dicendi
1438 382 1728 465 facultas,
1770 403 1900 448 non
1936 383 2137 448 scien-

101 470 200 534 tia
256 470 350 534 rei
405 469 740 552 militarie,
791 490 927 534 non
971 470 1573 555 cognoscendorum
1618 470 1958 535 hominum
2006 475 2137 535 stu·

102 558 314 641 dium,
388 578 522 622 non
597 557 979 622 liberalitas
1083 555 1289 633 Quem
1357 559 1754 643 praeteriens
1828 579 1975 622 cum
2040 559 2135 622 in-

59 647 384 727 multum,
430 645 767 710 horridum
813 649 1262 730 maestumque
1308 646 1601 728 vidisses,
1648 646 1909 710 etiamsi
1954 665 2137 730 agre·

101 738 274 798 stem
340 737 408 798 et
459 733 889 797 inhumanum
943 733 1351 798 existimares
1360 785 1379 818 ,
1438 738 1661 798 tamen
1714 733 2136 799 libidinosum

101 826 170 886 et
228 821 556 906 perditum
613 842 748 886 non
793 825 1077 905 putares,
1169 820 1331 886 Cum
1378 823 1502 886 hoc
1546 822 1811 886 homine
1859 844 1943 886 an
1989 843 2134 886 cum
2176 841 2245 891 14

101 911 334 994 stipite
395 909 468 974 in
518 908 665 975 foro
723 909 1160 994 constitisseS,
1222 910 1390 974 nihil
1446 910 1738 974 crederes
1793 911 2137 993 interesse3

100 998 250 1062 sine
287 1018 498 1081 sensu,
543 998 684 1062 sine
723 1017 973 1082 sapore,
1009 998 1356 1084 elinguem,
1393 999 1671 1081 tardum,
1708 998 2135 1062 inhumanum

59 1087 464 1170 megetiam,
501 1083 953 1171 Cappadocem
989 1086 1182 1151 modo
1221 1087 1567 1170 abreptum
1605 1086 1683 1150 de
1722 1107 1921 1172 grege
1948 1108 2135 1150 vena-

99 1176 271 1240 lium
318 1175 579 1240 diceres,
651 1173 832 1239 Idem
880 1173 1056 1240 domi
1101 1196 1299 1258 quam
1335 1174 1741 1258 libidinosus,
1788 1195 1983 1258 quam
2019 1175 2136 1238 im-

96 1284 336 1348 puruS,
409 1285 604 1347 quam
678 1263 1119 1346 intemperans
1184 1285 1317 1327 non
1380 1265 1580 1328 ianua
1640 1264 1948 1347 receptis,
2024 1262 2136 1328 sed

95 1351 550 1436 pseudothyro
587 1350 982 1414 intromissis
1019 1351 1492 1435 voluptatibus!
1558 1349 1723 1416 Cum
1753 1373 1905 1416 vero
1935 1351 2135 1416 etiam

97 1439 349 1504 litteris
388 1438 645 1503 studere
681 1438 912 1522 incipit
948 1442 1016 1503 et
1050 1439 1242 1503 belua
1279 1439 1583 1504 immanis
1621 1461 1768 1503 cum
1798 1438 2134 1504 Graeculis

59 1526 588 1612 {philosophari
633 1530 774 1590 tum
833 1530 934 1590 est
977 1527 1338 1611 Epicureus
1393 1548 1525 1591 non
1580 1527 1839 1610 penitus
1894 1527 1997 1591 illi
2043 1527 2133 1591 di-

96 1615 438 1699 sciplinae,
465 1635 904 1699 quaecumque
933 1617 1053 1699 est,
1082 1615 1355 1698 deditus,
1384 1614 1497 1679 sed
1526 1617 1755 1698 captus
1783 1637 1913 1679 uno
1932 1615 2135 1680 verbo

93 1702 484 1787 voluptatis.
539 1701 760 1767 Habet
797 1705 1016 1768 autem
1053 1703 1407 1789 magistros
1436 1725 1568 1768 non
1597 1724 1675 1766 ex
1702 1703 1849 1767 istis
1877 1702 2137 1788 ineptiS,

97 1793 212 1876 qui
275 1791 412 1856 dies
467 1794 647 1855 totos
704 1790 782 1854 de
829 1790 1044 1855 officio
1089 1813 1167 1856 ac
1212 1791 1290 1855 de
1336 1791 1579 1856 virtute
1627 1790 1980 1874 disserunt,
2026 1792 2137 1874 qui

95 1881 181 1946 ad
253 1880 574 1961 laborem,
639 1879 720 1943 ad
774 1879 1194 1963 industriam,
1257 1879 1337 1944 ad
1398 1879 1689 1963 pericula
1742 1901 1863 1965 pro
1918 1881 2136 1964 patria

59 1968 444 2035 »subeunda
499 1968 957 2051 adhortantur,
1013 1968 1127 2033 sed
1172 1990 1313 2052 eos,
1368 1969 1480 2053 qui
1526 1968 1859 2052 disputent
1903 1968 2135 2033 horam

91 2058 360 2123 nullam
404 2078 677 2121 vacuam
723 2058 1058 2141 voluptate
1105 2078 1246 2121 esse
1295 2056 1553 2137 debere,
1607 2056 1677 2119 in
1724 2055 1903 2120 omni
1947 2060 2135 2141 parte

92 2144 398 2230 corporis
467 2166 725 2229 semper
789 2148 1091 2229 oportere
1157 2144 1420 2228 aliquod
1485 2144 1793 2229 gaudium
1858 2144 2137 2209 delecta-

91 2236 482 2317 tionemque
544 2232 808 2297 versari.
908 2232 1030 2296 His
1085 2234 1295 2297 utitur
1349 2233 1536 2316 quasi
1591 2232 1933 2317 praefectis
1990 2233 2135 2296 libi·
2176 2249 2241 2299 15

93 2324 334 2388 dinum
393 2342 683 2405 suarum,
737 2320 810 2384 hi
862 2321 1234 2403 voluptates
1292 2342 1517 2385 omnes
1564 2320 1897 2405 vestigant
1941 2324 2135 2405 atque

59 2448 62 2463 ·
93 2412 484 2493 odorantur,
527 2409 600 2473 hi
647 2414 801 2473 sunt
839 2408 1208 2473 conditores
1243 2408 1799 2492 instructoresque
1836 2410 2138 2493 convivii,

89 2501 275 2565 idem
345 2497 716 2580 expendunt
779 2501 974 2581 atque
1039 2497 1392 2561 aestimant
1445 2498 1817 2581 voluptates
1885 2501 2137 2562 senten-

88 2590 398 2670 tiamque
455 2586 677 2651 dicunt
733 2589 800 2649 et
853 2585 1170 2663 iudicant,
1227 2588 1540 2668 quantum
1596 2585 1825 2669 cuique
1879 2585 2138 2649 libidini

87 2673 523 2740 tribuendum
562 2696 702 2738 esse
745 2673 1060 2738 videatur.
1124 2672 1380 2739 Horum
1417 2673 1531 2737 ille
1560 2674 1813 2738 artibus
1845 2674 2135 2738 eruditus

85 2767 193 2829 ita
223 2762 625 2845 contempsit
651 2762 820 2826 hanc
847 2761 1424 2845 prudentissimam
1454 2762 1802 2846 civitatem,
1830 2766 1905 2826 ut
1924 2763 2135 2827 omnis

60 2892 61 2895 =
89 2874 256 2917 suas
296 2850 619 2933 libidines,
667 2849 886 2914 omnia
921 2850 1177 2935 flagitia
1212 2851 1420 2914 latere
1457 2872 1650 2934 posse
1688 2850 2137 2932 arbitraretur,

86 2942 148 3007 si
201 2938 404 3004 modo
451 2939 708 3003 vultum
753 2941 1198 3021 importunum
1245 2938 1318 3001 in
1363 2938 1579 3003 forum
1627 2938 1985 3003 detulisset.
2068 2936 2135 3001 Is
2176 2940 2213 3003 7

82 3048 514 3113 nequaquam
569 3047 674 3091 me
730 3026 988 3109 quidem
1043 3023 1426 3112 (cognoram
1484 3028 1655 3091 enim
1708 3030 1977 3110 propter
2030 3025 2137 3089 Pi-

85 3137 340 3183 sonum
397 3114 828 3197 adfinitatem,
885 3137 1080 3198 quam
1138 3116 1335 3199 longe
1381 3115 1553 3179 hunc
1600 3114 1682 3178 ab
1729 3113 1855 3178 hoc
1902 3133 2137 3198 genere

83 3202 414 3289 cognatio
456 3208 775 3267 ‘materna
830 3202 1243 3287 Transalpini
1306 3202 1644 3287 sanguinis
1710 3201 2138 3284 abstulisset),

85 3294 212 3361 sed
282 3312 402 3356 vos
467 3292 910 3376 populumque
965 3290 1335 3355 Romanum
1398 3312 1531 3354 non
1595 3290 1866 3354 consilio
1929 3310 2138 3373 neque

84 3378 506 3465 eloquentia,
570 3380 744 3463 quod
806 3379 877 3443 in
932 3378 1158 3443 multis
1214 3400 1409 3463 saepe
1464 3377 1723 3460 accidit,
1788 3379 1899 3443 sed
1954 3399 2137 3464 rugis

83 3466 586 3555 supercilioque
651 3467 922 3552 decepit.
1027 3465 1100 3533 L.
1145 3466 1329 3551 Pis0,
1390 3470 1546 3539 tune
1612 3486 1807 3531 ausus
1874 3488 1943 3531 es
2007 3466 2138 3533 isto
2182 3482 2245 3535 16

1707 3570 1818 3624 28*
