2534 3875
322 225 456 289 504
617 223 715 278 DE
752 222 958 277 DOMO
1000 222 1138 278 SUA
1174 223 1274 276 AD
1311 221 1736 276 PONTIFICES
1774 219 2061 275 ORATIO.

322 368 714 453 orationem,
759 365 1124 451 pontificeS,
1170 369 1238 428 et
1283 386 1418 450 VOS,
1464 364 1791 449 flamines3
1834 365 2032 430 etiam
2079 369 2172 450 tu,
2217 387 2356 446 rex,

325 457 498 521 disce
545 479 584 520 a
631 454 864 542 gentili
902 458 1046 537 tuo,
1092 475 1486 538 quamquam
1523 453 1634 517 ille
1673 457 1932 538 gentem
1968 416 2172 518 istam²
2204 455 2354 518 reli-

326 546 495 646 quit,
550 544 663 609 sed
718 547 936 608 tamen
994 542 1165 606 disce
1212 542 1295 606 ab
1341 541 1605 606 homine
1652 541 2080 626 religionibus
2129 542 2354 606 dedito

323 635 426 697 ius
473 637 685 696 totum
734 631 1023 696 omnium
1068 629 1480 712 religionum.
1571 627 1782 704 Quid?
1830 630 1902 693 in
1944 630 2355 695 dedicatione

323 743 557 805 nonne,
594 724 659 785 et
696 721 841 804 quis
880 719 1129 783 dedicet
1167 722 1233 781 et
1273 717 1426 802 quid
1461 723 1520 782 et
1554 739 1680 801 quo
1719 718 1931 801 modo,
1969 719 2354 803 quaeritur?
2385 739 2408 780 5

324 808 434 874 An
482 772 557 873 tu'
601 809 760 873 haec
804 808 903 872 ita
939 805 1277 872 confundis
1316 809 1382 871 et
1417 807 1782 890 perturbas,
1828 810 1918 888 ut,
1963 808 2358 892 quicumque

326 897 505 982 velit,
542 897 714 981 quod
741 896 918 977 velit,
957 916 1083 978 quo
1113 895 1306 960 modo
1334 894 1511 978 velit,
1547 895 1758 979 possit
1787 895 2126 960 dedicare?
2192 895 2358 971 Quis

329 1008 474 1051 eras
522 990 613 1069 tu,
660 986 771 1068 qui
818 984 1161 1047 dedicabas
1210 1003 1336 1066 quo
1382 981 1539 1066 iure,
1587 1004 1715 1066 qua
1760 983 1922 1068 lege,
1967 1006 2093 1068 quo
2142 1006 2356 1049 exem·

328 1075 472 1159 plo,
518 1096 645 1158 qua
689 1072 1065 1157 potestate?
1120 1071 1231 1134 ubi
1278 1074 1344 1134 te
1391 1070 1504 1134 isti
1548 1073 1642 1135 rei
1685 1071 1966 1156 populus
2012 1071 2354 1136 Romanus

328 1160 770 1248 praefecerat?
841 1159 1048 1224 Video
1098 1160 1268 1222 enim
1317 1180 1456 1222 esse
1503 1159 1716 1242 legem
1752 1163 2034 1224 veterem
2072 1161 2354 1225 tribuni·
2385 1183 2433 1223 10

328 1252 522 1333 ciam,
580 1271 742 1349 quae
797 1251 975 1312 vetet
1030 1246 1281 1312 iniussu
1323 1247 1534 1331 plebis
1581 1247 1785 1331 aedis,
1841 1251 2112 1332 terram,
2169 1272 2352 1314 aram

328 1337 715 1420 consecrari3
771 1358 977 1421 neque
1023 1340 1165 1400 tum
1210 1335 1335 1399 hoc
1379 1335 1488 1399 ille
1535 1333 1606 1410 Q.
1653 1334 1979 1420 PapiriuS,
2026 1339 2138 1420 qui
2183 1336 2358 1402 hanc

328 1427 540 1509 legem
587 1425 871 1508 rogavit,
920 1424 1121 1488 sensit
1163 1445 1373 1506 neque
1421 1425 1788 1507 suspicatus
1836 1429 1953 1508 est,
1998 1424 2141 1489 fore
2188 1427 2357 1510 peri-

330 1515 574 1596 culum,
635 1535 716 1577 ne
785 1513 1109 1577 domicilia
1164 1515 1279 1575 aut
1331 1511 1774 1595 possessiones
1826 1512 2354 1578 indemnatorum

329 1603 567 1667 civium
622 1604 1166 1666 consecrarentur.
1255 1599 1483 1682 Neque
1530 1600 1699 1664 enim
1746 1600 1812 1663 id
1857 1601 1999 1665 fieri
2042 1602 2144 1666 fas
2195 1611 2433 1687 erat,15

328 1712 538 1774 neque
586 1689 926 1774 quisquam
970 1687 1239 1771 fecerat,
1284 1709 1491 1771 neque
1539 1692 1680 1752 erat
1723 1710 1934 1771 causa,
1981 1712 2093 1754 cur
2137 1691 2356 1774 prohi-

329 1779 540 1843 bendo
595 1800 728 1842 non
779 1781 918 1841 tam
974 1776 1297 1840 deterrere
1353 1776 1681 1840 videretur
1736 1799 1932 1861 quam
1987 1778 2356 1844 admonere.

226 1865 475 1949 1288ed,
523 1867 676 1951 quia
714 1865 1261 1930 consecrabantur
1300 1864 1507 1949 aedeS,
1545 1887 1674 1929 non
1708 1866 2113 1949 privatorum
2153 1866 2358 1931 domi-

330 1957 499 2038 cilia,
536 1956 647 2019 sed
684 1976 848 2038 quae
886 1975 1107 2018 sacrae
1142 1954 1581 2037 nominantur,
1617 1956 2160 2019 consecrabantur
2192 1958 2359 2056 agri,

330 2066 463 2109 non
516 2044 611 2107 ita
666 2047 738 2107 ut
791 2046 1020 2107 nostra
1074 2040 1363 2124 praedia,
1419 2042 1477 2105 si
1522 2042 1632 2125 qui
1676 2043 1903 2120 vellet,
1960 2044 2070 2107 sed
2115 2048 2192 2109 ut
2238 2045 2356 2109 im·
2387 2066 2438 2104 ρο

329 2136 593 2217 perator
639 2152 832 2217 agros
879 2130 956 2195 de
1001 2130 1299 2194 hostibus
1346 2133 1571 2215 captos
1619 2137 2050 2215 consecraret,
2109 2136 2356 2196 statue·

335 2222 573 2285 bantur
620 2241 787 2303 arae,
835 2240 995 2302 quae
1041 2217 1422 2317 religionem
1471 2217 1800 2282 adferrent
1844 2219 1971 2304 ipsi
2016 2221 2190 2309 loco,
2236 2242 2357 2303 quo

332 2312 550 2373 essent
613 2311 1051 2389 consecratae,
1124 2306 1284 2370 haec
1346 2305 1475 2369 nisi
1536 2306 1758 2390 plebes
1821 2302 2148 2392 iussisset,
2212 2309 2356 2373 fieri

332 2397 556 2461 vetuit.
649 2394 826 2471 Quae
895 2395 952 2459 si
1016 2398 1086 2458 tu
1141 2394 1594 2478 interpretaris
1651 2395 1729 2460 de
1781 2396 2028 2461 nostris
2085 2397 2356 2461 aedibus

332 2488 526 2568 atque
584 2484 761 2568 agris
818 2483 1063 2567 scripta
1118 2504 1286 2566 esse,
1348 2503 1480 2545 non
1535 2504 1858 2569 repugno3
1925 2484 2037 2549 sed
2094 2507 2356 2569 quaem,
2384 2504 2432 2545 25

335 2594 497 2653 quae
554 2571 657 2634 lex
713 2573 848 2635 lata
894 2571 1006 2653 sit,
1064 2573 1138 2634 ut
1184 2574 1257 2634 tu
1305 2570 1480 2634 aedis
1529 2592 1705 2636 meas
1753 2593 2188 2656 consecrares,
2245 2575 2359 2637 ubi

332 2660 456 2724 tibi
510 2657 668 2723 haec
724 2662 1015 2741 potestas
1061 2659 1216 2722 data
1262 2658 1376 2740 sit,
1433 2680 1560 2741 quo
1607 2660 1742 2723 iure
1788 2660 2034 2726 feceris
2124 2660 2359 2746 Neque

334 2769 455 2833 ego
499 2769 669 2811 nunc
715 2748 792 2811 de
838 2745 1166 2831 religione,
1212 2747 1324 2810 sed
1364 2746 1440 2809 de
1485 2747 1674 2811 bonis
1717 2750 2002 2814 omnium
2037 2754 2360 2834 nostrum,

227 2840 453 2905 5011oe
508 2836 585 2899 de
640 2834 1002 2919 pontificiO,
1058 2835 1169 2899 sed
1223 2835 1300 2898 de
1355 2836 1492 2899 iure
1545 2836 1806 2920 publico
1853 2837 2132 2938 disputo:
2224 2837 2358 2901 Lex

334 2924 595 3007 Papiria
667 2927 848 2988 vetat
920 2924 1095 2988 aedis
1167 2922 1417 2986 iniussu
1488 2924 1696 3007 plebis
1771 2926 2151 2991 consecrari.
2257 2923 2359 2991 Sit
2385 2945 2430 2985 ιο

336 3035 489 3078 sane
543 3012 668 3078 hoc
724 3012 801 3075 de
847 3012 1088 3076 nostris
1138 3011 1400 3075 aedibus
1449 3033 1524 3076 ae
1568 3034 1700 3076 non
1745 3013 1823 3077 de
1867 3014 2146 3097 publicis
2194 3018 2362 3079 tem·

333 3102 488 3186 plis;
537 3123 737 3165 unum
783 3100 1051 3164 ostende
1097 3099 1369 3164 verbum
1417 3101 1920 3167 consecrationis
1953 3103 2025 3166 in
2061 3103 2206 3187 ipsa
2243 3107 2363 3167 tua

334 3189 499 3275 lege,
546 3190 601 3253 si
646 3190 762 3253 illa
808 3189 911 3253 lex
959 3192 1060 3251 est
1106 3210 1180 3252 ac
1223 3209 1357 3251 non
1397 3209 1520 3252 vox
1559 3190 1814 3254 sceleris
1853 3194 1918 3254 et
1953 3191 2362 3256 crudelitatis

234 3282 508 3342 129tuae.
595 3274 869 3377 Quodsi
900 3276 1024 3340 tibi
1069 3280 1210 3339 tum
1256 3277 1326 3339 in
1369 3276 1481 3339 illo
1529 3277 1622 3340 rei
1666 3278 1965 3361 publicae
2009 3278 2362 3365 naufragio

336 3364 555 3428 omnia
590 3366 658 3429 in
696 3368 978 3429 mentem
1008 3362 1224 3428 venire
1252 3364 1638 3449 potuissent,
1676 3369 1789 3430 aut
1817 3366 1873 3430 si
1897 3372 2048 3431 tuus
2079 3367 2361 3452 scriptor
2386 3384 2431 3426 ³5

334 3452 402 3514 in
438 3452 553 3515 illo
592 3452 884 3517 incendio
924 3452 1205 3516 civitatis
1241 3472 1376 3515 non
1405 3454 1814 3539 syngraphas
1845 3476 1990 3519 cum
2017 3452 2360 3538 Byzantiis

336 3538 629 3602 exulibus
687 3543 751 3603 et
808 3561 949 3603 cum
1008 3538 1245 3623 legatis
1290 3536 1623 3623 Brogitari
1669 3542 1938 3627 faceret,
1995 3542 2108 3607 sed
2153 3565 2360 3609 vacuo
2419 3611 2426 3620 ,
