2534 3875
781 212 786 215 .
843 168 982 222 cAP
1021 176 1106 237 36,
1147 175 1213 223 37
1253 176 1286 235 s
1325 175 1588 225 99—104.
2105 171 2235 235 139

190 310 310 375 sed
370 314 653 376 maxime
711 316 1008 376 nostram
1055 334 1320 377 causam
1368 312 1933 397 defensionemque
1990 316 2217 380 confir·
2256 362 2342 428 37

189 398 374 462 met?
419 396 603 484 Ergo
651 400 859 465 adhuc
895 400 1045 464 Iuni
1089 401 1399 466 iudicium
1435 402 1623 467 video
1664 423 1804 466 esse
1844 403 1979 467 eius
2020 404 2343 505 modi,¹¹03

188 491 268 550 ut
338 485 775 552 incursionem
847 489 1066 570 potius
1124 489 1490 573 seditionis,
1555 490 1689 553 vim
1753 491 2215 575 multitudinis,
2239 491 2265 503 ⁴

190 574 512 653 impetum
594 576 1017 641 tribunicium
1101 599 1297 660 quam
1378 576 1689 643 iudicium
1772 578 2235 663 appellandum

127 680 158 720 5
189 670 435 746 putem.
538 661 785 738 Quodsi
847 666 991 749 quis
1046 665 1214 728 illud
1268 666 1579 731 iudicium
1637 667 1948 750 appellet,
2010 670 2236 731 tamen

190 751 314 814 hoc
359 751 748 816 confiteatur
791 774 1052 817 necesse
1091 757 1210 836 est,
1255 754 1439 817 nullo
1479 755 1670 819 modo
1708 755 1896 818 illam
1934 754 2229 837 multam,

189 860 357 922 quae
422 838 506 902 ab
561 838 751 904 Iunio
816 841 1027 925 petita
1083 842 1196 924 sit,
1264 864 1412 906 cum
1471 840 1731 906 Cluenti
1786 864 1981 907 causa
2035 864 2231 927 posse

189 926 515 1012 coniungi.
607 927 783 991 Illud
827 929 1035 1013 igitur
1077 928 1427 994 Iunianum
1473 952 1590 1014 per
1636 929 1770 995 vim
1818 930 2063 995 factum
2111 935 2231 1013 est,

186 1012 385 1078 Bulbi
443 1018 510 1078 et
558 1014 772 1099 Popili
829 1020 896 1080 et
943 1016 1185 1081 Guttae
1233 1022 1462 1082 contra
1508 1017 1886 1083 Cluentium
1930 1040 2064 1084 non
2112 1021 2232 1101 est,

99 1122 160 1159 ιο
189 1100 438 1166 Staieni
503 1103 703 1168 etiam
765 1126 885 1188 pro
951 1103 1253 1170 Cluentio
1320 1110 1438 1170 est.
1538 1105 1921 1190 Videamus,
1986 1106 2232 1191 ecquod

187 1190 366 1254 aliud
419 1190 760 1276 iudicium,
817 1193 988 1277 quod
1041 1215 1162 1277 pro
1212 1190 1514 1258 Cluentio
1573 1194 1687 1277 sit,
1741 1195 2035 1279 proferre
2080 1216 2231 1279 pos-

187 1300 411 1342 slmus.

319 1366 589 1431 Dixitne
653 1368 920 1432 tandem
988 1390 1254 1433 causam
1322 1367 1391 1433 O.
1446 1368 1889 1434 Fidiculanius
1942 1370 2231 1453 Falcula,

186 1455 300 1540 qui
337 1454 772 1539 Oppianicum
811 1456 1295 1538 condemnarat,
1334 1479 1479 1521 cum
1517 1459 1924 1541 praesertim,
1960 1459 2027 1521 id
2057 1460 2226 1544 quod

99 1560 158 1600 15
184 1543 312 1606 fuit
383 1543 454 1606 in
517 1543 636 1607 illo
691 1544 928 1609 iudicio
984 1545 1595 1627 invidiosissimum,
1658 1567 1901 1630 paucos
1959 1547 2095 1611 dies
2152 1569 2232 1611 ex

185 1631 657 1696 subsortitione
706 1632 1028 1697 sedisset?
1092 1632 1298 1715 Dixit,
1346 1637 1413 1696 et
1457 1633 1561 1698 bis
1610 1634 1870 1717 quidem
1909 1633 2089 1699 dixit.
2149 1633 2231 1698 In

183 1740 512 1783 summam
559 1719 732 1784 enim
777 1718 850 1785 L.
880 1720 1219 1795 Quinctius
1265 1721 1580 1785 invidiam
1628 1720 2041 1786 contionibus
2080 1744 2227 1785 eum

183 1807 534 1872 cotidianis
602 1808 927 1872 seditiosis
993 1813 1061 1873 et
1123 1809 1522 1873 turbulentis
1590 1809 1962 1873 adduxerat.
2074 1809 2225 1874 Uno

182 1895 420 1961 iudicio
478 1896 690 1960 multa
736 1900 837 1962 est
883 1896 968 1962 ab
1015 1918 1091 1962 eo
1137 1897 1375 1982 petita,
1432 1896 1599 1963 sicut
1647 1898 1729 1963 ab
1778 1898 1994 1982 Iuni0,
2051 1898 2227 1982 quod

97 2003 154 2040 20
181 2006 315 2049 non
391 2007 548 2049 suae
617 1985 912 2050 decuriae
977 2007 1240 2050 munere
1304 2008 1513 2070 neque
1579 2008 1657 2050 ex
1721 1988 1866 2071 lege
1932 1987 2209 2050 sedisset

181 2071 390 2137 Paulo
449 2073 773 2138 sedatiore
829 2078 1126 2158 tempore
1181 2078 1284 2137 est
1340 2078 1679 2140 accusatus
1739 2072 1934 2157 quam
1979 2073 2225 2157 IuniuS,

181 2160 298 2224 sed
345 2161 572 2226 eadem
608 2160 744 2225 fere
790 2162 937 2247 lege
984 2165 1050 2226 et
1097 2162 1383 2226 crimine.
1457 2161 1625 2238 Quia
1658 2163 1844 2226 nulla
1879 2163 1949 2226 in
1986 2161 2222 2227 iudicio

181 2248 418 2313 seditio
464 2270 675 2332 neque
721 2249 821 2314 vis
859 2271 977 2314 nec
1014 2251 1212 2314 turba
1247 2254 1513 2315 versata
1548 2254 1667 2333 est,
1713 2250 1927 2335 prima
1966 2251 2222 2314 actione

178 2336 492 2401 facillime
540 2341 642 2401 est
685 2337 1047 2402 absolutus
1127 2337 1282 2403 Non
1326 2360 1598 2404 numero
1645 2339 1814 2404 hanc
1861 2338 2224 2403 absolutio-

95 2441 148 2481 25
177 2446 353 2508 nem3
403 2425 615 2489 nihilo
661 2425 875 2490 minus
924 2426 1096 2490 enim
1142 2431 1391 2510 potest,
1433 2431 1512 2492 ut.
1553 2428 1737 2491 illam
1775 2427 2053 2491 multam
2090 2448 2226 2490 non

177 2513 602 2596 commiserit,
649 2514 977 2598 accepisse
1023 2518 1248 2578 tamen
1294 2515 1378 2579 ob
1415 2536 1553 2578 rem
1598 2515 2012 2579 iudicandam
2058 2519 2093 2558 ²¹⁵
2124 2513 2223 2557 *²¹⁸

175 2605 379 2685 capta
431 2622 753 2685 nusquam
785 2599 1103 2666 -Staienus
1151 2602 1377 2666 eadem
1423 2602 1571 2688 lege
1618 2602 1799 2667 dixit.
1873 2602 2221 2686 Proprium

174 2689 428 2753 crimen
483 2690 649 2752 illud
707 2690 1106 2773 quaestionis
1158 2691 1300 2754 eius
1346 2713 1476 2756 non
1522 2690 1666 2757 fuit.
1755 2689 2197 2756 Fidiculanius
2225 2708 2329 2758 104

176 2777 339 2861 quid
376 2776 608 2842 fecisse
649 2777 1028 2843 dicebatur?
1075 2777 1426 2863 Accepisse
1464 2801 1505 2842 a
1541 2777 1844 2844 Cluentio
1883 2779 1995 2845 HS
2026 2795 2219 2846 0000.

89 2882 144 2922 ³0
175 2864 380 2929 Cuius
437 2868 578 2930 erat
635 2865 925 2930 ordinis?
1031 2863 1375 2931 Senatorii.
1468 2865 1608 2942 Qua
1662 2869 1806 2953 lege
1861 2868 1931 2932 in
1991 2889 2067 2934 eo
2115 2891 2221 2955 ge—

173 2974 335 3018 nere
392 2975 432 3017 a
487 2957 788 3018 senatore
843 2953 1012 3019 ratio
1059 2955 1271 3038 repeti
1318 2955 1515 3031 solet,
1573 2955 1651 3020 de
1696 2956 1990 3041 pecuniis
2036 2979 2221 3041 repe-

171 3041 431 3124 tundis,
485 3063 562 3106 ea
617 3043 762 3126 lege
820 3046 1161 3107 accusatus
1206 3042 1667 3108 honestissime
1715 3048 1816 3108 est
1860 3044 2221 3108 absolutus,

171 3128 351 3194 Acta
414 3133 517 3194 est
583 3129 754 3194 enim
820 3151 1014 3194 causa
1076 3152 1257 3195 more
1322 3131 1643 3196 maiorum
1709 3132 1847 3196 sine
1911 3133 2006 3214 vi,
2080 3133 2219 3195 sine

172 3221 376 3301 metU,
423 3217 563 3281 sine
608 3217 928 3302 periculo3
985 3218 1162 3284 dicta
1207 3222 1275 3282 et
1312 3219 1610 3301 exposita
1656 3224 1723 3283 et
1769 3219 2220 3283 demonstrata

87 3323 140 3362 ³⁵
174 3309 334 3370 sunt
382 3305 620 3370 omnia.
685 3304 974 3370 Adducti
1017 3307 1259 3371 iudices
1308 3310 1461 3370 sunt
1506 3329 1639 3372 non
1686 3306 1878 3372 modo
1925 3304 2219 3390 potuisse

168 3395 451 3459 honeste
510 3394 594 3457 ab
655 3415 731 3458 eo
792 3415 975 3458 reum
1035 3395 1481 3478 condemnari,
1539 3395 1651 3478 qui
1710 3415 1844 3458 non
1902 3398 2217 3478 perpetuo

167 3481 475 3563 sedisset,
523 3480 654 3565 sed,
701 3481 879 3546 aliud
927 3481 984 3546 si
1028 3483 1087 3546 is
1133 3483 1325 3546 iudex
1368 3482 1537 3545 nihil
1587 3481 1836 3564 scisset,
1880 3481 2009 3545 nisi
2052 3503 2217 3565 quae
