2534 3875
869 175 1022 229 CAP.
1061 182 1201 230 5—·2
1239 181 1272 241 5
1314 182 1538 233 16—22.
2096 178 2223 243 185

185 320 520 386 nationem
585 341 995 403 comparare,
1050 319 1269 402 credo,
1326 340 1520 403 quam
1574 320 1942 405 perniciosa
1988 326 2225 406 essent,

187 407 318 473 ndn
371 407 700 473 videretis,
790 406 959 482 Quid
1019 407 1190 471 enim
1245 408 1607 472 cavendum
1666 412 1768 473 est
1824 408 1893 472 in
1952 409 2223 475 coloniis
2260 388 2330 516 ἕο

189 496 623 561 deducendis?
725 493 797 561 Si
850 494 1164 578 luxuries,
1232 495 1675 561 Hannibalem
1728 496 1945 581 ipsum
2000 496 2225 582 Capua

0 592 2 603 '
189 586 514 669 corrupit,
561 584 621 647 si
666 584 990 669 superbia,
1033 587 1194 648 nata
1237 584 1399 648 inibi
1447 605 1590 649 esse
1633 584 1795 649 haec
1832 606 1911 649 ex
1950 583 2222 669 Campa·

0 612 4 737 1
135 692 164 731 5
187 696 424 739 norum
460 671 736 737 fastidio,
769 672 1043 755 videtur,
1087 672 1144 736 si
1182 672 1595 757 praesidium,
1628 693 1763 737 non
1798 674 2224 757 praeponitur

0 766 4 911 J
187 761 340 826 huic
396 760 547 825 urbi
603 762 734 823 ista
788 760 1071 843 colonia,
1127 760 1237 824 sed
1292 760 1662 845 opponitur.
1755 762 1847 826 At
1902 784 2093 845 quem
2141 762 2223 826 ad

187 850 456 915 modum
511 852 821 933 armatur,
877 848 942 912 di
989 848 1428 913 immortales!
1520 847 1697 914 Nam
1742 849 1919 914 bello
1969 850 2217 915 Punico

187 937 500 1023 quicquid
562 937 779 1022 potuit
839 934 1091 1020 Capua,
1154 936 1375 1021 pot-uit
1439 938 1583 1021 ipsa
1640 958 1759 1022 per
1823 960 1990 1021 sese3
2053 960 2225 1004 nunc

187 1047 418 1094 omnes
479 1028 701 1109 urbes,
759 1046 925 1109 quae
985 1025 1226 1090 circum
1284 1022 1579 1109 Capuam
1640 1030 1820 1110 sunt,
1878 1048 1917 1089 a
1975 1026 2223 1093 colonis

109 1134 162 1173 ιο
187 1136 307 1201 per
363 1113 627 1179 eosdem
685 1112 1082 1178 decemviros
1131 1114 1644 1196 occupabuntur3
1700 1113 1871 1179 hanc
1918 1115 2091 1179 enim
2138 1115 2221 1180 ob

189 1224 460 1269 causam
504 1202 833 1287 permittit
877 1202 1020 1285 ipsa
1065 1201 1189 1284 lex,
1233 1201 1305 1265 in
1350 1201 1586 1284 omnia,
1632 1224 1797 1285 quae
1844 1204 2064 1287 velint,
2112 1225 2224 1286 op-

187 1291 346 1377 pida
421 1290 688 1355 colonos
759 1293 836 1355 ut
909 1289 1258 1353 decemviri
1330 1289 1679 1372 deducant,
1761 1311 1925 1374 quos
1998 1291 2223 1355 velint.

187 1380 411 1464 Atque
483 1378 588 1442 his
661 1377 911 1443 colonis
983 1400 1214 1463 agrum
1282 1374 1688 1462 Campanum
1752 1382 1820 1442 et
1884 1376 2224 1444 Stellatem

189 1489 498 1552 campum
581 1466 782 1531 dividi
863 1466 1062 1531 iubet.
1177 1464 1333 1530 Non
1407 1487 1643 1550 queror
1716 1466 2224 1532 deminutionem
2260 1484 2329 1534 21

109 1573 162 1613 1⁵
188 1554 638 1641 vectigalium,
673 1576 808 1619 non
843 1553 1165 1639 flagitium
1201 1552 1395 1618 11111113
1432 1555 1723 1618 iacturae
1760 1558 1955 1637 atque
1985 1555 2225 1638 damni,

188 1643 646 1730 praetermitto
700 1642 848 1726 illa,
907 1663 1071 1726 quae
1125 1663 1317 1706 nemo
1374 1644 1476 1706 est
1522 1641 1679 1725 quin
1720 1642 2112 1724 gravissime
2160 1647 2227 1707 et

187 1730 532 1798 verissime
575 1731 878 1816 conqueri
914 1730 1146 1813 possit,
1180 1752 1300 1795 nos
1330 1734 1527 1813 caput
1553 1729 1935 1813 patrimonii
1960 1730 2225 1814 publici,

187 1819 700 1905 pulcherrimam
744 1818 972 1903 populi
1007 1817 1291 1883 Romani
1326 1818 1826 1902 possessionem,
1863 1817 2224 1883 subsidium

191 1929 516 1992 annonae,
578 1907 885 1973 horreum
948 1906 1132 1990 belli,
1195 1906 1317 1972 sub
1383 1906 1572 1992 signo
1638 1906 2070 1991 claustrisque
2130 1906 2227 1971 rei

109 2016 166 2055 2⁰
188 1998 495 2083 publicae
553 1997 844 2081 positum
899 1995 1180 2080 vectigal
1229 2017 1487 2060 servare
1523 2016 1657 2059 11011
1702 1995 2021 2078 potuisse,
2080 2017 2226 2059 eum

193 2086 468 2170 denique
529 2106 651 2150 nos
717 2105 950 2169 agrum
1010 2083 1083 2148 P.
1145 2083 1341 2147 Rullo
1408 2082 1829 2167 concessisse,
1894 2083 2005 2166 qui
2070 2105 2227 2168 ager

190 2175 336 2258 ipse
381 2195 500 2256 per
547 2194 687 2237 sese
735 2178 802 2237 et
847 2171 1154 2236 Sullanae
1201 2170 1636 2235 dominationi
1680 2176 1748 2235 et
1783 2169 2226 2235 Gracchorum

190 2261 537 2347 largitioni
572 2260 952 2344 restitisset3
987 2281 1119 2324 non
1157 2259 1300 2324 dico
1340 2260 1554 2324 solum
1590 2259 1716 2324 1100
1751 2259 1822 2322 111
1857 2280 1928 2323 re
1964 2259 2227 2343 publica

190 2349 474 2434 vectigal
525 2369 683 2432 esse,
727 2348 900 2433 quod
947 2347 1204 2412 amissis
1252 2346 1401 2412 aliis
1437 2351 1790 2430 remaneat,
1834 2345 2225 2412 intermissis

109 2457 165 2496 25
191 2460 328 2503 non
375 2437 821 2520 conquiescat,
865 2437 937 2500 in
980 2458 1138 2521 pace
1182 2435 1418 2518 niteat,
1463 2436 1533 2499 in
1576 2435 1751 2500 bello
1796 2456 1930 2499 non
1976 2435 2227 2500 obsole-

193 2531 365 2608 scat,
445 2525 726 2590 militem
809 2525 1156 2608 sustentet,
1236 2523 1497 2588 hostem
1572 2545 1707 2587 non
1777 2522 2225 2608 pertimescat3

189 2615 648 2699 praetermitto
706 2634 963 2677 omnem
1016 2613 1186 2676 hanc
1241 2611 1604 2676 orationem
1666 2614 1731 2675 et
1784 2611 2078 2677 contioni
2131 2635 2225 2678 re-

193 2724 412 2786 servo;
470 2701 546 2766 de
600 2701 888 2785 periculo
938 2701 1182 2766 salutis
1217 2722 1295 2764 ac
1338 2699 1667 2764 libertatis
1712 2699 1965 2783 loquor.
2056 2697 2225 2775 Quid
2262 2717 2329 2766 22

193 2791 369 2856 enim
434 2789 823 2854 existimatis
877 2789 1213 2874 integrum
1266 2787 1457 2852 vobis
1512 2787 1583 2850 in
1637 2808 1707 2850 re
1766 2787 2031 2872 publica
2084 2788 2224 2852 fore

107 2899 167 2938 30
193 2883 310 2944 aut
373 2878 446 2942 in
496 2883 720 2943 vestra
772 2876 1076 2942 libertate
1133 2898 1208 2940 ac
1265 2875 1587 2959 dignitate
1647 2875 2010 2959 retinenda,
2077 2898 2223 2941 cum

191 2967 430 3031 Rullus
461 2971 656 3050 atque
682 2965 749 3047 ii,
779 2986 942 3048 (11103
971 2965 1180 3029 multo
1210 2963 1421 3048 magis
1451 2985 1645 3048 quam
1664 2963 1929 3028 Rullum
1959 2964 2224 3044 timetis,

191 3077 342 3120 cum
403 3054 581 3119 omni
646 3052 978 3138 egentium
1033 3057 1229 3136 atque
1287 3051 1732 3136 improborum
1789 3073 2013 3134 mann,
2077 3073 2221 3115 cum

193 3143 498 3208 omnibus
555 3142 787 3226 copiis,
841 3164 988 3206 cum
1043 3137 1221 3206 omni
1278 3143 1553 3225 argento
1610 3142 1676 3204 et
1723 3160 1881 3203 auro
1928 3135 2222 3223 Capuam

193 3235 263 3296 et
305 3231 500 3295 urbes
549 3229 718 3295 circa
765 3229 1058 3314 Capuam
1105 3228 1525 3314 occuparint?

107 3337 162 3378 ³5
325 3318 451 3384 His
509 3340 632 3403 ego
687 3318 908 3399 rebus,
970 3321 1190 3401 patres
1247 3315 1624 3397 conscripti,
1677 3313 1982 3377 resistam
2035 3313 2221 3378 vehe-

189 3411 447 3472 menter
509 3410 709 3490 atque
765 3407 1000 3470 acriter
1062 3402 1271 3488 neque
1333 3402 1551 3488 patiar
1614 3400 1911 3465 homines
1976 3421 2053 3464 ea
2115 3423 2219 3464 me

190 3496 457 3561 consule
494 3515 889 3579 expromere,
935 3514 1098 3576 quae
1136 3497 1364 3557 contra
1400 3511 1537 3555 rem
1573 3488 1901 3572 publicam
1939 3487 2072 3551 iam
2111 3488 2219 3552 diu
