2534 3875
531 142 684 198 CAP.
725 149 936 198 47—49
975 150 1005 210 s
1048 150 1345 203 131—136.
1797 145 1916 209 151

5 293 128 372 set,
179 288 341 352 dixit
388 308 457 352 se
505 288 670 354 scire
716 289 907 352 illum
943 288 1160 353 verbis
1200 290 1531 373 conceptis
1568 290 1924 376 peierasse3

4 377 121 461 qui
187 380 416 441 contra
473 378 676 441 vellet
740 377 980 461 dicere,
1042 398 1313 441 usurum
1384 399 1523 443 esse
1593 400 1739 443 eum
1806 401 1920 442 eun

0 465 288 530 :imonia
379 462 628 529 Deinde
686 487 831 530 cum
885 486 1077 529 nemo
1137 469 1366 531 contra
1412 466 1677 544 diceret,
1733 466 1924 533 iussit

0 576 122 617 ‚um
182 553 538 632 traducere.
628 552 735 617 Ita
794 554 878 636 is,
939 554 1121 619 cuius
1183 554 1460 618 arbitrio
1518 559 1585 619 et
1641 557 1920 639 populus

0 663 223 706 manus
272 646 338 705 et
383 644 640 706 exterae
690 644 918 726 gentes
957 645 1302 707 contentae
1339 663 1480 707 esse
1518 649 1924 721 consuerant,

0 753 22 795 e
92 752 210 794 sua
277 729 548 793 scientia
613 729 695 794 ad
764 729 1194 815 ignominiam
1251 729 1521 795 alterius
1578 734 1920 796 contentus

0 843 15 882 ι
69 818 218 883 fuit.
308 816 554 892 Quodsi
607 818 733 884 hoc
787 817 1034 882 Habito
1089 816 1303 882 facere
1359 818 1677 902 licuisset,
1730 818 1920 885 facile.

0 930 14 971 3
83 906 246 991 ipsis
312 905 632 970 iudicibus
699 909 764 969 et
828 904 1035 971 falsae
1098 906 1455 989 suspicioni
1519 911 1586 971 et
1643 907 1920 973 invidiae

0 994 287 1059 »ulariter
336 995 655 1059 excitatae
701 994 1074 1059 restitisset.

20 1082 241 1148 Unum
290 1082 489 1147 etiam
534 1086 654 1166 est,
701 1082 873 1166 quod
919 1103 1023 1146 me
1068 1083 1351 1147 maxime
1389 1084 1753 1168 perturbat,
1801 1085 1900 1149 cui
1928 1101 2028 1149 135

0 1194 24 1236 3
64 1171 456 1256 respondere
502 1170 611 1235 vix
655 1170 879 1235 videor
923 1192 1145 1255 posse,
1206 1171 1380 1253 quod
1428 1172 1715 1257 elogium
1760 1173 1920 1237 τεαὶ,

0 1260 42 1323 ti
91 1259 168 1323 de
214 1263 613 1323 testamento
663 1256 779 1323 Gn.
823 1258 1070 1343 Egnati
1117 1259 1350 1342 patriS,
1394 1259 1679 1324 hominis
1726 1258 1920 1323 hone-

0 1347 158 1412 simi
212 1347 515 1413 videlicet
571 1350 637 1411 et
695 1346 1186 1430 sapientissimi,
1250 1347 1490 1412 idcirco
1550 1369 1617 1412 se
1664 1347 1920 1411 exhere-

1 1458 71 1501 se
138 1436 375 1519 filium,
441 1436 614 1519 quod
665 1435 724 1499 is
781 1436 866 1499 ob
924 1435 1266 1518 Oppianici
1321 1434 1920 1501 condemnationem

0 1524 230 1588 'uniam
296 1524 670 1609 accepisset.
778 1523 877 1589 De
942 1523 1123 1588 cuius
1187 1522 1471 1587 hominis
1535 1522 1800 1587 levitate
1856 1529 1920 1585 st

0 1612 329 1678 onstantia
364 1613 556 1697 plura
591 1634 725 1675 non
762 1612 1005 1701 dicam3
1041 1611 1166 1676 hoc
1191 1614 1661 1676 testamentum
1687 1611 1920 1695 ipsum,

0 1701 57 1764 »d
103 1702 338 1765 recitas
350 1751 368 1784 ,
422 1700 561 1766 eius
609 1699 785 1765 modi
833 1704 962 1784 est,
1018 1704 1093 1763 ut
1137 1700 1282 1784 ille,
1326 1721 1471 1788 cum
1518 1720 1666 1763 eum
1710 1698 1916 1762 filium

0 1789 331 1871 erederet,
388 1811 580 1872 quem
627 1788 878 1870 oderat,
941 1788 1003 1851 ei
1046 1787 1184 1852 filio
1233 1787 1577 1853 coheredes
1623 1786 1916 1851 homines

0 1876 322 1943 missimos
369 1877 771 1962 adiungeret,
818 1898 1009 1960 quem
1053 1875 1385 1961 diligebat.
1452 1874 1579 1941 Sed
1614 1878 1706 1958 tu,
1744 1875 1920 1958 Acci,

0 1966 254 2030 ,sideres
285 1988 513 2031 censeo
531 2031 535 2035 ,
555 1966 916 2050 diligenter,
954 1968 1176 2030 utrum
1213 1964 1577 2030 censorium
1614 1963 1916 2028 iudicium

0 2077 87 2120 ‚ve
149 2054 315 2119 velis
383 2076 522 2119 esse
596 2076 680 2118 an
739 2053 1005 2139 Egnati.
1116 2051 1185 2117 Si
1245 2052 1523 2138 Egnati,
1597 2051 1737 2116 leve
1804 2058 1920 2134 est,

0 2143 55 2206 »d
115 2163 413 2207 censores
469 2143 547 2206 de
594 2142 828 2206 ceteris
877 2142 1429 2225 subscripserunt3
1484 2141 1701 2225 ipsum
1749 2142 1916 2203 enim

41 2229 439 2316 Egnatium,
495 2251 686 2313 quem
741 2233 816 2294 tu
871 2241 1139 2316 gravem
1195 2251 1338 2293 esse
1385 2228 1511 2312 vis,
1567 2250 1645 2291 ex
1692 2230 1920 2292 senatu

0 2323 236 2403 zerunt3
286 2319 389 2382 sin
437 2323 655 2383 autem
694 2340 1052 2401 censorum,
1097 2318 1268 2382 hunc
1303 2315 1679 2401 Egnatium,
1727 2337 1916 2398 quem

0 2430 70 2472 er
125 2407 419 2472 censoria
482 2406 960 2490 subscriptione
1009 2405 1449 2488 exheredavit,
1507 2425 1805 2470 censores
1852 2406 1920 2466 in

1 2499 135 2579 atU,
184 2518 331 2561 cum
376 2499 632 2581 patrem
680 2495 978 2578 eicerent,
1025 2495 1454 2559 retinuerunt.

14 2584 112 2648 At
159 2584 329 2649 enim
378 2588 643 2649 senatus
688 2584 1028 2648 universus
1075 2582 1389 2647 iudicavit
1433 2580 1596 2644 illud
1634 2602 1900 2666 corrup—
1926 2562 2024 2686 143?

0 2696 24 2736 1
88 2694 228 2737 esse
289 2672 616 2737 iudicium.
717 2670 858 2747 Quo
918 2670 1155 2736 modo?
1248 2667 1549 2753 Suscepit
1618 2690 1900 2734 causam.
1960 2660 2020 2686 '³

34 2761 255 2844 potuit
297 2783 436 2825 rem
475 2761 760 2824 delatam
800 2760 937 2824 eius
975 2758 1151 2824 modi
1185 2757 1571 2843 repudiare?
1620 2778 1764 2821 cum
1802 2758 1916 2822 tri-

0 2871 96 2913 tus
151 2849 362 2933 plebis
416 2848 661 2933 populo
719 2847 1044 2914 concitato
1100 2868 1239 2911 rem
1292 2869 1497 2931 paene
1556 2845 1638 2910 ad
1687 2867 1912 2910 manus

0 2942 270 3020 ocasset‚
316 2959 464 3001 cum
509 2936 610 3002 vir
657 2936 944 3020 optimus
991 2939 1056 2999 et
1101 2936 1298 3000 homo
1344 2934 1916 2999 innocentissimus

1 3026 158 3089 unia
204 3025 682 3090 circumventus
731 3024 1077 3107 diceretur,
1123 3046 1268 3088 cum
1315 3023 1560 3087 invidia
1605 3023 1916 3107 flagraret

7 3135 46 3178 o
97 3114 488 3196 senatoriuS,
548 3113 765 3198 potuit
807 3112 974 3177 nihil
1022 3111 1302 3194 decerni,
1347 3113 1564 3195 potuit
1606 3111 1725 3174 illa
1774 3131 1916 3174 con-

0 3201 111 3265 utio
167 3201 605 3265 multitudinis
657 3200 794 3264 sine
843 3221 1094 3264 summo
1141 3199 1430 3282 periculo
1477 3199 1571 3262 rei
1616 3197 1912 3282 publicae

2 3289 257 3353 udiari‘?
323 3290 414 3353 At
462 3289 616 3373 quid
663 3291 764 3352 est
802 3287 1172 3352 decretum?
1239 3285 1448 3361 Quam
1484 3287 1673 3368 iuste,
1721 3306 1912 3367 quam

3 3379 242 3458 ienter‚
315 3399 510 3460 quam
575 3376 955 3461 diligenter!
1021 3374 1092 3439 S1
1158 3392 1281 3452 om
1350 3392 1556 3453 SUNT,
1624 3390 1916 3449 QUORUM

0 3483 114 3530 ΕΒΑ
170 3481 455 3530 FAGTUM
502 3481 636 3544 SIT,
691 3482 784 3529 UT
830 3479 1157 3529 nmmum
1202 3477 1557 3526 PUBLIOUM
1604 3476 1912 3524 CORRUM-
