2534 3875
818 191 970 247 CAP.
1015 198 1226 247 45—47
1267 198 1297 259 g
1338 198 1635 247 126—131.
2084 194 2210 258 ,149

172 337 332 401 ciem
405 336 776 401 innocentis
849 337 1046 401 fidem
1110 358 1298 401 suam
1365 340 1431 401 et
1494 336 1881 421 religionem
1938 338 2210 422 pecunia

173 426 617 506 commutarit,
664 429 758 508 et,
806 425 918 508 qui
954 425 1166 510 pretio
1207 424 1521 489 adductus
1562 424 1871 509 eripuerit
1906 426 2210 509 p‘atriam,

171 513 487 591 fortunae,
534 512 776 577 liberos
817 512 944 599 civj
979 513 1329 597 innocenti,
1374 513 1430 576 is
1471 513 1799 577 censoriae
1840 514 2208 578 severitatis

171 606 328 666 nota
389 623 526 665 non
584 601 924 665 inuretur?
1025 600 1125 665 Tu
1186 624 1254 665 es
1319 600 1687 685 praefectus
1750 601 2067 684 moribus,
2135 607 2209 666 tu

126 707 151 746 ⁵
175 688 492 775 magister
539 688 778 753 veteris
837 687 1218 772 disciplinae
1274 711 1349 753 ac
1398 689 1793 772 severitatis,
1852 690 1907 753 si
1954 693 2068 754 aut
2113 712 2209 755 re-

173 778 338 841 tines
379 799 770 861 quemquam
819 776 1026 842 sciens
1073 778 1143 842 in
1189 781 1422 841 senatu
1468 774 1709 841 scelere
1756 781 1942 842 tanto
1990 782 2208 843 conta-

172 864 494 930 minatum
555 869 669 929 aut
730 866 966 929 statuis
977 916 996 950 ,
1060 866 1170 950 qui
1229 866 1299 929 in
1360 865 1583 930 eadem
1644 866 1837 950 culpa
1898 866 2012 949 sit,
2074 888 2208 931 non

173 953 393 1018 eadem
458 975 671 1038 poena
736 954 926 1018 adfici
991 954 1385 1019 convenire?
1494 952 1658 1035 Aut,
1733 976 1928 1037 quam
1993 954 2206 1020 condi-

14 1104 16 1115 ,
173 1043 422 1106 cionem
488 1041 788 1126 supplicii
853 1042 1133 1107 maiores
1198 1043 1268 1106 in
1332 1042 1509 1106 bello
1573 1041 1921 1106 timiditati
1976 1042 2207 1107 militis

14 1172 16 1177 ·
100 1148 147 1187 ιο
171 1130 580 1213 propositam
635 1151 773 1194 esse
826 1132 1198 1213 voluerunt,
1259 1131 1527 1195 eandem
1584 1134 1659 1193 tu
1720 1130 1789 1194 in
1842 1153 2002 1214 pace
2058 1154 2208 1196 con-

14 1212 16 1231 '
174 1218 406 1282 stitues
454 1218 868 1301 improbitati
915 1218 1283 1283 senatoris?
1376 1217 1622 1293 Quodsi
1667 1218 1793 1283 hoc
1840 1220 2209 1303 exemplum

172 1328 249 1370 ex
301 1328 373 1370 re
429 1306 704 1370 militari
760 1306 840 1370 ad
897 1306 1523 1371 animadversionem
1591 1307 1953 1371 censoriam
1998 1313 2207 1372 trans-

170 1394 509 1459 ferendum
554 1394 709 1477 fuit,
769 1394 1110 1459 sortitione
1157 1395 1224 1459 id
1269 1395 1484 1478 ipsum
1530 1393 1780 1459 factum
1828 1417 1969 1459 esse
2018 1418 2205 1480 opor-

171 1482 316 1547 tuit.
411 1480 528 1546 Sin
583 1486 803 1547 autem
861 1482 1082 1547 sortiri
1139 1483 1221 1547 ad
1276 1504 1557 1567 poenam
1603 1486 1669 1546 et
1712 1482 2051 1547 hominum
2101 1484 2208 1548 de—

99 1589 146 1628 15
171 1572 400 1635 lictum
446 1571 749 1635 fortunae
795 1570 1030 1635 iudicio
1079 1570 1490 1638 committere
1539 1570 1805 1635 minime
1843 1572 2209 1635 censorium

171 1663 291 1743 est,
328 1662 503 1723 certe
548 1659 620 1722 in
666 1658 1022 1723 multorum
1067 1662 1336 1743 peccato
1384 1659 1564 1743 carpi
1607 1680 1852 1742 paucos
1901 1660 1984 1722 ad
2028 1660 2209 1744 igno-

171 1748 441 1811 miniam
491 1749 586 1827 [et
630 1747 1128 1831 turpitudinem]
1167 1769 1302 1811 non
1340 1751 1616 1830 oportet.
1679 1745 1926 1811 Verum
1965 1768 2189 1811 omnes
2214 1728 2315 1853 {gg

169 1835 617 1921 intellegimus
654 1836 723 1899 in
759 1835 908 1899 istis
947 1835 1538 1920 subscriptionibus
1567 1838 1837 1900 ventum
1869 1835 2190 1918 quendam

169 1924 557 2009 popularem
617 1946 756 1988 esse
812 1925 1194 2008 quaesitum.
1286 1923 1542 1990 Iactata
1597 1946 1702 1989 res
1762 1927 1903 1988 erat
1948 1924 2017 1989 in
2063 1947 2209 1990 con-

16 2003 19 2018 '
99 2029 144 2068 ²0
169 2012 348 2077 tione
398 2015 467 2092 [a
513 2013 776 2077 tribuno
827 2013 1197 2095 seditioso]3
1243 2013 1583 2098 incognita
1624 2034 1821 2077 causa
1856 2014 2207 2097 probatum

171 2105 314 2166 erat
351 2099 518 2164 illud
553 2100 983 2184 multitudini3
1020 2101 1266 2166 nemini
1304 2102 1559 2166 licitum
1590 2105 1691 2166 est
1720 2106 1949 2166 contra
1979 2101 2207 2184 dicere,

169 2211 363 2254 nemo
414 2188 708 2272 denique,
752 2192 828 2253 ut
866 2189 1236 2254 defenderet
1274 2189 1668 2254 contrariam
1706 2192 1981 2274 partem,
2028 2189 2207 2252 labo-

167 2277 380 2342 rabat.
473 2276 554 2341 In
606 2276 920 2343 invidiam
974 2299 1171 2360 porro
1220 2298 1528 2363 magnam
1569 2265 1695 2341 illa
1739 2276 1978 2341 iudicia
2024 2298 2207 2341 vene-

167 2371 337 2430 rant.
431 2363 691 2431 Etenim
748 2366 974 2450 paucis
1019 2369 1254 2450 postea
1299 2366 1633 2430 mensibus
1682 2366 1815 2429 alia
1859 2365 2207 2430 vehemens

98 2470 142 2510 25
170 2458 313 2518 erat
365 2452 437 2517 in
494 2453 748 2518 iudiciis
808 2476 885 2517 ex
939 2455 1279 2518 notatione
1334 2453 1731 2518 tabellarum
1777 2453 2023 2518 invidia
2066 2476 2209 2519 ver-

169 2546 333 2606 sata.
425 2540 875 2607 Praetermitti
930 2543 1013 2607 ab
1069 2542 1447 2607 censoribus
1504 2545 1570 2606 et
1629 2541 1890 2626 neglegi
1952 2544 2209 2607 macula

167 2629 556 2694 iudiciorum
601 2652 793 2714 posse
840 2652 972 2695 non
1017 2630 1376 2696 videbatur.
1451 2629 1787 2714 Homines,
1835 2653 1999 2714 quos
2046 2635 2209 2695 cete·

166 2719 258 2782 ris
315 2717 499 2782 vitiis
561 2721 756 2801 atque
814 2719 992 2783 omni
1039 2719 1348 2784 dedecore
1393 2718 1659 2783 infamis
1706 2718 2042 2803 videbant,
2097 2741 2207 2784 eos

165 2805 290 2870 hac
367 2827 622 2890 quoque
698 2807 1176 2891 subscriptione
1248 2811 1478 2871 notare
1541 2809 1917 2890 voluerunt,
1991 2811 2058 2872 et
2130 2829 2207 2872 eo

97 2908 142 2948 ³0
168 2895 416 2980 magiS,
475 2894 647 2978 quod
703 2894 821 2959 illo
877 2897 1022 2980 ipso
1070 2900 1365 2980 tempore
1411 2895 1545 2959 illis
1594 2895 1969 2960 censoribus
2019 2899 2208 2960 erant

166 2979 413 3047 iudic’ia
451 3003 596 3046 cum
633 2983 917 3066 equestri
947 2983 1168 3048 ordine
1197 2984 1697 3067 communicata,
1730 2987 1807 3048 ut
1831 2983 2208 3048 viderentur

165 3091 284 3154 per
339 3070 678 3135 hominum
736 3070 1116 3136 idoneorum
1172 3071 1604 3157 ignominiam
1650 3093 1768 3136 sua
1814 3072 2206 3136 auctoritate

165 3158 286 3222 illa
332 3158 573 3222 iudicia
617 3159 1125 3244 reprehendisse.
1200 3159 1446 3235 Quodsi
1489 3160 1659 3224 hanc
1706 3158 1880 3243 apud
1927 3159 2186 3223 eosdem
2211 3175 2309 3223 131

165 3246 354 3331 ipsos
417 3267 713 3312 censores
770 3247 934 3312 mihi
989 3251 1103 3312 aut
1157 3247 1273 3312 alii
1334 3269 1595 3311 causam
1654 3269 1848 3332 agere
1895 3246 2205 3330 licuisset,

94 3347 138 3388 35
163 3333 549 3400 hominibus
596 3335 719 3399 tali
764 3334 1112 3418 prudentia
1155 3336 1471 3420 praeditis
1518 3338 1691 3400 certe
1727 3334 2205 3419 probavissem3

162 3443 271 3486 res
342 3423 516 3486 enim
572 3423 818 3488 indicat
871 3423 1041 3487 nihil
1096 3423 1277 3508 ipsos
1332 3423 1641 3488 habuisse
1698 3421 1974 3506 cogniti,
2037 3421 2205 3485 nihil

162 3509 520 3596 comperti3
574 3532 651 3574 ex
704 3514 850 3576 tota
903 3511 1035 3576 ista
1089 3511 1567 3596 subscriptione
1622 3529 1949 3572 rumorem
2010 3530 2205 3592 quen·
