2534 3875
812 146 967 201 CAP.
1006 153 1146 201 3—5
1183 152 1216 213 ἓ
1253 153 1445 202 6—11.
2010 147 2143 212 303

120 291 404 354 hominis
449 293 518 354 et
563 289 696 355 suis
743 293 811 354 et
854 290 1082 375 populi
1119 289 1401 354 Romani
1448 291 1847 356 ornamentis
1885 291 2144 374 amplis-

121 379 267 442 simi
315 399 575 443 causam
620 379 794 442 tanti
837 377 1108 461 periculi
1142 378 1605 463 repudiassem.
1696 377 1925 463 Neque
1972 379 2145 444 enim

118 466 253 532 iam
298 465 462 530 mihi
505 466 660 532 licet
702 487 910 548 neque
957 470 1057 530 est
1092 465 1443 552 integrum,
1488 470 1565 531 ut
1600 488 1817 531 meum
1852 467 2146 532 laborem

117 553 454 620 hominum
505 553 806 636 periculis
854 553 1271 619 sublevandis
1318 576 1451 621 non
1495 553 1891 639 impertiam.
1970 552 2145 619 Nam

63 657 92 698 ⁵
116 664 268 708 curn
318 642 608 725 praemia
653 641 815 706 mihi
858 645 1048 706 tanta
1091 663 1210 725 pro
1255 640 1381 707 hac
1426 641 1750 709 industria
1794 643 1930 707 sint
1975 642 2146 727 data,

117 733 370 815 quanta
427 733 618 796 antea
680 730 950 812 nemini,
1005 729 1052 812 ’ζ’
1107 732 1198 796 sic
1259 734 1325 794 et
1379 731 1435 794 si
1490 729 1738 814 ceperis
1801 751 1940 814 eos,
1996 752 2143 796 cum

114 819 392 903 adeptus
451 819 569 900 sis,
623 817 972 901 deponere,
1027 822 1199 883 esset
1241 816 1529 885 hominis
1576 822 1643 883 et
1688 819 1895 884 astuti
1940 822 2008 882 et
2050 817 2144 883 in—

114 907 316 992 grati.
388 903 636 982 Quodsi
677 905 833 970 licet
877 904 1186 988 desinere,
1231 907 1288 971 si
1334 911 1401 971 te
1446 910 1708 972 auctore
1754 927 2041 992 possum,
2088 906 2144 970 si
2181 925 2213 973 9

109 995 302 1060 nulla
354 994 654 1071 inertiae,
711 994 897 1058 nulla
955 994 1297 1078 superbiae
1352 995 1773 1080 [turpitud0],
1824 995 2008 1060 nulla
2050 994 2143 1058 in-

63 1099 84 1138 ῠ
109 1082 550 1148 humanitatis
591 1082 782 1166 culpa
818 1082 1185 1168 suscipitur,
1231 1103 1354 1168 ego
1396 1104 1545 1148 vero
1584 1083 1864 1148 libenter
1901 1083 2143 1148 desine.

109 1170 234 1236 Sin
277 1174 497 1235 autem
534 1171 692 1270 fuga
729 1170 972 1234 laboris
1012 1169 1345 1253 desidiam,
1380 1171 1745 1255 repudiatio
1775 1171 2143 1256 supplicum

109 1259 514 1360 superbiam,
549 1259 906 1322 amicorum
941 1258 1261 1358 neglectio
1302 1259 1795 1343 improbitatem
1830 1258 2146 1346 coarguit,

103 1346 430 1412 nimirum
483 1347 645 1411 haec
698 1367 892 1411 causa
947 1350 1047 1411 est
1103 1347 1240 1410 eius
1288 1347 1495 1431 modi,
1555 1369 1749 1430 quam
1795 1369 1913 1412 nec
1957 1311 2146 1411 indu-

110 1437 323 1500 strius
373 1435 718 1519 quisquam
763 1455 882 1498 nec
927 1434 1293 1499 misericors
1328 1456 1449 1500 nee
1486 1434 1813 1499 officiosus
1852 1434 2143 1500 deserere

63 1525 347 1608 ⁵possit.
438 1521 656 1607 Atque
709 1521 978 1587 huiusce
1031 1521 1125 1586 rei
1171 1522 1605 1588 coniecturam
1652 1522 1729 1588 de
1774 1526 1890 1590 tuo
1934 1522 2141 1607 ipsius

103 1611 364 1694 studio,
417 1608 629 1694 Servi,
688 1609 994 1675 facillime
1040 1608 1305 1694 ceperis.
1393 1608 1566 1675 Nam
1611 1611 1670 1675 si
1716 1611 1841 1675 tibi
1884 1631 2145 1678 necesse

97 1704 310 1786 putas
390 1698 588 1764 etiam
663 1697 1050 1764 adversariis
1115 1698 1474 1764 amicorum
1536 1702 1799 1763 tuorum
1864 1698 1941 1762 de
2004 1699 2143 1763 iure

99 1786 609 1854 consulentibus
655 1787 1062 1870 respondere,
1108 1790 1174 1850 et
1221 1787 1278 1851 si
1323 1790 1512 1870 turpe
1558 1787 1895 1852 existimas
1932 1788 1999 1850 te
2037 1786 2145 1852 ad-

99 1879 350 1943 vocato
386 1875 625 1941 illum
607 1896 839 1960 ipsum,
876 1896 1066 1965 quem
1105 1877 1333 1941 contra
1368 1875 1639 1959 veneris,
1674 1896 1869 1941 causa
1896 1873 2143 1977 cadere,

64 1966 247 2031 ·noli
295 1969 441 2031 tam
487 1984 626 2029 esse
671 1957 968 2046 iniustus,
1011 1967 1105 2047 ut,
1151 1984 1297 2028 cum
1336 1964 1435 2029 tui
1469 1963 1685 2028 fontes
1721 1964 1879 2028 vel'
1860 1962 2141 2029 inimicis

92 2055 239 2119 tuis
290 2055 584 2138 pateant,
635 2055 898 2117 nostros
945 2051 1142 2115 etiam
1191 2052 1416 2117 amicis
1462 2056 1653 2135 putes
1699 2053 1953 2117 clausos
2002 2072 2141 2117 esse

93 2147 437 2228 oportere.
500 2138 785 2223 Etenim,
831 2140 889 2204 si
924 2162 1026 2203 me
1062 2144 1180 2205 tua
1213 2139 1630 2204 familiaritas
1668 2140 1751 2205 ab
1788 2140 1911 2205 hac
1949 2161 2143 2205 causa

87 2230 532 2306 removisset,
586 2231 652 2293 et
707 2228 764 2292 si
807 2226 932 2294 hoc
976 2227 1149 2292 idem
1195 2226 1266 2303 Q.
1314 2228 1697 2311 HortensiO,
1749 2226 1837 2294 M.
1884 2225 2143 2312 Crasse,

86 2316 502 2387 clarissimis
557 2316 743 2400 viris,
807 2317 866 2381 si
916 2316 1076 2382 item
1133 2316 1389 2399 ceteris,
1443 2339 1483 2381 a
1540 2316 1773 2399 quibus
1828 2316 2141 2419 intellego

85 2414 298 2475 tuam
350 2405 634 2489 gratiam
681 2404 906 2489 magni
953 2404 1305 2487 aestimari,
1351 2404 1709 2487 accidisset,
1750 2404 1823 2468 in
1867 2425 1945 2469 ea
1989 2404 2142 2470 civi-

85 2501 248 2563 tate
288 2494 521 2559 consul
558 2492 931 2577 designatus
970 2491 1373 2557 defensorem
1407 2513 1541 2557 non
1575 2492 1864 2577 haberet,
1908 2492 1977 2557 in
2014 2515 2143 2579 qua

81 2583 368 2652 nemini
404 2602 711 2665 umquam
746 2580 971 2646 infimo
1001 2580 1281 2645 maiores
1308 2582 1518 2645 nostri
1545 2584 1891 2664 patronum
1921 2582 2141 2647 deesse

79 2673 484 2740 voluerunt.
547 2668 736 2770 ..Ego
773 2690 928 2734 vero
938 2718 957 2751 ,
1019 2669 1289 2753 iudices,
1351 2668 1493 2753 ipse
1547 2691 1651 2733 me
1706 2670 2141 2735 existimarem

75 2760 464 2840 nefarium,
508 2758 565 2821 si
611 2758 836 2840 amicO,
883 2756 1226 2840 crudelem,
1274 2758 1331 2821 si
1367 2757 1623 2839 misere,
1668 2759 2041 2860 superbum,
2083 2760 2140 2823 si

79 2846 377 2917 consuli
422 2844 785 2911 defuissem.
850 2842 1078 2927 Quare,
1123 2844 1295 2928 quod
1342 2844 1627 2910 dandum
1662 2850 1763 2910 est
1800 2846 2143 2930 amicitiae,

73 2942 298 3038 large
351 2932 613 2998 dabitur
657 2956 696 2998 a
741 2956 862 3017 me,
908 2936 982 2997 ut
1026 2936 1239 2997 tecum
1287 2954 1496 3018 agam,
1541 2930 1744 3017 Servi,
1785 2956 1919 2999 11011
1956 2956 2140 2999 secus

73 3051 166 3095 ac
225 3024 296 3089 si
344 3044 530 3086 meus
577 3026 751 3086 esset
793 3021 1017 3103 frater,
1063 3021 1173 3106 qui
1219 3020 1381 3085 mihi
1427 3025 1528 3086 est
1574 3022 1965 3105 carissimus,
2009 3022 2139 3086 isto

65 3118 154 3184 in
221 3115 414 3194 loco;
468 3109 642 3195 quod
685 3108 1100 3175 tribuendum
1147 3112 1251 3174 est
1298 3109 1539 3192 officio,
1592 3109 1768 3192 fidei,
1822 3108 2141 3210 religioni,

66 3206 152 3272 id
233 3203 344 3266 ita
409 3198 821 3299 moderabor,
883 3201 958 3261 ut
1021 3196 1428 3262 meminerim
1490 3218 1594 3261 me
1658 3199 1886 3262 contra
1948 3196 2141 3261 amici

65 3289 410 3363 studium
455 3308 572 3369 pro
621 3286 813 3351 amici
860 3285 1144 3368 periculo
1193 3284 1417 3350 dicere.

234 3373 608 3461 Intellego,
671 3374 941 3457 iudices,
1006 3374 1129 3438 tiis
1183 3373 1389 3438 totius
1446 3372 1879 3438 accusationis
1933 3357 2137 3457 partis

63 3470 338 3550 fuisse,
388 3466 454 3528 et
491 3484 714 3529 earum
749 3483 948 3527 unam
984 3461 1054 3527 in
1088 3461 1589 3547 reprehensione
1628 3460 1817 3545 vitae,
1865 3462 2138 3527 alteram

2182 2158 2248 2207 10

2176 3352 2239 3477 ξ’,
