2534 3875
261 119 391 175 VIII
873 114 1299 171 ADNOTATIO
1338 114 1641 171 CRITICA.

259 260 385 315 tani
418 259 772 327 frumentum
818 275 870 313 v.
907 275 961 327 p.
1002 263 1086 310 21.
1125 262 1210 314 37.
1249 286 1316 297 ·-
1351 256 1413 313 Ρ.
1451 261 1536 311 27.
1578 262 1642 311 16
1679 263 2005 327 quantopere
2042 258 2162 313 cod.
2201 260 2270 328 V,

261 347 377 384 non
411 334 614 399 quanto
651 344 822 397 opere,
858 330 921 380 ut
957 343 1059 380 scr.
1099 326 1248 394 edd.;
1292 326 1364 380 ad
1400 343 1455 396 p.
1497 333 1614 384 190.
1652 334 1736 395 30,
1776 326 1877 381 Off.
1916 346 1969 397 p.
2010 334 2059 384 2.
2089 336 2177 395 27,
2214 329 2268 385 S.

262 400 425 457 Rosc.
462 418 515 468 p.
556 404 639 454 71.
680 404 762 453 12.
801 428 869 439 -
906 397 966 453 P.
1005 403 1090 452 27.
1130 403 1196 451 33
1235 398 1359 453 Hoc
1403 399 1573 453 intell.
1610 398 1744 452 Bak.
1786 397 1968 453 Schol.
2006 399 2270 467 hypomn.

267 472 315 525 V
341 489 395 540 p.
429 475 546 536 180,
576 468 759 523 Klein.
789 498 856 509 —-·
885 468 949 525 P.
973 473 1058 523 27.
1090 472 1157 522 34
1187 485 1268 535 sq.
1296 484 1471 523 vocem
1497 474 1547 525 et
1575 468 1681 523 del.
1713 484 1859 525 cens.
1886 469 2042 538 Bak„
2068 469 2270 539 Klein.,

261 546 314 595 et
333 542 624 596 audaciam
639 539 837 607 Pluyg.
855 539 965 595 Mn.
987 538 1092 593 VH
1116 555 1171 606 p.
1195 544 1313 607 199,
1342 538 1508 607 Kays.
1529 570 1594 580 -
1614 540 1676 594 P.
1695 544 1783 593 28.
1804 546 1871 595 22
1898 541 2008 608 hos,
2035 557 2150 595 non
2168 558 2271 609 eos,

265 610 468 677 Klotz„
505 626 604 665 nos
640 611 762 666 cod.
799 609 864 665 V.
905 640 970 651 —
1006 610 1068 664 P.
1107 614 1190 663 28.
1231 616 1297 663 23
1333 611 1469 664 hom.
1509 611 1666 675 caede
1700 610 1897 680 Pluyg.
1934 610 2047 666 Mn.
2084 610 2189 665 VII
2213 630 2269 681 p.

264 688 394 746 200,
431 682 624 749 Ka-ys.,
659 680 860 747 Klotz„
896 681 932 749 †
967 680 1155 735 scelere
1188 678 1371 735 Klein.
1408 680 1711 735 Hominum
1744 683 1916 737 scelus
1952 682 2037 735 est
2072 684 2268 738 caedes.

264 781 331 792 —
370 753 430 807 P.
468 757 553 806 28.
593 757 661 807 33
706 752 960 825 iwypalare
1003 766 1131 818 scr.,
1177 752 1367 805 iurare
1412 751 1530 805 cod.
1571 750 1637 812 V,
1675 749 1888 819 Halm„
1935 767 2063 806 cum
2108 768 2270 807 cruce

264 822 430 890 Kays.
462 839 610 891 susp.
639 824 944 889 coniurare,
972 826 1116 876 stare
1146 820 1337 876 Cobet.
1367 821 1569 876 Mnem.
1597 820 1649 874 H
1676 840 1729 890 p.
1760 828 1881 889 423,
1920 824 2271 879 condemnare

266 892 466 960 Klotz„
495 894 743 962 peierare
769 891 837 945 H.
876 891 942 945 A.
980 891 1156 946 Koch.
1191 908 1378 961 progr.
1418 894 1565 947 Port.
1609 897 1744 947 1868
1779 910 1833 963 p.
1863 898 1913 961 5,
1943 892 2125 949 Gallis
2156 908 2267 948 cre-

265 966 388 1018 dere
433 963 554 1017 cod.
594 964 649 1029 S,
684 962 862 1032 vulg.;
913 960 980 1015 cf.
1021 962 1074 1016 S.
1111 962 1275 1017 Rosc.
1317 969 1382 1017 10
1420 978 1501 1017 61.
1541 969 1626 1030 29,
1663 962 1780 1017 Μ11.
1822 969 1905 1018 11.
1943 969 2007 1017 31
2056 964 2160 1018 cet.
2201 994 2269 1003 —-

264 1033 325 1089 P.
354 1039 438 1089 29.
479 1040 545 1087 10
582 1034 667 1087 Hi
703 1035 824 1089 cod.
855 1033 909 1101 S,
946 1032 1131 1101 Kays„
1167 1032 1370 1100 Klotz„
1406 1035 1489 1088 hii
1515 1033 1582 1101 V,
1621 1035 1685 1087 Ii
1709 1033 1912 1102 Halm„
1948 1034 2043 1103 qui
2068 1033 2269 1103 Pluyg.

263 1103 592 1159 Mnem.VII
625 1122 679 1174 p.
719 1110 836 1158 201.
874 1134 940 1143 -
978 1104 1036 1157 P.
1076 1109 1247 1158 29.17
1288 1106 1564 1159 adulesc.
1602 1104 1724 1159 cod.
1763 1105 1813 1159 V
1848 1106 1913 1159 ut
1946 1103 2269 1174 plerumque

265 1176 415 1230 mell.
445 1174 623 1242 codd,
659 1174 837 1229 Paris.
866 1178 1005 1230 7794
1045 1173 1180 1227 ‘fere
1210 1176 1447 1243 semper'
1481 1174 1686 1245 (Halm.
1714 1193 1772 1244 p.
1798 1181 1918 1230 835.
1950 1177 2056 1243 12),
2085 1174 2270 1244 Kays„

265 1248 408 1301 adol.
455 1245 640 1301 Halm.
689 1246 746 1299 et
789 1244 936 1300 Bait.
984 1245 1044 1299 et
1088 1243 1268 1299 Klotz.
1318 1247 1479 1301 Adel.
1524 1245 1583 1300 in
1629 1246 1787 1301 codd.
1836 1245 2103 1315 scriptum
2149 1261 2271 1300 6886

264 1318 548 1371 testantur
591 1315 717 1371 edd.
757 1331 924 1384 saepe
968 1332 1070 1384 pro
1117 1315 1359 1383 Cluent.,
1405 1315 1741 1383 aliquotiens
1788 1316 1857 1371 de
1902 1316 2035 1386 imp.
2074 1316 2170 1372 Cn.
2206 1318 2269 1372 P.

267 1390 342 1457 (p.
389 1392 474 1442 95.
512 1388 628 1456 20),
675 1403 775 1457 pro
820 1386 960 1441 Rab.
1007 1390 1081 1455 (p.
1120 1392 1238 1441 276.
1282 1390 1393 1457 17),
1480 1403 1540 1440 ro
1584 1386 1749 1453 Mun,
1796 1404 1895 1456 pro
1944 1386 2124 1455 Sulla,
2169 1402 2271 1457 pro

264 1457 484 1525 Flacco,
523 1473 689 1525 saepe
725 1457 868 1511 falso
904 1456 1105 1511 testari
1141 1458 1343 1511 scimus
1377 1472 1446 1510 ve
1472 1460 1535 1511 ut
1566 1474 1621 1525 p.
1658 1463 1744 1511 41.
1783 1464 1868 1524 25,
1906 1462 1990 1513 84.
2021 1464 2054 1513 6
2092 1458 2152 1511 et
2187 1462 2271 1526 10,

267 1534 351 1583 95.
383 1534 481 1595 24,
516 1535 598 1583 96.
630 1536 679 1595 6,
721 1535 836 1583 197.
869 1534 960 1595 18,
1007 1534 1126 1583 209.
1158 1533 1251 1594 20,
1301 1534 1418 1582 253.
1449 1533 1516 1582 32
1554 1532 1611 1592 (a
1647 1528 1706 1580 et
1738 1525 1789 1579 A
1824 1529 2025 1595 adut),
2071 1534 2191 1583 304.
2220 1534 2271 1595 8,

267 1605 388 1657 379.
411 1606 495 1666 32,
517 1604 634 1654 380.
657 1606 742 1667 36,
762 1605 880 1655 382.
902 1606 951 1665 8,
972 1604 1090 1653 383.
1112 1603 1206 1663 253
1227 1598 1443 1663 Quinct.
1462 1614 1515 1665 p.
1540 1603 1683 1655 4.24.
1706 1627 1772 1637 —
1793 1597 1851 1650 Ρ.
1872 1603 1956 1651 29.
1982 1602 2046 1651 18
2066 1615 2146 1665 sq.
2166 1599 2269 1652 vir.

267 1672 450 1725 bonor.
480 1676 594 1727 test.
626 1670 734 1725 del.
765 1686 909 1724 cens.
931 1668 1112 1722 Madv.
1135 1667 1276 1721 Adv.
1299 1667 1351 1720 II
1377 1684 1429 1735 p.
1456 1674 1571 1721 197.
1601 1697 1669 1707 -
1696 1668 1756 1721 Ρ.
1778 1673 1862 1721 29.
1883 1672 1951 1720 29
1980 1668 2120 1723 idem
2148 1683 2271 1735 scr.,

270 1742 333 1795 id
361 1742 481 1795 cod.
503 1739 568 1808 V,
597 1742 644 1794 ii
672 1739 726 1806 S,
757 1740 880 1794 edd.
909 1739 968 1793 P.
999 1744 1082 1792 96.
1109 1744 1172 1792 16
1201 1740 1317 1793 eius
1341 1736 1455 1802 ΤΗ,
1487 1743 1603 1791 149.
1623 1743 1692 1792 33
1719 1752 1805 1791 eos
1831 1752 2021 1791 omnes
2086 1740 2273 1791 raeter

266 1811 325 1879 P,
361 1818 476 1867 169.
505 1817 573 1865 26
602 1827 720 1866 eum
748 1811 812 1876 T,
854 1814 968 1863 183.
1003 1814 1066 1861 15
1093 1808 1155 1863 id
1180 1807 1242 1873 T,
1285 1813 1403 1862 299.
1434 1813 1467 1862 6
1494 1809 1602 1861 hiis
1629 1806 1693 1873 G,
1733 1814 1835 1863 34⁷
1864 1814 1895 1861 2
1926 1823 2011 1863 eos
2113 1808 2270 1877 dett,

266 1887 388 1935 424.
428 1888 497 1935 34
531 1898 648 1935 eam
685 1895 900 1945 omnes;
948 1883 1033 1933 89.
1072 1884 1138 1931 22
1183 1879 1326 1933 idem
1370 1878 1439 1946 F,
1489 1883 1607 1931 114.
1646 1883 1713 1933 21
1760 1879 1936 1934 eodem
1982 1879 2111 1948 (die)
2150 1878 2270 1946 MP,

270 1956 389 2004 267.
412 1956 441 2003 7
471 1953 703 2006 eiusdem
733 1951 788 2017 d,
816 1957 935 2005 275.
953 1957 1021 2006 36
1049 1953 1252 2006 eosdem
1279 1959 1310 2007 9
1340 1952 1519 2019 codd.,
1549 1957 1668 2006 350.
1690 1959 1771 2018 18,
1802 1958 1922 2006 453.
1940 1957 2011 2006 26
2040 1953 2215 2006 eodem
2234 1949 2273 2007 S

269 2021 330 2074 et
357 2021 576 2095 9-ng„
614 2026 734 2074 494.
753 2027 820 2075 29
848 2020 982 2088 MV,
1011 2027 1131 2076 498.
1149 2027 1182 2076 8
1211 2024 1394 2078 eadem
1420 2023 1679 2077 modestia
1706 2021 1881 2076 GMV
1910 2025 1999 2086 (61
2025 2038 2089 2076 ea
2114 2023 2271 2090 mod„

267 2111 400 2148 nam
434 2101 459 2150 t
491 2093 555 2147 in
589 2094 709 2149 cod.
744 2093 790 2147 P
823 2093 883 2148 in
917 2097 1072 2162 ras.);
1109 2093 1185 2148 ad
1217 2113 1272 2165 p.
1311 2101 1429 2148 213.
1469 2101 1562 2162 34,
1601 2100 1719 2151 300.
1758 2103 1818 2164 9,
1856 2103 1975 2152 302.
2013 2104 2109 2164 34,
2148 2094 2270 2153 449.

268 2171 354 2234 26,
391 2164 510 2221 Fin.
546 2182 600 2234 p.
642 2169 759 2219 195.
797 2171 856 2232 3,
895 2163 996 2218 Off.
1032 2182 1088 2234 p.
1131 2170 1246 2219 106.
1290 2171 1381 2231 19,
1418 2165 1571 2221 Verr.
1607 2183 1662 2235 p.
1700 2172 1818 2222 349.
1861 2173 1944 2222 11.
1980 2198 2049 2208 —
2085 2166 2145 2224 P.
2184 2175 2268 2223 29.

270 2241 338 2290 30
375 2237 505 2304 post
539 2241 930 2305 oppuynarunt
965 2235 1159 2289 deesse
1194 2234 1381 2289 locum
1413 2235 1482 2289 de
1511 2235 1894 2291 defensoribus
1920 2236 2119 2292 Fontei
2145 2255 2271 2308 pro·

267 2305 538 2360 habiliter
573 2307 713 2361 coni.
742 2306 936 2375 Pluyg.
964 2305 1074 2361 Mn.
1096 2305 1201 2359 VII
1269 2346 1281 2358 .
1316 2311 1432 2373 198,
1474 2306 1757 2362 asteriscis
1784 2307 2057 2378 appositis
2084 2308 2269 2378 signif.

266 2376 432 2444 Kays.
464 2407 530 2416 —
558 2374 616 2428 P.
655 2383 737 2430 30.
779 2383 809 2430 9
845 2377 1107 2447 reliquias
1143 2324 1323 2441 001111,
1359 2375 1527 2445 Kays.
1565 2377 1709 2433 coni.
1746 2381 1989 2434 nationis
2024 2381 2271 2435 Allobro-

269 2463 398 2516 9um
433 2448 717 2515 reliquia83
770 2462 842 2500 an
876 2448 1136 2516 reliquias
1170 2453 1335 2502 suas?
1372 2477 1441 2488 -—
1477 2446 1537 2504 P.
1576 2453 1660 2504 30.
1701 2455 1767 2503 17
1806 2466 1921 2517 sqq.
1966 2449 2169 2506 Volumt
2204 2481 2271 2492 —-

269 2547 336 2558 ·-
375 2516 680 2572 ostendere?
735 2516 918 2571 Madv.
955 2517 1096 2589 Adv.
1132 2515 1186 2572 Π
1221 2535 1275 2586 p.
1308 2523 1409 2572 198
1446 2521 1571 2588 (em.
1611 2518 1757 2573 Liv.²
1792 2539 1845 2590 p.
1884 2526 1987 2575 229
2024 2525 2119 2591 n.),
2167 2521 2269 2574 Vo—

267 2590 390 2643 lunt
426 2617 493 2628 —
529 2588 814 2644 ostendere.
859 2587 1061 2654 Halm„
1097 2593 1161 2642 ut
1195 2590 1363 2643 velint
1391 2619 1457 2629 —
1486 2591 1769 2646 ostendere.
1799 2589 1950 2660 vulg.
1988 2621 2056 2632 —
2091 2590 2155 2646 P.
2185 2597 2269 2646 30.

269 2665 335 2713 29
373 2664 634 2726 versatus,
669 2660 734 2714 in
767 2660 952 2714 bonor.
983 2658 1106 2713 edd.
1137 2690 1202 2699 —
1233 2659 1314 2712 Ib.
1346 2675 1428 2726 sq.
1448 2661 1821 2729 potestatibus,
1858 2660 1889 2694 ³¹³
1914 2664 1979 2716 in
2004 2663 2132 2731 imp.
2160 2677 2268 2741 ρον.

267 2732 348 2786 sie
381 2728 567 2798 Kays,
601 2728 782 2785 Klotz.
811 2729 1060 2784 Momms.
1092 2730 1256 2798 auct„
1294 2730 1391 2798 qui
1425 2747 1476 2786 v.
1506 2747 1553 2784 0.
1582 2732 1885 2787 obtinendis
1921 2730 2271 2786 intercidisse

271 2798 570 2855 existimat.
611 2831 675 2839 —
713 2800 774 2858 P.
813 2807 899 2857 30.
938 2807 1004 2854 32
1052 2806 1150 2855 aut
1193 2816 1230 2854 a
1274 2802 1587 2856 crudelitate
1632 2803 1764 2871 post
1792 2804 2106 2871 petulantia
2140 2800 2268 2874 edd.

267 2871 464 2939 Pluyg.
495 2869 565 2924 cf.
592 2887 646 2938 p.
675 2877 759 2927 31.
790 2876 876 2937 25,
911 2870 1077 2939 Kays.
1109 2902 1174 2911 —
1204 2869 1262 2924 P.
1295 2877 1377 2926 30.
1407 2878 1475 2926 33
1514 2877 1572 2926 at
1606 2879 1776 2927 certe
1810 2874 1853 2939 f.
1882 2889 2002 2940 sen,
2038 2877 2099 2927 at
2133 2888 2269 2926 eom·

267 2945 420 2996 mode
470 2942 513 3007 f.
549 2940 761 3009 Halm„
819 2941 1026 3009 Klein,
1082 2943 1334 3008 atdeficta
1379 2943 1497 2996 cod.
1529 2941 1596 3008 V,
1642 2949 1702 2997 at
1746 2949 1925 2998 tamen
1972 2944 2013 3009 f.
2052 2941 2173 2997 cod.
2213 2941 2267 3010 S,

268 3009 479 3078 Klotz„
525 3010 694 3080 Kays.
734 3042 801 3053 -
837 3011 898 3067 P.
938 3018 1025 3068 30.
1063 3018 1131 3068 37
1176 3011 1484 3082 [Scaurum
1554 3011 1724 3082 Kays.
1764 3043 1833 3054 —-
1866 3014 1926 3067 P.
1965 3019 2049 3067 31.
2087 3018 2121 3067 8
2155 3029 2272 3067 11011

269 3085 344 3138 ad
379 3083 576 3138 zubid.
617 3099 738 3138 esse
771 3082 832 3137 in
869 3084 989 3138 cod.
1010 3082 1060 3136 V
1097 3084 1339 3136 testatur
1374 3083 1479 3137 Rei
1520 3083 1719 3150 ersch.,
1759 3082 1857 3137 sed
1892 3084 1967 3138 ad
2001 3083 2173 3150 libid„
2212 3085 2271 3137 et

268 3169 320 3208 v.
352 3158 420 3208 25
458 3153 626 3208 lubia.
658 3169 794 3208 corr.
832 3173 904 3210 m.
943 3159 976 3208 2
1015 3168 1083 3207 61
1119 3155 1272 3209 libid.
1302 3154 1361 3208 et
1395 3170 1449 3222 p.
1480 3159 1564 3208 35.
1597 3158 1661 3208 15
1700 3152 1895 3222 syllab.
1924 3154 2043 3208 lubi
2076 3153 2137 3207 in
2162 3169 2267 3210 ras.

268 3241 340 3276 m.
391 3230 449 3291 2,
497 3225 666 3279 lubia.
711 3224 894 3278 Halm.
933 3254 1000 3265 -
1037 3223 1095 3279 P.
1144 3231 1227 3279 31.
1280 3228 1342 3278 17
1388 3225 1567 3294 [quod
1611 3229 1767 3279 erant
1804 3224 2027 3294 plures]
2069 3224 2267 3294 Pluyg.

269 3294 472 3349 Mnem.
493 3294 598 3348 VH
633 3315 685 3364 p.
725 3302 844 3364 220,
880 3294 1064 3364 Kays„
1100 3294 1282 3349 Klein.
1323 3324 1388 3334 —
1425 3295 1485 3350 P.
1524 3301 1607 3348 31.
1649 3299 1714 3348 19
1751 3295 1882 3364 [in]
1917 3294 2053 3349 Bak.
2085 3295 2267 3349 Schol.

267 3363 470 3432 hyp.V
504 3384 558 3436 p.
601 3371 716 3433 180,
751 3365 960 3432 Klein,
998 3366 1071 3419 ad
1107 3383 1159 3435 p.
1200 3370 1390 3431 60.17,
1430 3369 1654 3430 234.18,
1693 3369 1810 3421 286.
1832 3371 1882 3430 3,
1920 3371 2040 3420 292.
2062 3373 2110 3434 6,
2148 3371 2266 3420 393.

267 3440 356 3503 36,
393 3440 513 3490 443.
535 3443 583 3504 3,
623 3443 815 3506 4681,
840 3455 896 3508 p.
925 3442 1042 3494 435.
1065 3443 1150 3505 25,
1180 3435 1232 3492 S.
1261 3434 1422 3490 Rosc.
1451 3452 1506 3504 p.
1538 3440 1726 3490 62.19.
1758 3463 1823 3476 -—
1852 3434 1911 3490 P.
1941 3441 2025 3490 32.
2055 3442 2087 3490 6
2122 3435 2268 3506 [Tu-
