2534 3875
870 156 1023 212 CAP.
1054 163 1227 211 9-11
1273 163 1303 222 ξ
1337 161 1560 212 18-23.
1971 231 1976 236 ,
2109 157 2240 221 523

203 302 369 378 Quis
406 306 508 368 est
545 324 623 366 ex
660 301 1035 387 gigantibus
1072 301 1226 383 illis,
1266 323 1428 384 quos
1467 305 1702 386 poetae
1739 301 1959 366 ferunt
1993 303 2240 367 bellum

203 392 311 456 dis
355 390 837 456 immortalibus
885 390 1217 472 intulisse,
1261 393 1402 454 tam
1451 391 1720 474 impius,
1775 391 1886 473 qui
1931 391 2056 456 hoc
2100 395 2240 461 tam

200 501 379 545 novo
424 482 739 562 tantoque
776 481 961 544 motu
996 499 1127 543 non
1164 497 1482 563 magnum
1522 477 1768 562 aliquid
1805 479 1960 544 deos
1997 479 2239 563 populo

204 567 508 648 Romano
545 569 1071 651 praemonstrare
1108 567 1588 651 etvpraecinere
1625 567 1954 630 fateatur?
2017 566 2117 631 De
2163 589 2242 631 ea

117 673 147 713 5
208 677 285 720 re
342 655 659 740 scriptum
713 658 841 718 est:
896 653 1400 720 ‘Posmmmzs
1447 671 1613 720 Essa
1660 654 1845 737 low,
1891 652 2240 738 Summo,
2411 731 2416 737 ,

206 743 577 826 NEPTUNO,
613 743 953 826 TELLURI,
988 759 1101 807 ms
1140 740 1652 808 CAELEsTmUs?
1727 742 1958 826 Audio,
2004 742 2238 825 quibus
2275 763 2341 810 21

208 832 311 896 dis
354 831 621 896 violatis
667 832 952 916 expiatio
1000 831 1339 914 debeatur,
1396 831 1506 895 sed
1552 831 1896 895 hominum
1942 853 2106 915 quae
2153 830 2236 896 ob

209 919 471 1003 delicta,
536 940 791 1004 quaero,
894 917 1163 986 ‘Lunos
1218 936 1434 984 Mmus
1491 936 1918 984 mmoEN'rER
1971 935 2238 986 moros

208 1006 764 1086 POLLUTOSQUE?
830 1005 1005 1082 Quos
1043 1007 1276 1072 ludos?
1340 1007 1433 1072 Te
1470 1008 1747 1092 appello,
1782 1007 2077 1092 Lentule,
2113 1005 2239 1091 (tui

124 1111 182 1151 1⁰
213 1095 559 1162 sacerdotii
598 1099 752 1161 sunt
787 1099 1031 1180 tensae,
1076 1096 1411 1179 curricula,
1458 1098 1849 1180 praecentio,
1885 1096 2040 1178 ludi,
2078 1094 2241 1160 liba-

209 1187 425 1249 tiones
473 1185 827 1269 epulaeque
864 1181 1194 1270 ludorum)
1244 1205 1506 1267 vosque,
1551 1185 1908 1268 pontificeS,
1955 1184 2039 1250 ad
2077 1206 2238 1268 quos

212 1275 525 1357 epulones
579 1271 758 1339 Iovis
815 1272 1048 1356 optimi
1105 1272 1404 1354 maximi,
1467 1273 1523 1335 si
1585 1273 1738 1355 quid
1799 1275 1900 1337 est
1957 1275 2239 1356 praeter-

211 1362 486 1426 missum
516 1365 630 1426 aut
657 1362 1091 1444 commissum,
1130 1360 1450 1443 adferunt,
1489 1381 1762 1444 quorum
1801 1361 1878 1425 de
1917 1363 2243 1426 sententia

210 1451 331 1515 illa
367 1449 591 1514 eadem
627 1452 941 1514 renovata
978 1453 1171 1532 atque
1209 1449 1582 1513 instaurata
1619 1449 2044 1514 celebrantur.
2115 1447 2240 1524 Qui

129 1551 183 1593 1⁵
214 1541 368 1603 sunt
410 1538 547 1602 ludi
592 1537 807 1602 minus
855 1536 1203 1622 diligenter
1248 1537 1426 1620 facti,
1471 1537 1730 1620 quando
1779 1541 1892 1602 aut
1937 1558 2062 1620 quo
2112 1559 2240 1602 sce·

188 1629 346 1692 lere
399 1625 679 1710 polluti?
770 1625 1216 1708 Respondebis
1277 1629 1344 1688 et
1395 1647 1513 1708 pro
1567 1628 1634 1690 te
1691 1628 1758 1688 et
1801 1646 1921 1709 pro
1969 1625 2240 1710 collegis

213 1714 373 1798 tuis,
430 1715 627 1779 etiam
672 1736 792 1798 pro
839 1713 1219 1798 pontificum
1275 1713 1554 1799 collegio
1565 1763 1582 1796 ,
1637 1713 1803 1778 nihil
1859 1713 2239 1796 cuiusquam

216 1807 329 1868 aut
381 1803 796 1889 neglegentia
850 1805 1296 1886 contemptum
1361 1807 1474 1866 aut
1539 1802 1778 1866 scelere
1841 1823 1981 1866 esse
2034 1801 2240 1885 pollu-

215 1897 385 1977 tum3
422 1891 641 1957 omnia
678 1891 1023 1957 sollemnia
1058 1911 1133 1956 ac
1170 1891 1346 1957 iusta
1381 1891 1679 1956 ludorum
1718 1891 2017 1956 omnibus
2046 1891 2240 1955 rebus

136 1996 191 2035 20
220 1981 585 2047 observatis
634 2002 888 2045 summa
933 2002 1081 2045 cum
1126 1980 1519 2045 caerimonia
1566 2001 1706 2045 esse
1753 1982 2029 2045 servata.

348 2067 525 2144 Quos
555 2069 760 2154 igitur
788 2069 1163 2153 haruspices
1192 2068 1382 2134 ludos
1411 2069 1626 2133 minus
1657 2067 2002 2153 diligenter
2028 2066 2238 2133 factos
2263 2032 2346 2157 ἒξ

216 2158 634 2241 pollutosque
673 2178 815 2222 esse
852 2158 1117 2221 dicunt?
1176 2156 1334 2241 EoS,
1379 2179 1654 2241 quorum
1698 2157 1827 2240 ipsi
1874 2155 1995 2219 di
1975 2176 2240 2221 1mmor-

217 2245 385 2309 tales
432 2249 625 2328 atque
670 2244 787 2309 illa
833 2249 1043 2310 mater
1078 2244 1276 2309 Idaea
1311 2250 1398 2329 te,
1442 2249 1528 2325 te,
1575 2242 1689 2309 Cn.
1717 2243 2012 2328 Lentule,
2057 2245 2238 2309 cuius

220 2332 411 2397 abavi
455 2333 754 2397 manibus
802 2337 974 2397 esset
1019 2337 1302 2416 accepta,
1349 2336 1784 2417 spectatorem
1831 2354 1972 2397 esse
2009 2333 2238 2397 voluit.

140 2436 193 2476 25
221 2420 476 2498 Quodni
510 2424 586 2485 tu
619 2419 975 2505 Megalesia
1020 2421 1137 2486 illo
1185 2421 1288 2485 die
1339 2424 1634 2505 spectare
1680 2420 2016 2505 voluisseS,
2060 2421 2238 2487 haud

219 2510 349 2575 scio
407 2532 490 2574 an
546 2509 763 2575 vivere
816 2509 1006 2591 nobis
1064 2513 1258 2593 atque
1313 2509 1417 2573 his
1474 2509 1551 2573 de
1607 2510 1802 2575 rebus
1862 2509 1993 2573 iam
2057 2512 2238 2593 queri

216 2619 341 2664 non
375 2598 617 2663 liceret.
681 2596 801 2661 Vis
838 2598 1011 2662 enim
1056 2597 1544 2663 innumerabilis
1590 2598 1862 2663 incitata
1909 2619 1986 2662 ex
2034 2600 2240 2663 omni-

220 2687 341 2751 bus
395 2686 553 2751 vicis
610 2686 887 2752 collecta
948 2686 1281 2751 seruorum
1343 2686 1426 2751 ab
1481 2687 1604 2751 hoc
1663 2687 1870 2751 aedile
1927 2687 2238 2772 religioso

220 2778 481 2860 repente
540 2795 572 2839 c
632 2774 990 2840 fornicibus
1057 2774 1374 2858 ostiisque
1438 2776 1740 2840 omnibus
1805 2776 1875 2838 in
1938 2796 2240 2839 scaenam

147 2876 199 2916 30
225 2863 409 2947 signo
455 2863 609 2928 dato
655 2862 925 2927 inmissa
970 2862 1236 2946 inrupit.
1325 2861 1466 2927 Tua
1509 2867 1676 2947 tum,
1729 2866 1874 2946 tua,
1920 2861 2032 2927 Gn.
2078 2861 2238 2927 Len-

220 2952 370 3034 tule,
416 2950 639 3016 eadem
685 2951 891 3015 virtus
936 2950 1083 3034 fuit,
1129 2973 1293 3035 quae
1337 2952 1407 3016 in
1451 2951 1707 3035 privato
1756 2950 2080 3035 quondam
2121 2954 2236 3016 tuo

218 3060 486 3123 proavo3
530 3043 623 3124 te,
666 3060 932 3122 nomen,
976 3038 1348 3123 imperium,
1393 3062 1636 3121 vocem,
1683 3039 2074 3121 adspectum,
2121 3038 2238 3113 im-

221 3129 439 3228 petum
474 3130 659 3192 tuum
698 3131 879 3192 stans
912 3132 1173 3191 senatus
1205 3129 1582 3212 equitesque
1609 3126 1890 3193 Romani
1921 3129 1987 3189 et
2015 3147 2236 3191 omnes

220 3214 371 3280 boni
416 3216 870 3301 sequebantur,
916 3237 1061 3280 cum
1107 3216 1221 3281 ille
1269 3238 1605 3282 servorum
1643 3214 2039 3279 eludentium
2077 3214 2239 3279 mul-

150 3318 199 3359 35
221 3303 485 3369 titudini
532 3307 830 3369 senatum
874 3305 1311 3389 populumque
1349 3304 1718 3370 Romanum
1762 3302 2047 3367 vinctum
2094 3302 2236 3386 ipso

225 3413 525 3458 consessu
581 3397 647 3457 et
700 3393 1119 3458 constrictum
1177 3392 1564 3477 spectaculis
1611 3396 1805 3475 atque
1853 3391 2237 3475 impeditum

224 3480 415 3546 turba
460 3484 526 3545 et
572 3482 890 3569 angustiis
935 3481 1329 3547 tradidisset.
1410 3483 1532 3565 An,
1579 3480 1636 3544 si
1681 3480 1896 3547 ludius
1942 3480 2239 3546 constitit
2276 3496 2342 3545 23
