<?xml version="1.0" encoding="UTF-8"?>
<!DOCTYPE html PUBLIC "-//W3C//DTD XHTML 1.0 Transitional//EN"
    "http://www.w3.org/TR/xhtml1/DTD/xhtml1-transitional.dtd">
<html xmlns="http://www.w3.org/1999/xhtml" xml:lang="en" lang="en">
 <head>
  <title>
</title>
<meta http-equiv="Content-Type" content="text/html;charset=utf-8" />
  <meta name='ocr-system' content='tesseract 3.04.00' />
  <meta name='ocr-capabilities' content='ocr_page ocr_carea ocr_par ocr_line ocrx_word'/>
</head>
<body>
  <div class='ocr_page' id='page_1' title='image "./scriptaquaemans03mlgoog_0588.png"; bbox 0 0 2534 3875; ppageno 0'>
   <div class='ocr_carea' id='block_1_1' title="bbox 252 977 321 1025">
    <p class='ocr_par' dir='ltr' id='par_1_1' title="bbox 252 977 321 1025">
     <span class='ocr_line' id='line_1_1' title="bbox 252 977 321 1025; baseline 0.014 -1"><span class='ocrx_word' id='word_1_1' title='bbox 252 977 321 1025; x_wconf 85' lang='lat'><strong>10</strong></span> 
     </span>
    </p>
   </div>
   <div class='ocr_carea' id='block_1_2' title="bbox 255 2438 323 2563">
    <p class='ocr_par' dir='ltr' id='par_1_2' title="bbox 255 2438 323 2563">
     <span class='ocr_line' id='line_1_2' title="bbox 255 2438 323 2563; baseline -0.029 0"><span class='ocrx_word' id='word_1_2' title='bbox 255 2438 323 2563; x_wconf 64' lang='grc'><em>3</em></span> 
     </span>
    </p>
   </div>
   <div class='ocr_carea' id='block_1_3' title="bbox 350 191 2263 261">
    <p class='ocr_par' dir='ltr' id='par_1_3' title="bbox 350 191 2263 261">
     <span class='ocr_line' id='line_1_3' title="bbox 350 191 2263 261; baseline -0.003 -7"><span class='ocrx_word' id='word_1_3' title='bbox 350 197 489 261; x_wconf 83' lang='grc'><strong>450</strong></span> <span class='ocrx_word' id='word_1_4' title='bbox 555 195 824 252; x_wconf 88' lang='lat' dir='ltr'><strong>ORATIO</strong></span> <span class='ocrx_word' id='word_1_5' title='bbox 862 195 1046 251; x_wconf 86' lang='lat' dir='ltr'>POST</span> <span class='ocrx_word' id='word_1_6' title='bbox 1080 194 1416 249; x_wconf 84' lang='lat' dir='ltr'>REDITUM</span> <span class='ocrx_word' id='word_1_7' title='bbox 1450 191 1550 248; x_wconf 88' lang='lat' dir='ltr'><strong>AD</strong></span> <span class='ocrx_word' id='word_1_8' title='bbox 1591 191 1932 258; x_wconf 85' lang='lat' dir='ltr'><strong>QUIRITES</strong></span> <span class='ocrx_word' id='word_1_9' title='bbox 1969 191 2263 248; x_wconf 79' lang='lat' dir='ltr'>HABITA.</span> 
     </span>
    </p>
   </div>
   <div class='ocr_carea' id='block_1_4' title="bbox 353 335 2468 3334">
    <p class='ocr_par' dir='ltr' id='par_1_4' title="bbox 353 335 2468 3334">
     <span class='ocr_line' id='line_1_4' title="bbox 353 335 2398 423; baseline -0.003 -18"><span class='ocrx_word' id='word_1_10' title='bbox 353 339 641 422; x_wconf 86' lang='lat' dir='ltr'><strong>fuerunt,</strong></span> <span class='ocrx_word' id='word_1_11' title='bbox 699 341 792 404; x_wconf 89' lang='lat' dir='ltr'><strong>sic</strong></span> <span class='ocrx_word' id='word_1_12' title='bbox 853 339 1045 422; x_wconf 90' lang='lat' dir='ltr'><strong>illud,</strong></span> <span class='ocrx_word' id='word_1_13' title='bbox 1100 339 1273 423; x_wconf 91' lang='lat' dir='ltr'><strong>quod</strong></span> <span class='ocrx_word' id='word_1_14' title='bbox 1319 360 1464 403; x_wconf 85' lang='lat' dir='ltr'><strong>mea</strong></span> <span class='ocrx_word' id='word_1_15' title='bbox 1507 338 1718 403; x_wconf 83' lang='lat' dir='ltr'><strong>virtus</strong></span> <span class='ocrx_word' id='word_1_16' title='bbox 1763 341 2100 422; x_wconf 86' lang='lat' dir='ltr'><strong>praestare</strong></span> <span class='ocrx_word' id='word_1_17' title='bbox 2147 335 2398 420; x_wconf 87' lang='lat' dir='ltr'><strong>debuit,</strong></span> 
     </span>
     <span class='ocr_line' id='line_1_5' title="bbox 358 425 2396 512; baseline -0.002 -19"><span class='ocrx_word' id='word_1_18' title='bbox 358 430 707 512; x_wconf 81' lang='lat' dir='ltr'><strong>adiutoreS,</strong></span> <span class='ocrx_word' id='word_1_19' title='bbox 756 431 1052 492; x_wconf 74' lang='lat' dir='ltr'>auctores</span> <span class='ocrx_word' id='word_1_20' title='bbox 1098 427 1602 511; x_wconf 74' lang='lat' dir='ltr'><strong>hortatoresque</strong></span> <span class='ocrx_word' id='word_1_21' title='bbox 1650 426 1732 489; x_wconf 88' lang='lat' dir='ltr'><strong>ad</strong></span> <span class='ocrx_word' id='word_1_22' title='bbox 1773 447 1876 490; x_wconf 87' lang='lat' dir='ltr'><strong>me</strong></span> <span class='ocrx_word' id='word_1_23' title='bbox 1912 425 2396 490; x_wconf 89' lang='lat' dir='ltr'><strong>restituendum</strong></span> 
     </span>
     <span class='ocr_line' id='line_1_6' title="bbox 354 513 2394 601; baseline -0.001 -20"><span class='ocrx_word' id='word_1_24' title='bbox 354 517 451 581; x_wconf 90' lang='lat' dir='ltr'><strong>ita</strong></span> <span class='ocrx_word' id='word_1_25' title='bbox 524 517 714 580; x_wconf 85' lang='lat' dir='ltr'><strong>multi</strong></span> <span class='ocrx_word' id='word_1_26' title='bbox 785 515 1076 599; x_wconf 84' lang='lat' dir='ltr'><strong>fuerunt,</strong></span> <span class='ocrx_word' id='word_1_27' title='bbox 1148 519 1224 579; x_wconf 87' lang='lat' dir='ltr'><strong>ut</strong></span> <span class='ocrx_word' id='word_1_28' title='bbox 1285 516 1482 601; x_wconf 79' lang='lat' dir='ltr'><strong>longe</strong></span> <span class='ocrx_word' id='word_1_29' title='bbox 1547 514 1910 599; x_wconf 83' lang='lat' dir='ltr'><strong>superiores</strong></span> <span class='ocrx_word' id='word_1_30' title='bbox 1975 535 2200 578; x_wconf 91' lang='lat' dir='ltr'><strong>omnes</strong></span> <span class='ocrx_word' id='word_1_31' title='bbox 2263 513 2394 578; x_wconf 90' lang='lat' dir='ltr'><strong>hac</strong></span> 
     </span>
     <span class='ocr_line' id='line_1_7' title="bbox 359 600 2394 690; baseline -0.001 -22"><span class='ocrx_word' id='word_1_32' title='bbox 359 605 678 690; x_wconf 72' lang='lat' dir='ltr'>dignitate</span> <span class='ocrx_word' id='word_1_33' title='bbox 734 604 1048 689; x_wconf 91' lang='lat' dir='ltr'><strong>copiaque</strong></span> <span class='ocrx_word' id='word_1_34' title='bbox 1104 624 1498 687; x_wconf 83' lang='lat' dir='ltr'><strong>superarem.</strong></span> <span class='ocrx_word' id='word_1_35' title='bbox 1596 601 1972 686; x_wconf 84' lang='lat' dir='ltr'><strong>Numquam</strong></span> <span class='ocrx_word' id='word_1_36' title='bbox 2027 603 2106 665; x_wconf 90' lang='lat' dir='ltr'><strong>de</strong></span> <span class='ocrx_word' id='word_1_37' title='bbox 2149 600 2222 666; x_wconf 89' lang='lat' dir='ltr'><strong>P.</strong></span> <span class='ocrx_word' id='word_1_38' title='bbox 2265 600 2394 665; x_wconf 91' lang='lat' dir='ltr'><strong>Po-</strong></span> 
     </span>
     <span class='ocr_line' id='line_1_8' title="bbox 356 687 2446 776; baseline -0.003 -20"><span class='ocrx_word' id='word_1_39' title='bbox 356 693 547 776; x_wconf 85' lang='lat' dir='ltr'><strong>pilio,</strong></span> <span class='ocrx_word' id='word_1_40' title='bbox 603 693 966 758; x_wconf 90' lang='lat' dir='ltr'><strong>clarissimo</strong></span> <span class='ocrx_word' id='word_1_41' title='bbox 1024 713 1100 756; x_wconf 90' lang='lat' dir='ltr'><strong>ac</strong></span> <span class='ocrx_word' id='word_1_42' title='bbox 1154 691 1517 756; x_wconf 85' lang='lat' dir='ltr'><strong>fortissimo</strong></span> <span class='ocrx_word' id='word_1_43' title='bbox 1563 691 1732 774; x_wconf 83' lang='lat' dir='ltr'><strong>viro,</strong></span> <span class='ocrx_word' id='word_1_44' title='bbox 1783 711 2142 774; x_wconf 84' lang='lat' dir='ltr'><strong>numquam</strong></span> <span class='ocrx_word' id='word_1_45' title='bbox 2186 689 2265 753; x_wconf 85' lang='lat' dir='ltr'><strong>de</strong></span> <span class='ocrx_word' id='word_1_46' title='bbox 2315 687 2390 764; x_wconf 84' lang='lat' dir='ltr'><strong>Q.</strong></span> <span class='ocrx_word' id='word_1_47' title='bbox 2420 707 2446 747; x_wconf 82' lang='lat'>⁵</span> 
     </span>
     <span class='ocr_line' id='line_1_9' title="bbox 359 779 2391 862; baseline -0.001 -18"><span class='ocrx_word' id='word_1_48' title='bbox 359 781 644 862; x_wconf 87' lang='lat' dir='ltr'><strong>Metello,</strong></span> <span class='ocrx_word' id='word_1_49' title='bbox 687 780 1099 845; x_wconf 88' lang='lat' dir='ltr'><strong>nobilissimo</strong></span> <span class='ocrx_word' id='word_1_50' title='bbox 1146 783 1214 845; x_wconf 88' lang='lat' dir='ltr'><strong>et</strong></span> <span class='ocrx_word' id='word_1_51' title='bbox 1260 779 1791 844; x_wconf 87' lang='lat' dir='ltr'><strong>constantissimo</strong></span> <span class='ocrx_word' id='word_1_52' title='bbox 1830 779 1985 862; x_wconf 86' lang='lat' dir='ltr'><strong>cive,</strong></span> <span class='ocrx_word' id='word_1_53' title='bbox 2030 799 2391 861; x_wconf 87' lang='lat' dir='ltr'><strong>numquam</strong></span> 
     </span>
     <span class='ocr_line' id='line_1_10' title="bbox 360 866 2392 953; baseline -0.001 -21"><span class='ocrx_word' id='word_1_54' title='bbox 360 869 437 934; x_wconf 92' lang='lat' dir='ltr'><strong>de</strong></span> <span class='ocrx_word' id='word_1_55' title='bbox 486 867 553 933; x_wconf 84' lang='lat' dir='ltr'><strong>O.</strong></span> <span class='ocrx_word' id='word_1_56' title='bbox 582 868 813 953; x_wconf 88' lang='lat' dir='ltr'><strong>Mario,</strong></span> <span class='ocrx_word' id='word_1_57' title='bbox 861 867 1125 932; x_wconf 86' lang='lat' dir='ltr'><strong>custode</strong></span> <span class='ocrx_word' id='word_1_58' title='bbox 1172 867 1460 933; x_wconf 83' lang='lat' dir='ltr'><strong>civitatis</strong></span> <span class='ocrx_word' id='word_1_59' title='bbox 1507 871 1702 951; x_wconf 87' lang='lat' dir='ltr'><strong>atque</strong></span> <span class='ocrx_word' id='word_1_60' title='bbox 1748 866 2006 951; x_wconf 88' lang='lat' dir='ltr'><strong>imperii</strong></span> <span class='ocrx_word' id='word_1_61' title='bbox 2049 867 2273 948; x_wconf 71' lang='lat' dir='ltr'><strong>vestri,</strong></span> <span class='ocrx_word' id='word_1_62' title='bbox 2321 866 2392 930; x_wconf 89' lang='lat' dir='ltr'><strong>in</strong></span> 
     </span>
     <span class='ocr_line' id='line_1_11' title="bbox 365 954 2392 1039; baseline -0.001 -18"><span class='ocrx_word' id='word_1_63' title='bbox 365 962 593 1021; x_wconf 88' lang='lat' dir='ltr'><strong>senatu</strong></span> <span class='ocrx_word' id='word_1_64' title='bbox 656 957 899 1021; x_wconf 91' lang='lat' dir='ltr'><strong>mentio</strong></span> <span class='ocrx_word' id='word_1_65' title='bbox 965 956 1142 1021; x_wconf 88' lang='lat' dir='ltr'><strong>facta</strong></span> <span class='ocrx_word' id='word_1_66' title='bbox 1206 959 1322 1020; x_wconf 90' lang='lat' dir='ltr'><strong>est.</strong></span> <span class='ocrx_word' id='word_1_67' title='bbox 1423 955 1814 1022; x_wconf 86' lang='lat' dir='ltr'><strong>Tribuniciis</strong></span> <span class='ocrx_word' id='word_1_68' title='bbox 1871 954 2234 1039; x_wconf 89' lang='lat' dir='ltr'><strong>superiores</strong></span> <span class='ocrx_word' id='word_1_69' title='bbox 2289 954 2392 1019; x_wconf 88' lang='lat' dir='ltr'><strong>illi</strong></span> 
     </span>
     <span class='ocr_line' id='line_1_12' title="bbox 358 1042 2391 1130; baseline -0.002 -20"><span class='ocrx_word' id='word_1_70' title='bbox 358 1045 812 1130; x_wconf 73' lang='lat' dir='ltr'><strong>rogationibus</strong></span> <span class='ocrx_word' id='word_1_71' title='bbox 867 1044 1051 1108; x_wconf 91' lang='lat' dir='ltr'><strong>nulla</strong></span> <span class='ocrx_word' id='word_1_72' title='bbox 1106 1044 1495 1109; x_wconf 86' lang='lat' dir='ltr'><strong>auctoritate</strong></span> <span class='ocrx_word' id='word_1_73' title='bbox 1549 1047 1815 1109; x_wconf 87' lang='lat' dir='ltr'><strong>senatus</strong></span> <span class='ocrx_word' id='word_1_74' title='bbox 1873 1048 2026 1107; x_wconf 84' lang='lat' dir='ltr'><strong>sunt</strong></span> <span class='ocrx_word' id='word_1_75' title='bbox 2076 1042 2391 1125; x_wconf 75' lang='lat' dir='ltr'><strong>restituti,</strong></span> 
     </span>
     <span class='ocr_line' id='line_1_13' title="bbox 358 1131 2468 1215; baseline -0.001 -18"><span class='ocrx_word' id='word_1_76' title='bbox 358 1133 609 1197; x_wconf 90' lang='lat' dir='ltr'><strong>Marius</strong></span> <span class='ocrx_word' id='word_1_77' title='bbox 664 1154 819 1197; x_wconf 83' lang='lat' dir='ltr'><strong>vero</strong></span> <span class='ocrx_word' id='word_1_78' title='bbox 874 1155 1008 1197; x_wconf 86' lang='lat' dir='ltr'><strong>non</strong></span> <span class='ocrx_word' id='word_1_79' title='bbox 1052 1132 1245 1198; x_wconf 91' lang='lat' dir='ltr'><strong>modo</strong></span> <span class='ocrx_word' id='word_1_80' title='bbox 1293 1154 1428 1197; x_wconf 86' lang='lat' dir='ltr'><strong>non</strong></span> <span class='ocrx_word' id='word_1_81' title='bbox 1475 1155 1514 1196; x_wconf 88' lang='lat' dir='ltr'><strong>a</strong></span> <span class='ocrx_word' id='word_1_82' title='bbox 1560 1136 1817 1215; x_wconf 90' lang='lat' dir='ltr'><strong>senatu,</strong></span> <span class='ocrx_word' id='word_1_83' title='bbox 1873 1131 1985 1196; x_wconf 88' lang='lat' dir='ltr'><strong>sed</strong></span> <span class='ocrx_word' id='word_1_84' title='bbox 2032 1131 2231 1195; x_wconf 89' lang='lat' dir='ltr'><strong>etiam</strong></span> <span class='ocrx_word' id='word_1_85' title='bbox 2279 1153 2389 1214; x_wconf 89' lang='lat' dir='ltr'><strong>op·</strong></span> <span class='ocrx_word' id='word_1_86' title='bbox 2419 1149 2468 1188; x_wconf 80' lang='grc' dir='ltr'><strong>ιο</strong></span> 
     </span>
     <span class='ocr_line' id='line_1_14' title="bbox 359 1221 2390 1306; baseline 0 -22"><span class='ocrx_word' id='word_1_87' title='bbox 359 1243 586 1306; x_wconf 85' lang='lat' dir='ltr'><strong>presso</strong></span> <span class='ocrx_word' id='word_1_88' title='bbox 662 1224 893 1284; x_wconf 88' lang='lat' dir='ltr'><strong>senatu</strong></span> <span class='ocrx_word' id='word_1_89' title='bbox 966 1225 1066 1284; x_wconf 89' lang='lat' dir='ltr'><strong>est</strong></span> <span class='ocrx_word' id='word_1_90' title='bbox 1138 1221 1510 1305; x_wconf 88' lang='lat' dir='ltr'><strong>restitutus,</strong></span> <span class='ocrx_word' id='word_1_91' title='bbox 1581 1242 1700 1285; x_wconf 90' lang='lat' dir='ltr'><strong>nec</strong></span> <span class='ocrx_word' id='word_1_92' title='bbox 1770 1242 1988 1284; x_wconf 89' lang='lat' dir='ltr'><strong>rerum</strong></span> <span class='ocrx_word' id='word_1_93' title='bbox 2052 1223 2390 1305; x_wconf 88' lang='lat' dir='ltr'><strong>gestarum</strong></span> 
     </span>
     <span class='ocr_line' id='line_1_15' title="bbox 359 1307 2392 1392; baseline 0 -20"><span class='ocrx_word' id='word_1_94' title='bbox 359 1308 673 1373; x_wconf 89' lang='lat' dir='ltr'><strong>memoria</strong></span> <span class='ocrx_word' id='word_1_95' title='bbox 718 1309 788 1372; x_wconf 90' lang='lat' dir='ltr'><strong>in</strong></span> <span class='ocrx_word' id='word_1_96' title='bbox 832 1308 1044 1373; x_wconf 88' lang='lat' dir='ltr'><strong>reditu</strong></span> <span class='ocrx_word' id='word_1_97' title='bbox 1091 1307 1160 1375; x_wconf 84' lang='lat' dir='ltr'><strong>C.</strong></span> <span class='ocrx_word' id='word_1_98' title='bbox 1202 1309 1393 1392; x_wconf 87' lang='lat' dir='ltr'><strong>Mari,</strong></span> <span class='ocrx_word' id='word_1_99' title='bbox 1439 1309 1554 1374; x_wconf 87' lang='lat' dir='ltr'><strong>sed</strong></span> <span class='ocrx_word' id='word_1_100' title='bbox 1599 1307 1915 1373; x_wconf 87' lang='lat' dir='ltr'><strong>exercitus</strong></span> <span class='ocrx_word' id='word_1_101' title='bbox 1961 1312 2157 1392; x_wconf 90' lang='lat' dir='ltr'><strong>atque</strong></span> <span class='ocrx_word' id='word_1_102' title='bbox 2205 1329 2392 1372; x_wconf 89' lang='lat' dir='ltr'><strong>arma</strong></span> 
     </span>
     <span class='ocr_line' id='line_1_16' title="bbox 358 1396 2392 1482; baseline -0.001 -20"><span class='ocrx_word' id='word_1_103' title='bbox 358 1398 731 1480; x_wconf 83' lang='lat' dir='ltr'><strong>valuerunt3</strong></span> <span class='ocrx_word' id='word_1_104' title='bbox 778 1401 849 1461; x_wconf 87' lang='lat' dir='ltr'><strong>at</strong></span> <span class='ocrx_word' id='word_1_105' title='bbox 895 1397 972 1462; x_wconf 89' lang='lat' dir='ltr'><strong>de</strong></span> <span class='ocrx_word' id='word_1_106' title='bbox 1020 1419 1121 1461; x_wconf 92' lang='lat' dir='ltr'><strong>me</strong></span> <span class='ocrx_word' id='word_1_107' title='bbox 1158 1401 1232 1461; x_wconf 90' lang='lat' dir='ltr'><strong>ut</strong></span> <span class='ocrx_word' id='word_1_108' title='bbox 1279 1397 1548 1476; x_wconf 82' lang='lat' dir='ltr'><strong>valeret,</strong></span> <span class='ocrx_word' id='word_1_109' title='bbox 1593 1418 1849 1482; x_wconf 89' lang='lat' dir='ltr'><strong>semper</strong></span> <span class='ocrx_word' id='word_1_110' title='bbox 1895 1400 2158 1460; x_wconf 88' lang='lat' dir='ltr'><strong>senatus</strong></span> <span class='ocrx_word' id='word_1_111' title='bbox 2205 1396 2392 1482; x_wconf 85' lang='lat' dir='ltr'><strong>flagi-</strong></span> 
     </span>
     <span class='ocr_line' id='line_1_17' title="bbox 359 1484 2389 1571; baseline 0 -23"><span class='ocrx_word' id='word_1_112' title='bbox 359 1486 549 1568; x_wconf 86' lang='lat' dir='ltr'><strong>tavit,</strong></span> <span class='ocrx_word' id='word_1_113' title='bbox 591 1490 667 1549; x_wconf 87' lang='lat' dir='ltr'><strong>ut</strong></span> <span class='ocrx_word' id='word_1_114' title='bbox 711 1485 1057 1570; x_wconf 88' lang='lat' dir='ltr'><strong>aliquando</strong></span> <span class='ocrx_word' id='word_1_115' title='bbox 1104 1485 1466 1571; x_wconf 89' lang='lat' dir='ltr'><strong>proficeret,</strong></span> <span class='ocrx_word' id='word_1_116' title='bbox 1514 1508 1660 1550; x_wconf 88' lang='lat' dir='ltr'><strong>cum</strong></span> <span class='ocrx_word' id='word_1_117' title='bbox 1696 1486 1980 1569; x_wconf 91' lang='lat' dir='ltr'><strong>primum</strong></span> <span class='ocrx_word' id='word_1_118' title='bbox 2017 1484 2223 1568; x_wconf 90' lang='lat' dir='ltr'><strong>licuit,</strong></span> <span class='ocrx_word' id='word_1_119' title='bbox 2266 1485 2389 1548; x_wconf 88' lang='lat' dir='ltr'><strong>fre-</strong></span> 
     </span>
     <span class='ocr_line' id='line_1_18' title="bbox 360 1572 2464 1658; baseline -0.002 -21"><span class='ocrx_word' id='word_1_120' title='bbox 360 1574 627 1658; x_wconf 85' lang='lat' dir='ltr'><strong>quentia</strong></span> <span class='ocrx_word' id='word_1_121' title='bbox 682 1577 877 1657; x_wconf 89' lang='lat' dir='ltr'><strong>atque</strong></span> <span class='ocrx_word' id='word_1_122' title='bbox 934 1575 1327 1638; x_wconf 87' lang='lat' dir='ltr'><strong>auctoritate</strong></span> <span class='ocrx_word' id='word_1_123' title='bbox 1380 1573 1669 1658; x_wconf 86' lang='lat' dir='ltr'><strong>perfecit.</strong></span> <span class='ocrx_word' id='word_1_124' title='bbox 1759 1572 1998 1637; x_wconf 89' lang='lat' dir='ltr'><strong>Nullus</strong></span> <span class='ocrx_word' id='word_1_125' title='bbox 2043 1573 2115 1637; x_wconf 90' lang='lat' dir='ltr'><strong>in</strong></span> <span class='ocrx_word' id='word_1_126' title='bbox 2161 1590 2464 1637; x_wconf 76' lang='lat' dir='ltr'><strong>eorun115</strong></span> 
     </span>
     <span class='ocr_line' id='line_1_19' title="bbox 359 1660 2388 1745; baseline -0 -20"><span class='ocrx_word' id='word_1_127' title='bbox 359 1661 573 1726; x_wconf 91' lang='lat' dir='ltr'><strong>reditu</strong></span> <span class='ocrx_word' id='word_1_128' title='bbox 632 1666 851 1726; x_wconf 84' lang='lat' dir='ltr'><strong>motus</strong></span> <span class='ocrx_word' id='word_1_129' title='bbox 898 1661 1400 1745; x_wconf 86' lang='lat' dir='ltr'><strong>municipiorum</strong></span> <span class='ocrx_word' id='word_1_130' title='bbox 1447 1666 1513 1725; x_wconf 91' lang='lat' dir='ltr'><strong>et</strong></span> <span class='ocrx_word' id='word_1_131' title='bbox 1559 1662 1960 1726; x_wconf 88' lang='lat' dir='ltr'><strong>coloniarum</strong></span> <span class='ocrx_word' id='word_1_132' title='bbox 2005 1660 2221 1725; x_wconf 85' lang='lat' dir='ltr'><strong>factus</strong></span> <span class='ocrx_word' id='word_1_133' title='bbox 2269 1665 2388 1744; x_wconf 89' lang='lat' dir='ltr'><strong>est,</strong></span> 
     </span>
     <span class='ocr_line' id='line_1_20' title="bbox 361 1749 2388 1834; baseline -0 -20"><span class='ocrx_word' id='word_1_134' title='bbox 361 1754 431 1814; x_wconf 91' lang='lat' dir='ltr'><strong>at</strong></span> <span class='ocrx_word' id='word_1_135' title='bbox 478 1772 580 1815; x_wconf 92' lang='lat' dir='ltr'><strong>me</strong></span> <span class='ocrx_word' id='word_1_136' title='bbox 626 1749 696 1813; x_wconf 87' lang='lat' dir='ltr'><strong>in</strong></span> <span class='ocrx_word' id='word_1_137' title='bbox 741 1751 1024 1834; x_wconf 85' lang='lat' dir='ltr'><strong>patriam</strong></span> <span class='ocrx_word' id='word_1_138' title='bbox 1060 1754 1163 1814; x_wconf 89' lang='lat' dir='ltr'><strong>ter</strong></span> <span class='ocrx_word' id='word_1_139' title='bbox 1210 1750 1346 1814; x_wconf 87' lang='lat' dir='ltr'><strong>suis</strong></span> <span class='ocrx_word' id='word_1_140' title='bbox 1395 1749 1666 1815; x_wconf 83' lang='lat' dir='ltr'><strong>decretis</strong></span> <span class='ocrx_word' id='word_1_141' title='bbox 1703 1749 1900 1814; x_wconf 87' lang='lat' dir='ltr'><strong>Italia</strong></span> <span class='ocrx_word' id='word_1_142' title='bbox 1936 1753 2170 1813; x_wconf 87' lang='lat' dir='ltr'><strong>cuncta</strong></span> <span class='ocrx_word' id='word_1_143' title='bbox 2206 1771 2388 1814; x_wconf 83' lang='lat' dir='ltr'><strong>revo-</strong></span> 
     </span>
     <span class='ocr_line' id='line_1_21' title="bbox 360 1837 2389 1923; baseline -0.001 -21"><span class='ocrx_word' id='word_1_144' title='bbox 360 1838 549 1902; x_wconf 88' lang='lat' dir='ltr'><strong>cavit.</strong></span> <span class='ocrx_word' id='word_1_145' title='bbox 648 1837 760 1901; x_wconf 86' lang='lat' dir='ltr'><strong>Illi</strong></span> <span class='ocrx_word' id='word_1_146' title='bbox 814 1838 1092 1902; x_wconf 91' lang='lat' dir='ltr'><strong>inimicis</strong></span> <span class='ocrx_word' id='word_1_147' title='bbox 1148 1837 1541 1922; x_wconf 77' lang='lat' dir='ltr'><strong>interfectiS,</strong></span> <span class='ocrx_word' id='word_1_148' title='bbox 1605 1858 1845 1923; x_wconf 85' lang='lat' dir='ltr'><strong>magna</strong></span> <span class='ocrx_word' id='word_1_149' title='bbox 1900 1837 2140 1902; x_wconf 84' lang='lat' dir='ltr'><strong>civium</strong></span> <span class='ocrx_word' id='word_1_150' title='bbox 2194 1837 2389 1902; x_wconf 84' lang='lat' dir='ltr'><strong>caede</strong></span> 
     </span>
     <span class='ocr_line' id='line_1_22' title="bbox 360 1926 2389 2012; baseline 0 -22"><span class='ocrx_word' id='word_1_151' title='bbox 360 1927 537 1993; x_wconf 88' lang='lat' dir='ltr'><strong>facta</strong></span> <span class='ocrx_word' id='word_1_152' title='bbox 580 1926 828 1991; x_wconf 88' lang='lat' dir='ltr'><strong>reducti</strong></span> <span class='ocrx_word' id='word_1_153' title='bbox 876 1930 1042 2010; x_wconf 88' lang='lat' dir='ltr'><strong>sunt,</strong></span> <span class='ocrx_word' id='word_1_154' title='bbox 1088 1948 1210 2012; x_wconf 85' lang='lat' dir='ltr'><strong>ego</strong></span> <span class='ocrx_word' id='word_1_155' title='bbox 1256 1926 1357 2010; x_wconf 91' lang='lat' dir='ltr'><strong>iis,</strong></span> <span class='ocrx_word' id='word_1_156' title='bbox 1405 1949 1444 1991; x_wconf 91' lang='lat' dir='ltr'><strong>a</strong></span> <span class='ocrx_word' id='word_1_157' title='bbox 1480 1927 1713 2011; x_wconf 87' lang='lat' dir='ltr'><strong>quibus</strong></span> <span class='ocrx_word' id='word_1_158' title='bbox 1751 1927 1994 1991; x_wconf 86' lang='lat' dir='ltr'><strong>eiectus</strong></span> <span class='ocrx_word' id='word_1_159' title='bbox 2033 1948 2196 2003; x_wconf 88' lang='lat' dir='ltr'><strong>sum,</strong></span> <span class='ocrx_word' id='word_1_160' title='bbox 2242 1949 2389 2011; x_wconf 90' lang='lat' dir='ltr'><strong>pro-</strong></span> 
     </span>
     <span class='ocr_line' id='line_1_23' title="bbox 359 2014 2461 2101; baseline -0 -22"><span class='ocrx_word' id='word_1_161' title='bbox 359 2015 609 2080; x_wconf 82' lang='lat' dir='ltr'><strong>vincias</strong></span> <span class='ocrx_word' id='word_1_162' title='bbox 666 2015 1109 2101; x_wconf 88' lang='lat' dir='ltr'><strong>optinentibus</strong></span> <span class='ocrx_word' id='word_1_163' title='bbox 1119 2066 1137 2099; x_wconf 92' lang='lat'><strong>,</strong></span> <span class='ocrx_word' id='word_1_164' title='bbox 1191 2015 1454 2080; x_wconf 90' lang='lat' dir='ltr'><strong>inimico</strong></span> <span class='ocrx_word' id='word_1_165' title='bbox 1513 2019 1758 2098; x_wconf 90' lang='lat' dir='ltr'><strong>autem,</strong></span> <span class='ocrx_word' id='word_1_166' title='bbox 1812 2014 2062 2099; x_wconf 89' lang='lat' dir='ltr'><strong>optimo</strong></span> <span class='ocrx_word' id='word_1_167' title='bbox 2116 2014 2262 2079; x_wconf 82' lang='lat' dir='ltr'><strong>viro</strong></span> <span class='ocrx_word' id='word_1_168' title='bbox 2323 2018 2390 2078; x_wconf 87' lang='lat' dir='ltr'><strong>et</strong></span> <span class='ocrx_word' id='word_1_169' title='bbox 2415 2032 2461 2073; x_wconf 80' lang='lat'><strong>2⁰</strong></span> 
     </span>
     <span class='ocr_line' id='line_1_24' title="bbox 360 2102 2387 2186; baseline 0 -20"><span class='ocrx_word' id='word_1_170' title='bbox 360 2103 737 2186; x_wconf 90' lang='lat' dir='ltr'><strong>mitissimo,</strong></span> <span class='ocrx_word' id='word_1_171' title='bbox 801 2105 1040 2169; x_wconf 69' lang='lat' dir='ltr'><strong>consule</strong></span> <span class='ocrx_word' id='word_1_172' title='bbox 1104 2104 1314 2168; x_wconf 89' lang='lat' dir='ltr'><strong>altero</strong></span> <span class='ocrx_word' id='word_1_173' title='bbox 1371 2103 1632 2168; x_wconf 89' lang='lat' dir='ltr'><strong>consule</strong></span> <span class='ocrx_word' id='word_1_174' title='bbox 1696 2102 2016 2167; x_wconf 85' lang='lat' dir='ltr'><strong>referente</strong></span> <span class='ocrx_word' id='word_1_175' title='bbox 2080 2102 2387 2167; x_wconf 88' lang='lat' dir='ltr'><strong>reductus</strong></span> 
     </span>
     <span class='ocr_line' id='line_1_25' title="bbox 362 2191 2388 2276; baseline 0 -20"><span class='ocrx_word' id='word_1_176' title='bbox 362 2214 525 2276; x_wconf 91' lang='lat' dir='ltr'><strong>sum,</strong></span> <span class='ocrx_word' id='word_1_177' title='bbox 572 2213 718 2256; x_wconf 89' lang='lat' dir='ltr'><strong>cum</strong></span> <span class='ocrx_word' id='word_1_178' title='bbox 766 2192 822 2255; x_wconf 89' lang='lat' dir='ltr'><strong>is</strong></span> <span class='ocrx_word' id='word_1_179' title='bbox 867 2191 1185 2275; x_wconf 75' lang='lat' dir='ltr'><strong>inimicuS,</strong></span> <span class='ocrx_word' id='word_1_180' title='bbox 1232 2192 1344 2276; x_wconf 92' lang='lat' dir='ltr'><strong>qui</strong></span> <span class='ocrx_word' id='word_1_181' title='bbox 1389 2192 1471 2256; x_wconf 88' lang='lat' dir='ltr'><strong>ad</strong></span> <span class='ocrx_word' id='word_1_182' title='bbox 1517 2213 1729 2255; x_wconf 89' lang='lat' dir='ltr'><strong>meam</strong></span> <span class='ocrx_word' id='word_1_183' title='bbox 1776 2191 2126 2275; x_wconf 83' lang='lat' dir='ltr'><strong>perniciem</strong></span> <span class='ocrx_word' id='word_1_184' title='bbox 2161 2213 2388 2256; x_wconf 81' lang='lat' dir='ltr'><strong>vocem</strong></span> 
     </span>
     <span class='ocr_line' id='line_1_26' title="bbox 362 2279 2387 2363; baseline -0 -19"><span class='ocrx_word' id='word_1_185' title='bbox 362 2302 548 2344; x_wconf 88' lang='lat' dir='ltr'><strong>suam</strong></span> <span class='ocrx_word' id='word_1_186' title='bbox 595 2280 1045 2345; x_wconf 91' lang='lat' dir='ltr'><strong>communibus</strong></span> <span class='ocrx_word' id='word_1_187' title='bbox 1090 2280 1392 2343; x_wconf 88' lang='lat' dir='ltr'><strong>hostibus</strong></span> <span class='ocrx_word' id='word_1_188' title='bbox 1440 2280 1876 2363; x_wconf 86' lang='lat' dir='ltr'><strong>praebuisset,</strong></span> <span class='ocrx_word' id='word_1_189' title='bbox 1923 2279 2158 2363; x_wconf 88' lang='lat' dir='ltr'><strong>spiritu</strong></span> <span class='ocrx_word' id='word_1_190' title='bbox 2205 2279 2387 2344; x_wconf 91' lang='lat' dir='ltr'><strong>dum-</strong></span> 
     </span>
     <span class='ocr_line' id='line_1_27' title="bbox 360 2367 2386 2452; baseline 0.001 -21"><span class='ocrx_word' id='word_1_191' title='bbox 360 2371 547 2433; x_wconf 82' lang='lat' dir='ltr'><strong>taxat</strong></span> <span class='ocrx_word' id='word_1_192' title='bbox 591 2369 865 2447; x_wconf 81' lang='lat' dir='ltr'><strong>viveret,</strong></span> <span class='ocrx_word' id='word_1_193' title='bbox 916 2391 984 2433; x_wconf 90' lang='lat' dir='ltr'><strong>re</strong></span> <span class='ocrx_word' id='word_1_194' title='bbox 1032 2368 1290 2452; x_wconf 85' lang='lat' dir='ltr'><strong>quidem</strong></span> <span class='ocrx_word' id='word_1_195' title='bbox 1335 2367 1510 2431; x_wconf 88' lang='lat' dir='ltr'><strong>infra</strong></span> <span class='ocrx_word' id='word_1_196' title='bbox 1554 2389 1779 2432; x_wconf 89' lang='lat' dir='ltr'><strong>omnes</strong></span> <span class='ocrx_word' id='word_1_197' title='bbox 1824 2371 2120 2433; x_wconf 89' lang='lat' dir='ltr'><strong>mortuos</strong></span> <span class='ocrx_word' id='word_1_198' title='bbox 2169 2390 2386 2433; x_wconf 77' lang='lat' dir='ltr'><strong>aman·</strong></span> 
     </span>
     <span class='ocr_line' id='line_1_28' title="bbox 364 2454 2453 2541; baseline -0 -21"><span class='ocrx_word' id='word_1_199' title='bbox 364 2455 552 2520; x_wconf 91' lang='lat' dir='ltr'><strong>datus</strong></span> <span class='ocrx_word' id='word_1_200' title='bbox 618 2460 805 2521; x_wconf 81' lang='lat' dir='ltr'><strong>esset.</strong></span> <span class='ocrx_word' id='word_1_201' title='bbox 914 2455 1288 2541; x_wconf 91' lang='lat' dir='ltr'><strong>Numquam</strong></span> <span class='ocrx_word' id='word_1_202' title='bbox 1355 2455 1431 2520; x_wconf 92' lang='lat' dir='ltr'><strong>de</strong></span> <span class='ocrx_word' id='word_1_203' title='bbox 1493 2455 1564 2520; x_wconf 93' lang='lat' dir='ltr'><strong>P.</strong></span> <span class='ocrx_word' id='word_1_204' title='bbox 1623 2455 1881 2540; x_wconf 91' lang='lat' dir='ltr'><strong>Popilio</strong></span> <span class='ocrx_word' id='word_1_205' title='bbox 1943 2455 2014 2521; x_wconf 88' lang='lat' dir='ltr'><strong>L.</strong></span> <span class='ocrx_word' id='word_1_206' title='bbox 2073 2454 2389 2541; x_wconf 79' lang='lat' dir='ltr'><strong>OpimiuS,</strong></span> <span class='ocrx_word' id='word_1_207' title='bbox 2412 2471 2453 2512; x_wconf 81' lang='lat'><strong>25</strong></span> 
     </span>
     <span class='ocr_line' id='line_1_29' title="bbox 362 2542 2388 2628; baseline 0 -20"><span class='ocrx_word' id='word_1_208' title='bbox 362 2543 759 2610; x_wconf 84' lang='lat' dir='ltr'><strong>fortissimus</strong></span> <span class='ocrx_word' id='word_1_209' title='bbox 806 2545 1052 2627; x_wconf 88' lang='lat' dir='ltr'><strong>consul,</strong></span> <span class='ocrx_word' id='word_1_210' title='bbox 1096 2566 1451 2628; x_wconf 90' lang='lat' dir='ltr'><strong>numquam</strong></span> <span class='ocrx_word' id='word_1_211' title='bbox 1498 2544 1576 2608; x_wconf 91' lang='lat' dir='ltr'><strong>de</strong></span> <span class='ocrx_word' id='word_1_212' title='bbox 1615 2542 1687 2619; x_wconf 81' lang='lat' dir='ltr'><strong>Q.</strong></span> <span class='ocrx_word' id='word_1_213' title='bbox 1715 2543 1987 2609; x_wconf 90' lang='lat' dir='ltr'><strong>Metello</strong></span> <span class='ocrx_word' id='word_1_214' title='bbox 2023 2566 2158 2608; x_wconf 89' lang='lat' dir='ltr'><strong>non</strong></span> <span class='ocrx_word' id='word_1_215' title='bbox 2195 2545 2388 2609; x_wconf 89' lang='lat' dir='ltr'><strong>modo</strong></span> 
     </span>
     <span class='ocr_line' id='line_1_30' title="bbox 362 2630 2389 2717; baseline 0 -22"><span class='ocrx_word' id='word_1_216' title='bbox 362 2630 430 2695; x_wconf 82' lang='lat' dir='ltr'><strong>G.</strong></span> <span class='ocrx_word' id='word_1_217' title='bbox 476 2630 752 2713; x_wconf 89' lang='lat' dir='ltr'><strong>Marius,</strong></span> <span class='ocrx_word' id='word_1_218' title='bbox 807 2633 917 2716; x_wconf 92' lang='lat' dir='ltr'><strong>qui</strong></span> <span class='ocrx_word' id='word_1_219' title='bbox 976 2637 1115 2697; x_wconf 88' lang='lat' dir='ltr'><strong>erat</strong></span> <span class='ocrx_word' id='word_1_220' title='bbox 1159 2633 1488 2715; x_wconf 77' lang='lat' dir='ltr'><strong>inimicuS,</strong></span> <span class='ocrx_word' id='word_1_221' title='bbox 1544 2633 1657 2697; x_wconf 89' lang='lat' dir='ltr'><strong>sed</strong></span> <span class='ocrx_word' id='word_1_222' title='bbox 1701 2654 1784 2696; x_wconf 91' lang='lat' dir='ltr'><strong>ne</strong></span> <span class='ocrx_word' id='word_1_223' title='bbox 1829 2632 1886 2696; x_wconf 90' lang='lat' dir='ltr'><strong>is</strong></span> <span class='ocrx_word' id='word_1_224' title='bbox 1935 2632 2223 2716; x_wconf 88' lang='lat' dir='ltr'><strong>quidem,</strong></span> <span class='ocrx_word' id='word_1_225' title='bbox 2281 2632 2389 2717; x_wconf 92' lang='lat' dir='ltr'><strong>qui</strong></span> 
     </span>
     <span class='ocr_line' id='line_1_31' title="bbox 364 2719 2388 2806; baseline 0.001 -23"><span class='ocrx_word' id='word_1_226' title='bbox 364 2724 621 2784; x_wconf 88' lang='lat' dir='ltr'><strong>secutus</strong></span> <span class='ocrx_word' id='word_1_227' title='bbox 670 2725 795 2805; x_wconf 91' lang='lat' dir='ltr'><strong>est,</strong></span> <span class='ocrx_word' id='word_1_228' title='bbox 842 2719 928 2785; x_wconf 92' lang='lat' dir='ltr'><strong>M.</strong></span> <span class='ocrx_word' id='word_1_229' title='bbox 976 2719 1322 2806; x_wconf 86' lang='lat' dir='ltr'><strong>Antonius,</strong></span> <span class='ocrx_word' id='word_1_230' title='bbox 1366 2720 1564 2785; x_wconf 92' lang='lat' dir='ltr'><strong>homo</strong></span> <span class='ocrx_word' id='word_1_231' title='bbox 1610 2720 2198 2805; x_wconf 81' lang='lat' dir='ltr'><strong>eloquentissimuS,</strong></span> <span class='ocrx_word' id='word_1_232' title='bbox 2247 2744 2388 2786; x_wconf 89' lang='lat' dir='ltr'><strong>cum</strong></span> 
     </span>
     <span class='ocr_line' id='line_1_32' title="bbox 358 2806 2389 2894; baseline 0.001 -23"><span class='ocrx_word' id='word_1_233' title='bbox 358 2806 439 2871; x_wconf 90' lang='lat' dir='ltr'><strong>A.</strong></span> <span class='ocrx_word' id='word_1_234' title='bbox 486 2806 730 2872; x_wconf 90' lang='lat' dir='ltr'><strong>Albino</strong></span> <span class='ocrx_word' id='word_1_235' title='bbox 796 2808 1051 2894; x_wconf 87' lang='lat' dir='ltr'><strong>collega</strong></span> <span class='ocrx_word' id='word_1_236' title='bbox 1114 2814 1412 2873; x_wconf 78' lang='lat' dir='ltr'><strong>senatum</strong></span> <span class='ocrx_word' id='word_1_237' title='bbox 1467 2812 1582 2873; x_wconf 79' lang='lat' dir='ltr'><strong>aut</strong></span> <span class='ocrx_word' id='word_1_238' title='bbox 1635 2809 1951 2893; x_wconf 90' lang='lat' dir='ltr'><strong>populum</strong></span> <span class='ocrx_word' id='word_1_239' title='bbox 2005 2813 2105 2875; x_wconf 81' lang='lat' dir='ltr'><strong>est</strong></span> <span class='ocrx_word' id='word_1_240' title='bbox 2161 2810 2389 2874; x_wconf 88' lang='lat' dir='ltr'><strong>cohor-</strong></span> 
     </span>
     <span class='ocr_line' id='line_1_33' title="bbox 360 2897 2445 2982; baseline 0.001 -23"><span class='ocrx_word' id='word_1_241' title='bbox 360 2899 569 2980; x_wconf 86' lang='lat' dir='ltr'><strong>tatus3</strong></span> <span class='ocrx_word' id='word_1_242' title='bbox 624 2900 695 2961; x_wconf 85' lang='lat' dir='ltr'><strong>at</strong></span> <span class='ocrx_word' id='word_1_243' title='bbox 748 2918 867 2981; x_wconf 90' lang='lat' dir='ltr'><strong>pro</strong></span> <span class='ocrx_word' id='word_1_244' title='bbox 923 2918 1027 2961; x_wconf 90' lang='lat' dir='ltr'><strong>me</strong></span> <span class='ocrx_word' id='word_1_245' title='bbox 1075 2897 1440 2982; x_wconf 85' lang='lat' dir='ltr'><strong>superiores</strong></span> <span class='ocrx_word' id='word_1_246' title='bbox 1487 2898 1785 2962; x_wconf 89' lang='lat' dir='ltr'><strong>consules</strong></span> <span class='ocrx_word' id='word_1_247' title='bbox 1832 2919 2113 2982; x_wconf 87' lang='lat' dir='ltr'><strong>semper,</strong></span> <span class='ocrx_word' id='word_1_248' title='bbox 2167 2901 2246 2962; x_wconf 90' lang='lat' dir='ltr'><strong>ut</strong></span> <span class='ocrx_word' id='word_1_249' title='bbox 2293 2919 2381 2961; x_wconf 90' lang='lat' dir='ltr'><strong>re·</strong></span> <span class='ocrx_word' id='word_1_250' title='bbox 2407 2912 2445 2951; x_wconf 77' lang='lat'><strong>³⁰</strong></span> 
     </span>
     <span class='ocr_line' id='line_1_34' title="bbox 359 2984 2386 3072; baseline 0 -23"><span class='ocrx_word' id='word_1_251' title='bbox 359 2984 623 3069; x_wconf 89' lang='lat' dir='ltr'><strong>ferrent,</strong></span> <span class='ocrx_word' id='word_1_252' title='bbox 658 2985 943 3070; x_wconf 87' lang='lat' dir='ltr'><strong>flagitati</strong></span> <span class='ocrx_word' id='word_1_253' title='bbox 982 2990 1163 3069; x_wconf 82' lang='lat' dir='ltr'><strong>sunt3</strong></span> <span class='ocrx_word' id='word_1_254' title='bbox 1201 2986 1315 3049; x_wconf 88' lang='lat' dir='ltr'><strong>sed</strong></span> <span class='ocrx_word' id='word_1_255' title='bbox 1352 2986 1547 3050; x_wconf 87' lang='lat' dir='ltr'><strong>veriti</strong></span> <span class='ocrx_word' id='word_1_256' title='bbox 1583 2990 1752 3068; x_wconf 88' lang='lat' dir='ltr'><strong>sunt,</strong></span> <span class='ocrx_word' id='word_1_257' title='bbox 1787 3007 1869 3049; x_wconf 92' lang='lat' dir='ltr'><strong>ne</strong></span> <span class='ocrx_word' id='word_1_258' title='bbox 1909 2985 2162 3072; x_wconf 88' lang='lat' dir='ltr'><strong>gratiae</strong></span> <span class='ocrx_word' id='word_1_259' title='bbox 2192 3007 2386 3057; x_wconf 81' lang='lat' dir='ltr'><strong>causa</strong></span> 
     </span>
     <span class='ocr_line' id='line_1_35' title="bbox 360 3073 2386 3157; baseline 0 -21"><span class='ocrx_word' id='word_1_260' title='bbox 360 3074 573 3139; x_wconf 87' lang='lat' dir='ltr'><strong>facere</strong></span> <span class='ocrx_word' id='word_1_261' title='bbox 627 3073 1027 3157; x_wconf 83' lang='lat' dir='ltr'><strong>viderentur,</strong></span> <span class='ocrx_word' id='word_1_262' title='bbox 1083 3073 1255 3157; x_wconf 92' lang='lat' dir='ltr'><strong>quod</strong></span> <span class='ocrx_word' id='word_1_263' title='bbox 1303 3073 1472 3138; x_wconf 88' lang='lat' dir='ltr'><strong>alter</strong></span> <span class='ocrx_word' id='word_1_264' title='bbox 1518 3073 1679 3137; x_wconf 90' lang='lat' dir='ltr'><strong>mihi</strong></span> <span class='ocrx_word' id='word_1_265' title='bbox 1725 3074 1958 3138; x_wconf 84' lang='lat' dir='ltr'><strong>adfinis</strong></span> <span class='ocrx_word' id='word_1_266' title='bbox 2005 3077 2176 3157; x_wconf 90' lang='lat' dir='ltr'><strong>erat,</strong></span> <span class='ocrx_word' id='word_1_267' title='bbox 2233 3075 2386 3139; x_wconf 85' lang='lat' dir='ltr'><strong>alte-</strong></span> 
     </span>
     <span class='ocr_line' id='line_1_36' title="bbox 359 3162 2387 3247; baseline -0 -21"><span class='ocrx_word' id='word_1_268' title='bbox 359 3162 494 3226; x_wconf 89' lang='lat' dir='ltr'><strong>rius</strong></span> <span class='ocrx_word' id='word_1_269' title='bbox 543 3184 806 3227; x_wconf 87' lang='lat' dir='ltr'><strong>causam</strong></span> <span class='ocrx_word' id='word_1_270' title='bbox 852 3162 1086 3245; x_wconf 89' lang='lat' dir='ltr'><strong>capitis</strong></span> <span class='ocrx_word' id='word_1_271' title='bbox 1132 3184 1529 3246; x_wconf 84' lang='lat' dir='ltr'><strong>receperam3</strong></span> <span class='ocrx_word' id='word_1_272' title='bbox 1577 3162 1689 3246; x_wconf 91' lang='lat' dir='ltr'><strong>qui</strong></span> <span class='ocrx_word' id='word_1_273' title='bbox 1731 3162 2214 3247; x_wconf 85' lang='lat' dir='ltr'><strong>provinciarum</strong></span> <span class='ocrx_word' id='word_1_274' title='bbox 2260 3162 2387 3227; x_wconf 89' lang='lat' dir='ltr'><strong>foe·</strong></span> 
     </span>
     <span class='ocr_line' id='line_1_37' title="bbox 363 3249 2386 3334; baseline 0 -21"><span class='ocrx_word' id='word_1_275' title='bbox 363 3249 511 3314; x_wconf 89' lang='lat' dir='ltr'><strong>dere</strong></span> <span class='ocrx_word' id='word_1_276' title='bbox 566 3249 876 3314; x_wconf 84' lang='lat' dir='ltr'><strong>infrenati</strong></span> <span class='ocrx_word' id='word_1_277' title='bbox 930 3254 1145 3315; x_wconf 90' lang='lat' dir='ltr'><strong>totum</strong></span> <span class='ocrx_word' id='word_1_278' title='bbox 1200 3250 1392 3314; x_wconf 91' lang='lat' dir='ltr'><strong>illum</strong></span> <span class='ocrx_word' id='word_1_279' title='bbox 1448 3272 1688 3314; x_wconf 90' lang='lat' dir='ltr'><strong>annum</strong></span> <span class='ocrx_word' id='word_1_280' title='bbox 1736 3250 2057 3334; x_wconf 86' lang='lat' dir='ltr'><strong>querellas</strong></span> <span class='ocrx_word' id='word_1_281' title='bbox 2105 3254 2386 3331; x_wconf 78' lang='lat' dir='ltr'><strong>senatuS,</strong></span> 
     </span>
    </p>
   </div>
   <div class='ocr_carea' id='block_1_5' title="bbox 362 3322 2519 3423">
    <p class='ocr_par' dir='ltr' id='par_1_5' title="bbox 362 3322 2519 3423">
     <span class='ocr_line' id='line_1_38' title="bbox 362 3322 2519 3423; baseline 0.002 -25"><span class='ocrx_word' id='word_1_282' title='bbox 362 3336 610 3402; x_wconf 89' lang='lat' dir='ltr'><strong>luctum</strong></span> <span class='ocrx_word' id='word_1_283' title='bbox 661 3338 1009 3418; x_wconf 86' lang='lat' dir='ltr'><strong>bonorum,</strong></span> <span class='ocrx_word' id='word_1_284' title='bbox 1063 3337 1298 3402; x_wconf 84' lang='lat' dir='ltr'><strong>Italiae</strong></span> <span class='ocrx_word' id='word_1_285' title='bbox 1356 3338 1670 3423; x_wconf 83' lang='lat' dir='ltr'><strong>gemitum</strong></span> <span class='ocrx_word' id='word_1_286' title='bbox 1725 3339 2153 3423; x_wconf 84' lang='lat' dir='ltr'><strong>pertulerunt.</strong></span> <span class='ocrx_word' id='word_1_287' title='bbox 2259 3338 2383 3403; x_wconf 89' lang='lat' dir='ltr'><strong>Ka·</strong></span> <span class='ocrx_word' id='word_1_288' title='bbox 2407 3349 2444 3393; x_wconf 80' lang='lat'><strong>³⁵</strong></span> <span class='ocrx_word' id='word_1_289' title='bbox 2517 3322 2519 3324; x_wconf 26' lang='lat'><strong><em>¹</em></strong></span> 
     </span>
    </p>
   </div>
   <div class='ocr_carea' id='block_1_6' title="bbox 356 3424 2386 3600">
    <p class='ocr_par' dir='ltr' id='par_1_6' title="bbox 356 3424 2386 3600">
     <span class='ocr_line' id='line_1_39' title="bbox 362 3424 2386 3511; baseline 0.002 -26"><span class='ocrx_word' id='word_1_290' title='bbox 362 3424 570 3488; x_wconf 89' lang='lat' dir='ltr'><strong>lendis</strong></span> <span class='ocrx_word' id='word_1_291' title='bbox 606 3446 760 3489; x_wconf 83' lang='lat' dir='ltr'><strong>vero</strong></span> <span class='ocrx_word' id='word_1_292' title='bbox 788 3426 1108 3489; x_wconf 86' lang='lat' dir='ltr'><strong>Ianuariis</strong></span> <span class='ocrx_word' id='word_1_293' title='bbox 1145 3429 1568 3510; x_wconf 87' lang='lat' dir='ltr'><strong>posteaquam</strong></span> <span class='ocrx_word' id='word_1_294' title='bbox 1611 3427 1768 3491; x_wconf 90' lang='lat' dir='ltr'><strong>orba</strong></span> <span class='ocrx_word' id='word_1_295' title='bbox 1804 3449 1908 3491; x_wconf 90' lang='lat' dir='ltr'><strong>res</strong></span> <span class='ocrx_word' id='word_1_296' title='bbox 1946 3426 2211 3511; x_wconf 86' lang='lat' dir='ltr'><strong>publica</strong></span> <span class='ocrx_word' id='word_1_297' title='bbox 2242 3448 2386 3492; x_wconf 92' lang='lat' dir='ltr'><strong>con-</strong></span> 
     </span>
     <span class='ocr_line' id='line_1_40' title="bbox 356 3510 2386 3600; baseline 0.002 -27"><span class='ocrx_word' id='word_1_298' title='bbox 356 3510 523 3574; x_wconf 88' lang='lat' dir='ltr'><strong>sulis</strong></span> <span class='ocrx_word' id='word_1_299' title='bbox 577 3512 770 3576; x_wconf 86' lang='lat' dir='ltr'><strong>fidem</strong></span> <span class='ocrx_word' id='word_1_300' title='bbox 825 3516 1162 3596; x_wconf 86' lang='lat' dir='ltr'><strong>tamquam</strong></span> <span class='ocrx_word' id='word_1_301' title='bbox 1218 3513 1502 3597; x_wconf 86' lang='lat' dir='ltr'><strong>legitimi</strong></span> <span class='ocrx_word' id='word_1_302' title='bbox 1555 3514 1795 3579; x_wconf 90' lang='lat' dir='ltr'><strong>tutoris</strong></span> <span class='ocrx_word' id='word_1_303' title='bbox 1851 3515 2262 3600; x_wconf 81' lang='lat' dir='ltr'><strong>imploravit,</strong></span> <span class='ocrx_word' id='word_1_304' title='bbox 2318 3514 2386 3578; x_wconf 91' lang='lat' dir='ltr'><strong>P.</strong></span> 
     </span>
    </p>
   </div>
  </div>
 </body>
</html>
