2534 3875
833 920 927 993 M.
989 919 1278 992 TULLI
1334 916 1835 992 CICERONIS

319 1084 462 1173 DE
506 1083 952 1169 IMPERIO
1013 1082 1170 1168 ΟΝ.
1220 1082 1621 1166 POMPEI
1668 1081 1817 1167 AD
1865 1080 2361 1185 QUIRITES

1134 1221 1548 1307 ORATIO.

1231 1394 1449 1403 ——-—...

1015 1462 1673 1564 ARGUMENTUM.
2530 1516 2532 1551 1

461 1620 600 1676 Cum
637 1620 699 1673 L.
734 1619 1024 1687 Lucullus,
1074 1618 1172 1687 qui
1207 1618 1424 1673 bellum
1478 1618 1745 1674 adversus
1793 1617 2186 1673 Mithridatem
2232 1618 2359 1673 Ma-

316 1708 516 1758 gnum,
557 1690 728 1746 Ponti
764 1707 972 1760 regem,
1011 1694 1230 1759 septem
1267 1705 1447 1744 annos
1483 1689 1667 1760 primo
1705 1687 2017 1756 consulari,
2061 1688 2195 1743 dein
2229 1705 2362 1759 pro-

318 1762 600 1817 consulari
637 1761 876 1831 imperio
915 1760 1429 1825 administraverat,
1468 1776 1520 1814 a.
1558 1777 1611 1815 u.
1650 1776 1697 1814 c.
1738 1766 1842 1814 687
1881 1776 1917 1813 a
1954 1762 2157 1814 senatu
2194 1774 2358 1814 revo-

318 1834 480 1887 catus
510 1833 661 1888 esset
689 1832 854 1901 eique
881 1831 972 1886 M’.
1003 1830 1219 1886 Acilius
1247 1829 1499 1898 Glabrio,
1536 1830 1706 1885 homo
1744 1828 1923 1884 tantis
1951 1830 2117 1885 rebus
2154 1828 2357 1899 impar,

320 1903 707 1971 successisset,
765 1902 1091 1972 insequenti
1137 1918 1285 1957 anno
1332 1902 1406 1957 M.
1444 1900 1686 1957 Aemilio
1732 1900 1947 1972 Lepido
1995 1900 2053 1956 L.
2093 1900 2360 1956 Volcatio

318 1975 483 2030 Tullo
523 1992 662 2030 coss.
702 1991 751 2029 a.
790 1991 843 2028 u.
883 1990 929 2030 c.
971 1979 1076 2029 688
1116 1974 1173 2029 O.
1212 1973 1479 2027 Manilius
1532 1973 1791 2027 tribunus
1827 1971 2012 2041 plebis
2058 1971 2247 2040 legem
2285 1971 2362 2026 ad.

316 2116 1093 2172 m
1131 2042 1889 2184 sanuserassx.
1917 2041 2364 2182 {grass

319 2203 468 2242 anno
517 2186 807 2257 superiore
844 2185 1248 2240 demandatum
1295 2184 1640 2251 confecerat,
1686 2184 2148 2239 committeretur.
2237 2183 2365 2248 Qua
2510 2205 2531 2234 ι

317 2257 447 2328 lege
493 2274 622 2312 cum
666 2273 783 2312 non
821 2256 999 2311 solum
1041 2254 1181 2310 Asia
1225 2255 1543 2326 provincia,
1582 2255 1672 2311 cui
1706 2254 1971 2309 Lucullus
2017 2253 2361 2324 praefuerat,

319 2331 380 2383 et
428 2344 594 2384 omne
645 2327 767 2382 eius
818 2326 1115 2396 imperium
1167 2325 1262 2382 Cn.
1316 2325 1583 2394 Pompeio
1636 2325 2111 2392 committeretur,
2162 2341 2363 2380 verum

319 2399 495 2454 etiam
529 2397 827 2467 Bithynia,
883 2397 974 2452 cui
1010 2396 1244 2452 Glabrio
1291 2399 1577 2466 praeerat,
1631 2396 1831 2450 classis
1876 2398 2015 2451 item
2066 2398 2126 2450 et
2162 2412 2360 2450 omnes

319 2471 521 2540 copiae
557 2469 894 2534 maritimae,
934 2485 1073 2537 quas
1109 2465 1353 2537 piratico
1391 2466 1544 2521 bello
1580 2466 1698 2520 iam
1736 2466 2076 2532 obtinuerat,
2119 2466 2361 2522 multae·

320 2556 428 2609 que
473 2541 771 2609 praeterea
814 2538 1166 2609 provinciae,
1220 2554 1364 2605 quae
1386 2575 1390 2580 -
1410 2537 1540 2605 lege
1580 2536 1826 2592 Gabinia
1868 2537 2138 2607 Pompeio
2187 2537 2362 2593 datae

316 2627 433 2665 non
460 2610 802 2677 viderentur,
833 2610 1097 2678 Phrygia,
1125 2607 1426 2677 Lycaonia,
1458 2607 1703 2675 Galatia,
1733 2607 2110 2678 Cappadocia,
2141 2606 2361 2675 Cilicia,

322 2678 564 2747 Colchis,
603 2681 895 2745 Armenia,
933 2682 1054 2734 eius
1089 2680 1368 2749 potestati
1403 2680 1890 2748 permitterentur,
1929 2679 2234 2747 optimates
2272 2678 2393 2732 ni·.

318 2753 426 2805 mis
456 2749 653 2820 augeri
681 2767 817 2820 opes
848 2752 908 2804 et
933 2751 1250 2819 potentiam
1281 2748 1447 2803 unius
1478 2750 1573 2805 Cn.
1603 2749 1839 2819 Pompei
1875 2750 1987 2803 rati
2016 2765 2141 2802 eam
2169 2747 2365 2818 legem

319 2821 729 2891 oppugnabant
772 2836 1077 2888 eorumque
1128 2820 1356 2875 nomine
1407 2820 1469 2885 Q.
1520 2819 1754 2874 Catulus
1799 2822 1861 2876 et
1908 2820 1971 2885 Q.
2021 2819 2363 2874 Hortensius

317 2893 675 2961 rogationem
721 2891 780 2946 C.
818 2891 1017 2945 Manili
1064 2891 1465 2946 dissuaserant.
1552 2891 1921 2945 Adiuvabant
1960 2892 2157 2944 tamen
2190 2889 2365 2944 multi

320 2962 376 3017 C.
407 2961 705 3016 Manilium
737 2963 1077 3017 auctoritate
1117 2961 1292 3016 etiam
1321 2961 1379 3017 C.
1412 2961 1683 3028 Caesari&
1722 2962 2009 3030 suasitque
2037 2959 2109 3016 M.
2142 2960 2361 3028 Cicer-0,
2525 2997 2527 3000 >

319 3033 418 3101 qui
454 3048 520 3087 eo
561 3048 707 3087 anno
745 3034 975 3103 praetor
1004 3033 1143 3099 erat,
1183 3035 1290 3102 hac
1317 3035 1445 3102 ipsa
1474 3032 1745 3099 oratione,
1785 3048 1901 3100 qua
1934 3031 2177 3101 primum
2207 3031 2364 3101 apud.
2528 3023 2530 3105 i

317 3103 592 3173 populum
628 3104 832 3171 oravit,
869 3103 1055 3174 legem
1093 3103 1163 3158 de
1201 3103 1439 3173 imperio
1475 3101 1571 3156 Cn.
1600 3103 1837 3172 Pompei
1871 3101 2231 3172 prorogando
2272 3105 2363 3156 at-

319 3191 426 3243 que
465 3174 820 3244 adaugendo,
858 3190 1002 3244 quae
1039 3173 1257 3229 cunctis
1297 3173 1581 3242 suffragiis
1618 3173 1844 3244 perlata
1877 3175 1981 3227 est.
2525 3197 2528 3262 Ι

250 3315 285 3439 ᾖ
432 3335 863 3490 lQuamquagn
901 3337 1066 3401 mihi
1095 3358 1351 3488 serlranper
1380 3335 1687 3486 frequenls
1715 3338 2101 3486 conspeictus
2142 3321 2363 3487 vecister
2518 3370 2525 3409 ι

319 3446 432 3488 mu
460 3428 529 3490 to
589 3425 783 3490 iucun
828 3425 1092 3490 issimus
1230 3425 1291 3488 ic
1357 3427 1576 3488 autem
1669 3444 1823 3488 ocus
1885 3445 1921 3487 a
2031 3445 2070 3487 a
2120 3444 2197 3486 en
2245 3445 2361 3488 um

319 3512 784 3599 amplissimus,
830 3513 912 3578 ad
952 3477 1291 3577 dicendum
1331 3510 1787 3576 ornatissimus
1827 3514 1929 3576 est
1966 3443 2162 3594 visffs„
2210 3509 2363 3587 Qui-
