2534 3875
687 895 782 968 M.
841 895 1130 969 TULLI
1186 895 1685 970 CICERONIS

167 1055 574 1160 ORATIO,
633 1057 859 1144 CUM
915 1059 1366 1147 SENATUI
1422 1060 1872 1148 GRATIAS
1930 1063 2199 1148 EGIT.

883 1339 1108 1400 ARGU
1117 1341 1285 1399 ΜΕΝ
1290 1341 1480 1400 ΤΠΜ.

313 1453 451 1509 Cum
487 1453 562 1509 Μ.
593 1453 788 1509 Cicero
833 1454 1016 1524 pridie
1063 1457 1254 1511 Nonas
1304 1455 1665 1525 Septembres
1712 1474 1763 1512 a.
1816 1477 1869 1512 u.
1912 1475 1957 1513 cr
1998 1465 2101 1513 697
2140 1459 2203 1514 Ρ.

168 1526 413 1579 Lentulo
445 1524 508 1590 Q.
529 1525 762 1580 Metello
801 1526 1129 1580 consulibus
1167 1526 1237 1580 de
1277 1526 1450 1581 exilio
1489 1527 1723 1583 Romam
1762 1527 2019 1596 redisset,
2057 1529 2204 1584 nihil

167 1595 374 1650 habuit
400 1596 703 1666 antiquius,
741 1613 913 1664 quam
941 1599 1007 1650 ut
1033 1597 1122 1664 iis,
1160 1597 1277 1666 qui,
1314 1599 1381 1650 ut
1406 1598 1529 1668 ipse
1559 1597 1799 1653 Romam
1827 1603 2203 1666 revocaretur,

165 1667 584 1734 laboraverant,
620 1684 723 1737 pro
762 1667 1051 1723 beneficiis
1086 1671 1148 1722 in
1186 1684 1246 1722 se
1285 1669 1510 1722 collatis
1548 1668 1767 1738 gratias
1804 1671 2015 1751 ageret.
2089 1670 2203 1725 Ita-

167 1754 280 1805 que
317 1737 593 1806 postridie
631 1737 751 1792 eius
790 1738 928 1805 diei,
968 1755 1079 1808 quo
1114 1739 1353 1794 Romam
1390 1739 1565 1807 venit,
1604 1757 1732 1793 cum
1766 1740 2003 1810 reliquis
2042 1758 2198 1796 sena-

166 1809 407 1876 toribus,
437 1825 550 1862 non
577 1809 750 1863 nullis
781 1809 954 1862 etiam
984 1809 1327 1864 nominatim
1351 1810 1675 1879 appellatis,
1705 1813 1829 1864 tum
1858 1811 2201 1879 consulibus,

167 1883 384 1948 quanto
423 1895 592 1949 opere
629 1879 745 1934 suis
781 1879 1067 1934 beneficiis
1105 1881 1441 1937 obstrictum
1480 1899 1541 1938 se
1574 1882 1877 1950 haberent,
1916 1883 2021 1937 hac
2058 1884 2203 1953 ipsa,

164 1967 322 2076 ἓθιιῗὲ
353 1950 502 2034 infra
539 1950 762 2020 legitur,
803 1953 1055 2007 oratione
1085 1952 1338 2007 indicare
1367 1952 1553 2007 voluit
1583 1956 1924 2023 gratumque
1954 1953 2204 2009 animum

229 2040 257 2075 s
322 2041 386 2076 ri.

972 2152 1401 2163 ——-———-———-—-

307 2306 404 2390 Si,
456 2310 677 2393 patres
723 2307 1099 2391 conscripti,
1153 2330 1273 2391 pro
1321 2308 1559 2373 vestris
1604 2308 2088 2374 immortalibus
2135 2310 2202 2374 in

167 2417 277 2461 me
313 2396 714 2480 fratremque
753 2418 966 2461 meum
998 2396 1368 2480 liberosque
1395 2400 1658 2461 nostros
1688 2397 1939 2461 meritis
1968 2420 2203 2482 parum

163 2484 360 2550 vobis
408 2485 736 2549 cumulate
781 2484 1030 2569 gratias
1080 2505 1304 2570 egero,
1350 2506 1589 2568 quaeso
1638 2485 2076 2569 obtestorque,
2120 2510 2204 2551 ne

164 2595 358 2639 meae
426 2579 701 2637 naturae
773 2574 992 2657 potius
1069 2595 1264 2656 quam
1332 2573 1773 2657 magnitudini
1834 2580 2203 2640 vestrorum

99 2687 132 2725 5
168 2662 634 2727 beneficiorum
681 2661 748 2725 id
794 2659 1208 2726 tribuendum
1255 2661 1519 2745 putetis.
1586 2659 1765 2737 Quae
1804 2665 1991 2727 tanta
2030 2664 2203 2727 enim

159 2754 392 2836 potest
457 2750 732 2815 existere
796 2750 1064 2814 ubertas
1131 2749 1423 2850 ingenii,
1468 2771 1631 2833 quae
1695 2753 1886 2815 tanta
1953 2752 2203 2816 dicendi

2244 2308 2277 2433 ἒ

161 2839 375 2923 copia,
422 2838 595 2923 quod
639 2842 780 2903 tam
825 2839 1115 2903 divinum
1163 2842 1357 2922 atque
1404 2837 1780 2903 meredibile
1819 2860 2023 2923 genus
2063 2861 2204 2903 ora·
2240 2870 2248 2879 ·

158 2928 395 3011 tionis,
457 2948 586 3010 quo
652 2927 994 3010 quisquam
1061 2927 1274 3009 possit
1327 2931 1547 2990 vestra
1600 2926 1667 2990 in
1722 2948 1844 2991 nos
1902 2928 2205 2991 universa

157 3015 530 3102 promerita
565 3037 700 3080 non
734 3015 945 3080 dicam
983 3015 1328 3097 complecti
1368 3016 1627 3098 orand0,
1676 3014 1790 3079 sed
1824 3036 2203 3099 percensere

61 3128 130 3168 ιο
161 3103 618 3169 numerando?
666 3104 777 3187 qui
813 3103 977 3168 mihi
1013 3103 1289 3167 fratrem
1328 3103 1834 3187 optatissimum,
1871 3125 1975 3167 me
2010 3103 2204 3167 fratri

160 3194 656 3275 amantissimo,
719 3192 944 3256 liberis
998 3192 1244 3257 nostris
1300 3194 1632 3276 parentes,
1697 3189 1887 3254 nobis
1942 3190 2202 3276 liberOS‚

157 3281 281 3366 qui
340 3280 753 3366 dignitatem,
810 3280 920 3363 qui
977 3280 1298 3362 ordinem,
1354 3280 1463 3364 qui
1517 3279 1847 3361 fortunas,
1908 3280 2018 3362 qui
2066 3303 2199 3345 am-

153 3370 534 3454 plissimam
570 3391 710 3433 rem
745 3368 1095 3453 publicam,
1133 3369 1245 3453 qui
1282 3367 1584 3452 patriam,
1623 3389 1753 3451 qua
1782 3367 1949 3431 nihil
1980 3372 2203 3453 potest

154 3480 309 3523 esse
358 3457 719 3541 iucundiuS,
767 3457 878 3541 qui
924 3456 1199 3541 denique
1245 3461 1505 3521 nosmet
1549 3456 1727 3540 ipsos
1764 3456 1956 3521 nobis
1997 3458 2203 3521 reddi-
