2534 3875
0 591 13 709 l

822 151 975 206 CAP.
1017 158 1225 207 10-12
1263 158 1295 218 s
1335 159 1562 209 24—28.
2081 155 2212 220 285

177 314 407 358 omnes
484 293 855 377 triumphos
919 317 1124 376 meOS,
1198 298 1416 361 omnia
1481 301 1863 362 ornamenta
1925 297 2211 380 honoris,

177 386 603 446 monumenta
650 383 926 467 gloriae,
973 384 1184 448 laudis
1228 385 1515 469 insignia
1559 385 1748 450 condi
1795 389 1860 449 et
1905 387 2212 452 collocari

177 470 351 534 volo‚
416 469 601 533 Nihil
649 491 751 534 me
788 476 1040 535 mutum
1076 476 1299 555 potest
1335 473 1669 555 delectare,
1714 472 1880 537 nihil
1917 474 2211 558 tacitum,

178 557 347 622 nihil
396 557 669 641 denique
714 558 851 623 eius
898 558 1100 643 modi,
1146 560 1319 644 quod
1366 561 1563 625 etiam
1610 560 1826 625 minus
1873 561 2054 646 digni
2099 563 2212 627 ad-

123 663 151 702 5
184 645 371 729 sequi
416 647 691 728 possint.
782 646 1098 712 Memoria
1142 652 1388 726 vestra,
1436 647 1748 732 Quirites,
1794 655 2059 714 nostrae
2105 671 2210 715 res

180 735 466 817 alentur,
522 736 927 800 sermonibus
986 740 1302 814 crescent,
1357 737 1724 802 litterarum
1773 737 2210 802 monumentis

177 823 659 886 inveterascent
704 828 770 888 et
807 824 1428 908 corroborabuntur3
1477 825 1871 908 eandemque
1910 825 2078 890 diem
2115 827 2211 890 in-

168 909 458 995 ¹tellego,
512 931 709 994 quam
756 933 943 995 spero
992 916 1328 976 aeternam
1371 912 1539 994 fore,
1583 917 2018 998 propagatam
2069 935 2210 979 esse

180 1001 251 1064 et
296 997 379 1062 ad
426 998 705 1063 salutem
753 1000 933 1065 urbis
981 1004 1047 1064 et
1094 1001 1175 1064 ad
1222 1002 1605 1065 memoriam
1651 1001 2028 1066 consulatus
2064 1003 2210 1085 mei,

96 1104 153 1142 ιο
180 1107 441 1169 unoque
492 1091 786 1170 tempore
832 1087 899 1151 in
936 1087 1059 1152 hac
1096 1109 1165 1152 re
1202 1089 1464 1172 publica
1502 1089 1662 1154 duos
1702 1089 1859 1155 civis
1901 1090 2212 1171 extitisse,

182 1195 461 1258 quorum
510 1175 677 1239 alter
720 1175 867 1238 finis
904 1175 1109 1240 vestri
1155 1176 1417 1261 imperii
1451 1198 1584 1242 non
1619 1181 1853 1261 terrae,
1898 1177 2010 1242 scd
2049 1179 2212 1243 caeli

178 1262 559 1347 regionibus
622 1262 1031 1347 terminaret,
1108 1265 1277 1328 alter
1341 1264 1623 1329 eiusdem
1690 1266 1948 1349 imperii
2011 1265 2210 1331 domi-

180 1351 403 1416 cilium
450 1351 758 1435 sedesque
806 1354 1111 1416 servaret.
1183 1349 1309 1416 de
1355 1353 1658 1436 quoniam
1707 1375 1927 1417 earum
1950 1375 2210 1438 rerum,
2233 1335 2316 1398 12

182 1461 347 1523 quas
394 1459 515 1522 ego
563 1439 754 1523 gessi,
800 1461 932 1504 non
978 1440 1200 1504 eadem
1250 1444 1349 1503 est
1385 1439 1651 1504 fortuna
1689 1444 1883 1526 atque
1920 1442 2210 1507 condicio

99 1543 152 1584 15
184 1549 351 1610 quae
397 1527 690 1610 illorum,
736 1528 847 1611 qui
893 1531 1161 1592 externa
1207 1528 1381 1592 bella
1426 1532 1785 1612 gesserunt,
1832 1529 2003 1611 quod
2049 1530 2212 1593 mihi

183 1637 331 1679 cum
379 1615 461 1679 iis
507 1615 851 1680 vivendum
900 1619 1019 1698 est,
1066 1637 1227 1700 quos
1274 1615 1402 1680 vici
1449 1638 1523 1681 ac
1560 1616 1807 1700 subegi,
1852 1616 1952 1679 illi
1986 1616 2210 1681 hostes

182 1708 300 1767 aut
346 1703 727 1768 interfectos
767 1708 881 1768 aut
919 1725 1265 1788 oppressos
1305 1703 1720 1787 reliquerunt,
1765 1707 2057 1767 vestrum
2093 1708 2212 1786 est,

184 1789 489 1874 Quirites,
536 1791 592 1855 si
638 1792 866 1856 ceteris
912 1790 1088 1856 facta
1135 1814 1253 1856 sua
1299 1795 1472 1855 recte
1519 1794 1815 1875 prosunt,
1859 1791 2022 1855 mihi
2067 1813 2213 1856 mea

183 1900 265 1944 ne
314 1879 569 1964 quando
616 1879 863 1963 obsint,
915 1879 1271 1964 providere.
1351 1878 1603 1945 Mentes
1651 1878 1824 1944 enim
1871 1879 2210 1945 hominum

0 1977 1 1984 ’
98 1986 155 2023 20
184 1967 764 2033 audacissimorum
812 1969 1164 2033 sceleratae
1202 1991 1278 2033 ac
1311 1968 1598 2034 nefariae
1635 1990 1718 2032 ne
1753 1968 1942 2033 vobis
1979 1989 2209 2032 nocere

182 2061 479 2141 possent,
534 2076 657 2140 ego
710 2056 992 2140 providi,
1044 2078 1127 2121 ne
1181 2057 1347 2120 mihi
1400 2060 1706 2138 noceant,
1759 2060 2052 2120 vestrum
2110 2061 2210 2121 est

182 2144 539 2228 providere.
648 2142 1080 2230 Quamquam,
1145 2143 1459 2229 Quirites,
1531 2144 1694 2209 mihi
1759 2143 2016 2227 quidem
2081 2144 2210 2228 ipsi

182 2232 350 2296 nihil
405 2232 487 2296 ab
543 2232 689 2297 istis
744 2234 876 2297 iam
929 2230 1149 2298 noceri
1203 2237 1441 2317 potest.
1530 2232 1841 2317 Magnum
1889 2231 2062 2296 enim
2109 2237 2210 2296 est

183 2320 255 2385 in
306 2320 497 2385 bonis
552 2319 974 2404 praesidium,
1028 2320 1199 2405 quod
1253 2321 1418 2384 mihi
1472 2321 1540 2384 in
1594 2324 1980 2404 perpetuum
2036 2340 2209 2384 com-

102 2425 157 2465 2⁵
186 2412 491 2492 paratum
540 2411 669 2491 est,
714 2429 955 2494 magna
1001 2410 1068 2472 in
1114 2430 1184 2473 re
1229 2407 1496 2491 publica
1542 2408 1848 2493 dignitas,
1895 2429 2058 2491 quae
2105 2430 2208 2472 me

186 2518 442 2581 semper
485 2496 689 2561 tacita
735 2497 1046 2580 defendet,
1094 2516 1336 2579 magna
1378 2496 1479 2560 vis
1517 2496 1965 2573 conscientiae,
2013 2518 2209 2579 quam

188 2584 299 2668 qui
342 2585 719 2670 neglegunt,
765 2605 912 2649 cum
958 2606 1061 2648 me
1106 2585 1355 2649 violare
1401 2584 1640 2664 volent,
1687 2606 1757 2647 se
1802 2584 1929 2668 ipsi
1964 2584 2207 2648 indica-

185 2673 367 2737 bunt.
439 2672 563 2736 Est
618 2673 787 2737 enim
832 2672 902 2736 in
955 2673 1148 2737 nobis
1193 2673 1251 2736 is
1301 2672 1573 2755 animus,
1619 2670 1921 2755 Quirites,
1967 2674 2040 2736 ut
2075 2693 2206 2736 non

188 2760 379 2825 modo
425 2760 670 2825 nullius
718 2759 1023 2826 audaciae
1069 2760 1398 2844 cedamus,
1445 2759 1557 2825 sed
1605 2759 1804 2823 etiam
1851 2761 2062 2824 omnis
2113 2760 2209 2824 in-

99 2866 158 2905 30
186 2849 429 2931 probos
483 2848 657 2913 ultro
716 2869 970 2931 semper
1026 2848 1440 2913 lacessamus.
1533 2846 1780 2923 Quodsi
1835 2848 2044 2912 omnis
2090 2847 2208 2911 im-

184 2940 375 3020 petus
432 2935 933 3001 domesticorum
987 2936 1280 3001 hostium
1335 2936 1636 3019 depulsus
1694 2957 1734 2998 a
1778 2935 1965 2999 vobis
2023 2957 2090 3000 se
2137 2936 2207 2999 in

186 3046 289 3088 me
344 3046 543 3089 unum
588 3025 1009 3106 convorterit,
1062 3024 1249 3089 vobis
1299 3024 1424 3089 erit
1467 3022 1844 3105 videndum,
1902 3020 2207 3106 Quirites,

188 3134 315 3196 qua
370 3112 742 3177 condicione
796 3112 1071 3196 posthac
1126 3133 1235 3177 eos
1297 3134 1437 3175 esse
1493 3112 1740 3193 velitis,
1796 3110 1907 3194 qui
1963 3131 2032 3173 se
2086 3132 2205 3193 pro

189 3201 399 3265 salute
434 3204 657 3264 vestra
694 3200 1051 3265 obtulerint
1087 3200 1371 3265 invidiae
1409 3198 1840 3283 periculisque
1879 3198 2207 3281 omnibus3

97 3305 156 3346 35
188 3288 348 3352 mihi
393 3288 650 3371 quidem
695 3288 823 3371 ipsi
868 3287 1020 3372 quid
1058 3291 1157 3352 est
1203 3288 1374 3371 quod
1419 3287 1550 3351 iam
1597 3286 1678 3351 ad
1713 3285 1887 3350 vitae
1922 3284 2207 3351 fructum

187 3376 397 3460 possit
436 3376 707 3460 adquiri,
752 3397 897 3440 cum
936 3376 1318 3457 praesertim
1355 3397 1562 3459 neque
1600 3375 1669 3437 in
1703 3374 1948 3439 honore
1986 3377 2205 3438 vestro

184 3485 391 3550 neque
436 3463 506 3527 in
553 3464 765 3550 gloria
809 3462 1071 3529 virtutis
1110 3463 1454 3549 quicquam
1504 3462 1756 3527 videam
1805 3462 2030 3547 altius,
2077 3484 2204 3547 quo

2248 1413 2314 1460 27

2245 2690 2313 2739 28
