2534 3875
765 146 920 202 CAP.
960 153 1137 203 8-10
1175 154 1204 212 §
1246 155 1474 208 19-25,
2064 152 2196 217 383

142 293 554 358 constitutus
586 314 663 356 61
691 313 1042 375 marmore3
1073 290 1254 356 cuius
1285 292 1586 357 laudibus
1618 298 1791 359 certe
1818 318 1952 360 non
1980 298 2194 362 solum

142 381 312 465 ipse,
351 381 462 465 qui
492 380 814 465 laudatur,
853 379 967 446 sed
1004 380 1204 444 etiam
1241 382 1472 465 populi
1508 381 1790 447 Romani
1826 406 2064 449 nomen
2091 407 2195 449 or-

139 474 365 534 natur.
458 468 537 533 In
585 469 847 534 caelum
903 468 1094 533 huius
1155 476 1438 553 pro'avus
1497 467 1662 536 Cato
1719 472 2007 556 tollitur;
2061 495 2194 537 ma-

144 578 322 643 gnus
369 558 580 622 honos
627 556 855 641 populi
901 556 1184 621 Romani
1229 558 1423 622 rebus
1463 558 1857 660 adiungitur.
1950 561 2191 625 Omnes

78 666 110 707 5
145 646 430 746 denique
467 645 568 709 illi
603 644 892 729 Maximi,
928 644 1242 729 Marcelli,
1278 644 1495 711 Fulvii
1530 669 1664 711 non
1692 648 1831 713 sine
1862 650 2196 714 communi

38 783 44 798 .
143 734 446 801 omnium
492 738 792 799 nostrum
839 732 1030 797 laude
1077 733 1485 802 decorantur.
1576 734 1758 821 Ergo
1805 736 2025 821 illum,
2081 738 2193 821 qui
2218 740 2301 804 10

141 825 317 889 11366
379 822 649 906 fecerat,
714 821 1042 887 Rudinum
1106 822 1439 887 hominem
1504 823 1785 889 maiores
1853 826 2067 891 nostri
2122 827 2194 889 in

145 911 489 977 civitatem
544 914 952 995 receperunt3
1008 931 1128 975 nos
1183 909 1358 975 hunc
1412 910 1901 978 Heracliensem
1960 914 2189 978 multis

147 999 530 1065 civitatibus
581 999 968 1100 expetitum,
1013 998 1084 1063 in
1129 998 1252 1063 1136
1300 1004 1521 1065 autem
1565 1002 1823 1087 legibus
1872 1002 2190 1067 constitu-

53 1109 113 1148 10
146 1093 298 1153 tum
345 1088 423 1152 de
468 1091 699 1153 nostra
744 1086 1008 1152 civitate
1055 1085 1405 1154 eiciemus?

291 1174 492 1261 Nam,
547 1177 605 1241 si
661 1176 806 1259 quis
864 1174 1182 1239 minorem
1239 1176 1489 1259 gloriae
1542 1176 1828 1243 fructum
1874 1183 2068 1264 putat
2114 1201 2193 1244 61
2231 1198 2301 1247 23

150 1264 420 1333 Graecis
466 1264 762 1330 versibus
808 1263 1056 1347 percipi
1101 1285 1297 1348 quam
1343 1286 1421 1327 ex
1456 1262 1730 1350 Latinis,
1777 1267 2195 1333 vehementer

149 1357 350 1438 errat,
387 1357 737 1438 propterea
775 1351 945 1438 quod
975 1350 1223 1417 Graeca
1261 1351 1623 1436 leguntur
1605 1376 1677 1417 111
1714 1355 2017 1421 omnibus
2056 1356 2191 1421 fere

151 1442 505 1543 gentibus,
531 1440 768 1506 Latina
814 1439 950 1505 suis
986 1440 1226 1504 finibus
1266 1440 1521 1525 exiguis
1560 1464 1715 1507 sane
1756 1444 2191 1511 continentur.

57 1551 114 1591 15
151 1532 396 1615 Quare,
453 1530 511 1594 si
567 1552 670 1594 res
729 1550 868 1613 eae,
924 1550 1086 1611 quas
1135 1528 1483 1613 gessimus,
1542 1530 1719 1595 orbis
1767 1534 1981 1596 terrae
2026 1533 2193 1618 regi-

151 1620 390 1685 onibus
440 1618 857 1701 definiuntur,
904 1638 1135 1700 cupere
1183 1616 1519 1699 debemus,
1568 1640 1695 1702 quo
1734 1641 2044 1686 manuum
2082 1642 2193 1685 no-

153 1713 444 1773 strarum
499 1708 636 1771 tela
694 1705 1132 1791 pervenerint,
1202 1706 1429 1770 eodem
1483 1706 1763 1791 gloriam
1818 1707 2192 1791 famamque

151 1800 527 1882 penetrare,
583 1794 753 1879 quod
801 1816 946 1859 cum
993 1794 1153 1877 ipsis
1202 1795 1498 1895 populis,
1546 1795 1623 1858 de
1672 1817 1948 1880 quorum
1994 1796 2190 1861 rebus

151 1885 482 1968 scribitur,
527 1882 688 1949 haec
735 1883 956 1968 ampla
1003 1885 1173 1967 sunt,
1218 1886 1359 1948 tum
1406 1882 1487 1948 113
1536 1886 1725 1966 certe,
1772 1884 1885 1969 qui
1930 1884 2009 1949 de
2053 1884 2193 1950 vita

57 1995 118 2036 20
151 1975 406 2060 gloriae
453 1995 648 2038 causa
686 1972 1029 2054 dimicant,
1074 1971 1198 2036 1106
1245 1971 1600 2036 maximum
1648 1976 1715 2037 et
1756 1973 2192 2056 periculorum

149 2063 650 2128 incitamentum
721 2064 822 2125 est
884 2063 948 2124 et
1002 2021 1319 2124 laborum.
1420 2059 1630 2135 Quam
1690 2062 1933 2126 multos
1992 2063 2193 2147 scrip·
2230 2081 2302 2130 24

151 2156 332 2216 tores
401 2172 617 2214 rerum
677 2170 942 2214 suarum
1007 2169 1288 2233 magnus
1353 2149 1467 2212 ille
1531 2147 1899 2214 Alexander
1974 2172 2191 2216 secum

149 2239 464 2304 habuisse
521 2237 778 2303 dicitur!
871 2238 1089 2321 Atque
1147 2237 1204 2301 13
1251 2239 1501 2320 tamen,
1558 2259 1706 2302 611111
1751 2239 1820 2303 in
1866 2237 2061 2324 Sigeo
2110 2241 2192 2304 ad

20 2333 22 2440 j
151 2328 435 2394 Achillis
491 2326 814 2392 tumulum
865 2325 1255 2392 adstitisset:
1314 2323 1400 2389 eO
1445 2325 1904 2411 fortunate'‚
1958 2329 2194 2413 inquit,

65 2437 120 2477 25
153 2415 679 2497 ε3(11116366113,
740 2415 871 2498 qui
917 2417 1092 2478 tuae
1140 2413 1465 2478 virtutis
1513 2412 1927 2480 Homerum
1973 2439 2193 2500 prae-

154 2527 422 2570 conem
475 2503 926 2568 inveneris?
1016 2501 1106 2566 Et
1162 2523 1331 2567 vere.
1424 2501 1623 2585 Nam,
1677 2503 1806 2568 nisi
1860 2504 2019 2570 Ilias
2076 2507 2193 2574 illa

154 2594 514 2671 extitisset,
569 2592 738 2656 idem
795 2591 1114 2673 tumulus,
1172 2591 1283 2675 qui
1330 2612 1564 2675 corpus
1613 2592 1751 2657 eius
1800 2597 2191 2680 contexerat,

150 2704 397 2747 nomen
457 2680 652 2746 etiam
717 2681 1058 2745 obruisset.
1164 2678 1377 2755 Quid?
1442 2685 1667 2746 noster
1726 2681 1834 2747 hic
1892 2681 2193 2768 Magum,

154 2771 272 2856 qui
339 2791 484 2834 cum
544 2769 787 2834 virtute
841 2767 1175 2833 fortunam
1235 2767 1649 2853 adaequavit,
1717 2792 1931 2836 nonne
1988 2772 2191 2838 'Pheo-

69 2878 124 2918 zo
151 2859 442 2944 phanem
496 2857 992 2941 Mytilenaeum,
1047 2856 1433 2942 scriptorem
1497 2879 1712 2922 rerum
1770 2881 2059 2943 suarum,
2122 2861 2192 2924 in

153 2947 462 3012 contione
510 2946 794 3011 militum
833 2945 1098 3012 civitate
1145 2945 1431 3029 donavit,
1478 2949 1543 3010 611
1587 2947 1801 3012 nostri
1846 2948 1950 3012 illi
1983 2948 2191 3012 fortes

151 3036 313 3119 viri,
373 3034 486 3100 sed
540 3035 770 3100 rustici
817 3058 893 3100 ac
939 3033 1184 3098 milites
1231 2995 1564 3098 dulcedine
1612 3035 1892 3118 quadam
1940 3037 2192 3122 gloriae

153 3123 472 3192 commoti
519 3124 706 3207 quasi
749 3121 1102 3208 participes
1150 3121 1435 3188 eiusdem
1483 3123 1691 3188 laudis
1740 3145 1981 3224 magno
2028 3123 2193 3187 illud

153 3214 446 3278 clamore
503 3210 1074 3297 approbaverunt?
1164 3211 1423 3297 Itaque,
1478 3211 1695 3293 credo,
1752 3212 1811 3274 si
1856 3212 2017 3276 civis
2065 3211 2191 3276 Ro-
2226 3221 2319 3292 ⁴2‘5'

20 3297 22 3302 ’
75 3317 125 3358 ³⁵
157 3322 394 3366 manus
449 3298 726 3366 Archias
790 3300 1046 3388 legibus
1103 3321 1235 3365 non
1293 3302 1491 3383 esset,
1543 3304 1618 3363 ut
1673 3299 1755 3364 ab
1812 3300 2031 3384 aliquo
2078 3300 2193 3364 im·

154 3392 464 3474 peratore
501 3389 767 3454 civitate
806 3389 1176 3474 donaretur,
1212 3389 1521 3472 perficere
1548 3409 1679 3452 non
1708 3388 1944 3472 potuit.
2010 3386 2193 3453 Sulla

156 3499 308 3542 cum
345 3477 678 3562 Hispanos
717 3483 784 3544 et
813 3476 1042 3543 Gallos
1081 3477 1372 3548 donaret.
1408 3477 1619 3562 cred0,
1653 3476 1827 3542 hunc
1860 3479 2192 3565 petentem
