2534 3875
580 179 738 238 cAP.
776 186 834 249 9,
876 185 942 235 ιο
979 186 1010 247 5
1048 186 1277 235 22-28.
1878 183 1963 247 83

0 345 232 411 ignum
297 328 364 389 et
424 328 722 390 sanctum
787 346 928 389 esse
991 324 1306 389 videatur.
1405 323 1639 409 Itaque
1700 328 1959 392 tantum
1996 345 2064 393 Ξε-

0 419 131 478 ztus
195 412 451 478 efficere
515 413 761 498 potuit,
826 416 1142 498 quantum
1196 412 1545 478 incolumis
1600 435 1955 497 numquam

0 525 15 566 3
63 522 264 580 ausus
311 504 556 585 optare.
640 499 834 583 Nam,
878 522 1026 566 cum
1072 522 1142 565 se
1186 502 1256 564 in
1303 521 1579 583 regnum
1625 522 1815 567 suum
1861 525 1957 568 re·

0 589 218 674 pisset,
262 610 395 653 non
438 587 569 653 fuit
612 610 690 653 eo
726 592 1090 671 contentus,
1137 588 1310 674 quod
1357 588 1418 653 ei
1462 594 1727 674 praeter
1774 612 1958 675 spem

0 677 268 761 siderat,
325 681 398 741 ut
453 676 670 759 illam,
724 680 1152 761 posteaquam
1208 677 1436 760 pulsus
1495 681 1663 761 erat,
1709 680 1957 743 terram

0 787 227 848 iquam
275 765 648 849 attingeret,
695 765 809 829 sed
854 766 925 828 in
971 764 1325 830 exercitum
1371 770 1672 831 nostrum
1710 766 1957 832 clarum

0 875 112 938 luc
144 854 463 918 'victorem
515 853 834 937 impetum
890 852 1065 918 fecit.
1146 849 1354 917 Sinite
1399 853 1525 918 hoc
1571 854 1741 937 loco,
1804 854 1955 931 Qui-

1 963 102 1024 eS,
157 940 329 1006 sicut
373 945 606 1027 poetae
653 941 893 1024 solent,
952 939 1067 1024 qui
1109 961 1215 1006 res
1262 940 1595 1007 Romanas
1642 943 1956 1026 scribunt,

0 1030 272 1095 aeterire
327 1050 432 1094 me
489 1032 789 1094 nostram
834 1028 1307 1112 calamitatem,
1367 1051 1532 1112 quae
1578 1034 1768 1095 tanta
1810 1030 1957 1115 fuit,

60 1139 210 1182 eam
286 1116 368 1183 ad
436 1138 624 1182 aures
691 1115 786 1197 [L.
852 1116 1138 1198 Luculli]
1201 1117 1620 1201 imperatoris
1684 1139 1817 1184 non
1876 1140 1956 1184 ex

0 1206 167 1271 oelio
212 1205 506 1287 nuntius,
552 1204 662 1270 sed
711 1227 789 1270 ex
834 1225 1134 1270 sermone
1179 1226 1402 1269 rumor
1448 1206 1746 1271 adferret.
1828 1205 1954 1273 Hic
1992 1221 2060 1269 25

48 1294 164 1358 illo
229 1294 374 1378 ipso
440 1294 618 1358 malo
686 1292 1204 1378 gravissimaque
1257 1292 1418 1357 belli
1474 1294 1829 1359 offensione
1882 1294 1954 1360 L.

0 1382 255 1463 ‚culluS,
310 1382 420 1465 qui
475 1384 700 1446 tamen
753 1380 968 1464 aliqua
1029 1402 1109 1445 ex
1162 1385 1351 1465 parte
1397 1382 1479 1446 iis
1524 1382 1955 1448 incommodis

0 1469 160 1534 ederi
202 1468 488 1535 fortasse
532 1470 882 1554 potuisset,
927 1473 1148 1533 vestro
1196 1469 1380 1533 iussu
1425 1474 1716 1550 coactus,
1780 1471 1955 1555 quod

0 1556 173 1643 perii
237 1556 651 1622 diuturnitati
703 1556 966 1621 modum
1013 1557 1432 1644 statuendum
1478 1562 1699 1623 vetere
1745 1580 1954 1625 exem-

0 1670 22 1712 >
62 1644 439 1731 putavistiS,
474 1649 730 1729 partem
765 1645 1066 1728 militum,
1106 1644 1217 1728 qui
1252 1646 1386 1709 iam
1423 1646 1769 1730 stipendiis
1804 1668 1951 1712 con·

0 1734 67 1798 :ti
134 1737 348 1816 erant,
421 1733 697 1816 dimisit,
760 1737 1015 1815 partem
1078 1733 1190 1798 Μ’.
1250 1731 1595 1798 Glabrioni
1658 1727 1951 1801 tradidit.

0 1822 128 1886 fita
173 1825 510 1905 praetereo
558 1822 889 1904 consult03
945 1821 1058 1885 sed
1105 1842 1182 1884 ea
1226 1842 1345 1885 vos
1392 1822 1765 1887 coniectura
1809 1845 1951 1908 per-

0 1910 176 1993 icite,
238 1914 551 1994 quantum
606 1908 772 1974 illud
827 1909 1071 1974 bellum
1125 1908 1375 1974 factum
1441 1912 1716 1996 putetis,
1777 1912 1949 1996 quod

0 2001 315 2083 :iiungant
357 2018 544 2082 reges
590 1997 1052 2082 potentissimi,
1087 2002 1403 2063 renovent
1449 1999 1739 2083 agitatae
1785 2002 1951 2066 nati-

0 2111 86 2165 eS‚
116 2086 479 2170 suscipiant
506 2086 798 2170 integrae
825 2089 1072 2171 genteS,
1098 2107 1309 2151 novus
1337 2086 1699 2171 imperator
1727 2093 1952 2153 noster

0 2175 190 2260 :ipiat
236 2178 454 2239 vetere
502 2174 786 2239 exercitu
836 2174 1045 2256 pulso
1474 2236 1478 2241 .
1972 2218 2056 2278 H]

42 2263 222 2328 Satis
270 2263 432 2327 mihi
478 2263 688 2326 multa
723 2262 924 2326 verba
969 2259 1197 2327 fecisse
1242 2262 1488 2348 videor,
1536 2284 1738 2347 quare
1776 2270 1949 2329 esset
1984 2294 2052 2342 ΕΤ

0 2375 31 2419 c
107 2351 358 2416 bellum
426 2371 661 2435 genere
733 2350 880 2434 ipso
952 2352 1421 2435 necessarium,
1499 2351 1947 2435 magnitudine

0 2439 376 2521 riculosum3
431 2441 667 2520 restat,
722 2441 797 2501 ut
854 2437 931 2501 de
982 2439 1381 2521 imperatore
1438 2439 1520 2504 ad
1575 2439 1643 2504 id
1700 2441 1946 2507 bellum

0 2527 253 2612 ,igendo
303 2548 376 2591 ac
420 2525 628 2590 tantis
673 2526 869 2590 rebus
915 2527 1351 2611 praeficiendo
1380 2527 1720 2592 dicendum
1760 2551 1901 2595 esse

0 2619 225 2680 [eatur.
279 2612 568 2697 Utinam,
596 2612 901 2696 Quirites,
938 2615 1223 2681 virorum
1259 2614 1531 2681 fortium
1570 2619 1767 2700 atque
1811 2616 1902 2682 in-
1925 2598 2052 2726 (1qu

0 2701 285 2770 centium
338 2704 595 2784 copiam
649 2705 906 2767 tantam
963 2702 1323 2786 haberetis,
1375 2709 1453 2768 ut
1497 2705 1659 2770 haec
1713 2707 1903 2771 vobis
1941 2677 1959 2736 (
2032 2674 2052 2738 3¹

5 2791 295 2856 iberatio
333 2789 622 2874 difficilis
661 2795 852 2873 esset,
900 2812 1245 2874 quemnam
1283 2793 1701 2876 potissimum
1738 2795 1946 2860 tantis

0 2901 104 2945 »us
163 2901 238 2944 ac
294 2882 482 2944 tanto
540 2878 718 2944 bello
763 2878 1268 2962 praeficiendum
1313 2882 1662 2964 putare-tis!
1754 2881 1946 2949 Nunc

0 2991 58 3034 ro
100 2988 251 3032 cum
287 2967 375 3031 sit
409 2989 576 3032 unus
615 2964 730 3031 Cn.
768 2966 1135 3051 PompeiuS,
1172 2967 1286 3051 qui
1322 2990 1456 3033 non
1490 2969 1682 3035 modo
1721 2992 1945 3036 eorum

0 3056 266 3138 minum,
313 3055 425 3140 qui
470 3076 641 3120 nunc
687 3058 870 3138 sunt,
916 3056 1216 3140 gloriam,
1262 3056 1374 3120 sed
1422 3056 1620 3121 etiam
1669 3059 1946 3142 antiqui-

0 3146 63 3209 is
116 3143 500 3208 memoriam
546 3143 793 3207 virtute
840 3144 1192 3228 superarit,
1239 3165 1405 3226 quae
1451 3167 1557 3211 res
1606 3150 1731 3228 est,
1779 3167 1945 3230 quae

2 3253 292 3315 usquam
330 3232 619 3295 animum
656 3232 727 3295 in
761 3230 886 3295 hac
924 3253 1120 3297 causa
1148 3232 1417 3296 dubium
1447 3234 1659 3298 facere
1687 3235 1943 3316 possit?

0 3344 50 3386 'o
91 3320 270 3384 enim
309 3319 402 3384 sic
439 3318 759 3403 existimo,
793 3319 864 3384 in
901 3341 1157 3385 summo
1192 3319 1593 3406 imperatore
1632 3326 1942 3404 quattuor
1980 3338 2044 3386 ss

0 3433 18 3475 3
79 3430 188 3473 res
242 3407 455 3472 inesse
512 3410 843 3492 oportere,
898 3408 1238 3473 scientiam
1285 3409 1381 3473 rei
1427 3408 1759 3492 militariS,
1815 3411 1944 3474 vir—

0 3519 145 3581 em,
192 3495 672 3580 auctoritatem,
714 3495 1117 3562 felicitatem.
1199 3494 1361 3572 Quis
1406 3496 1613 3581 igitur
1659 3496 1786 3561 hoc
1829 3497 1942 3563 ho-

1547 3599 1623 3652 6*
