2534 3875
285 166 418 231 168
810 165 952 220 PRO
993 168 1056 220 A.
1099 162 1457 219 CLUENTIO
1496 162 1779 217 ORATIO.

284 315 363 375 ut
409 310 654 395 aliquid
699 311 769 375 in
816 310 1194 395 quaestione
1243 310 1556 392 dicerent,
1610 311 1847 385 tamen,
1892 310 1967 371 ut
2016 308 2326 392 arbitror,

287 400 680 465 auctoritate
737 399 1201 463 advocatorum
1251 400 1346 479 [et
1393 398 1453 462 vi
1503 398 2005 477 tormentorum]
2055 396 2324 462 adducti

285 487 355 551 in
400 488 678 551 veritate
733 490 1112 551 manserunt
1168 507 1377 569 neque
1424 506 1495 549 se
1541 485 1889 569 quicquam
1936 484 2099 548 scire
2146 485 2323 548 dixe-

181 591 283 643 177
304 580 478 640 runt.
551 574 860 651 Quaestio
897 576 1016 639 illo
1055 574 1158 638 die
1195 574 1273 637 de
1312 574 1665 637 amicorum
1696 572 2019 637 sententia
2048 572 2323 637 dimissa

287 667 406 729 est.
509 661 683 746 Satis
739 665 938 748 longo
995 662 1345 726 intervallo
1402 665 1555 746 post
1606 661 1843 724 iterum
1900 661 2319 727 advocantur.
2349 678 2377 718 5

285 751 586 816 Habetur
641 752 718 816 de
771 752 1032 836 integro
1088 752 1410 835 quaesti03
1468 750 1651 813 nulla
1696 748 1797 813 vis
1841 752 2323 813 tormentorum

288 841 747 905 acerrimorum
783 840 1359 923 praetermittitur3
1397 838 1727 902 adversari
1766 837 2065 901 advocati
2091 841 2158 902 et
2186 838 2321 901 iam

286 930 397 993 vix
432 928 600 992 ferre
638 949 850 1013 posse,
886 928 1100 991 furere
1129 927 1405 991 crudelis
1436 930 1631 1010 atque
1669 925 2045 1010 importuna
2081 926 2321 990 mulier

288 1016 413 1081 sibi
451 1038 880 1100 nequaquam,
925 1019 999 1080 ut
1036 1019 1379 1098 sperasset,
1424 1036 1517 1097 ea,
1555 1036 1720 1098 quae
1758 1014 2133 1099 cogitasset,
2170 1036 2319 1098 pro-

287 1104 530 1169 cedere.
623 1101 786 1168 Oum
842 1104 974 1167 iam
1028 1107 1244 1168 tortor
1290 1107 1485 1187 atque
1534 1105 1751 1166 essent
1794 1106 2125 1167 tormenta
2170 1106 2319 1188 ipsa
2347 1120 2405 1160 10

288 1192 546 1256 defessa
589 1214 796 1275 neque
842 1196 1066 1257 tamen
1092 1192 1223 1256 -illa
1266 1192 1464 1255 finem
1512 1190 1723 1255 facere
1768 1191 1991 1273 vellet,
2052 1192 2319 1275 quidam

290 1302 368 1345 ex
423 1280 782 1362 advocatis,
846 1281 1043 1345 homo
1101 1283 1167 1344 et
1224 1280 1583 1345 honoribus
1638 1280 1864 1363 populi
1922 1284 2191 1343 ornatus
2251 1284 2319 1343 et

291 1390 543 1433 summa
589 1370 827 1434 virtute
887 1368 1247 1452 praeditus,
1304 1369 1684 1452 intellegere
1746 1388 1813 1431 se
1861 1367 2023 1431 dixit
2070 1390 2204 1431 non
2249 1368 2319 1431 id

289 1458 426 1541 agi,
482 1460 556 1520 ut
601 1479 826 1522 verum
869 1456 1296 1534 inveniretur,
1345 1456 1455 1519 sed
1500 1461 1576 1520 ut
1619 1455 1863 1539 aliquid
1908 1455 2062 1519 falsi
2106 1455 2319 1520 dicere

290 1549 692 1627 cogerentur.
783 1544 927 1609 Hoc
981 1549 1333 1629 postquam
1390 1544 1588 1609 ceteri
1643 1544 2177 1627 comprobarunt,
2238 1566 2316 1609 ex
2348 1560 2403 1602 ω

291 1633 581 1697 omnium
643 1634 968 1698 sententia
1027 1634 1455 1698 constitutum
1523 1635 1622 1697 est
1685 1632 1846 1696 satis
1906 1632 2111 1697 videri
2177 1653 2319 1697 esse

183 1738 288 1787 178
294 1723 698 1821 quaesitum.
770 1721 1086 1785 Redditur
1124 1720 1483 1822 Oppianico
1521 1719 1955 1803 Nicostratus,
2002 1720 2318 1784 Larinum

288 1810 435 1893 ipsa
491 1810 924 1892 proficiscitur
979 1831 1125 1875 cum
1183 1809 1317 1873 suis
1364 1830 1686 1892 maerens,
1744 1809 1915 1892 quod
1961 1810 2094 1872 iam
2142 1813 2319 1873 certe

289 1898 680 1964 incolumem
735 1898 944 1963 filium
997 1898 1138 1963 fore
1195 1898 1502 1982 putabat,
1559 1898 1641 1964 ad
1697 1918 1888 1998 quem
1942 1918 2076 1962 non
2121 1898 2317 1962 modo

289 2009 510 2051 verum
550 1989 809 2068 crimen,
857 1987 969 2050 sed
1005 2009 1085 2050 ne
1123 1987 1278 2051 ficta.
1314 1987 1573 2070 quidem
1614 1986 1895 2070 suspicio
1929 1986 2318 2070 perveniret,
2347 2006 2411 2045 20

291 2079 358 2140 et
413 2076 516 2141 cui
559 2097 692 2140 non
737 2075 932 2139 modo
979 2078 1205 2158 aperta
1248 2075 1664 2139 inimicorum
1712 2075 2143 2159 oppugnatio,
2204 2077 2317 2138 sed

287 2185 372 2228 ne
419 2165 709 2228 occultae
757 2164 1015 2246 quidem
1063 2163 1294 2227 matris
1340 2163 1614 2228 insidiae
1659 2184 1888 2227 nocere
1926 2163 2317 2246 potuissent.

290 2251 599 2316 Larinum
653 2257 1006 2336 postquam
1052 2252 1257 2335 venit,
1318 2273 1481 2335 quae
1528 2275 1568 2315 a
1612 2248 1922 2315 Stratone
1968 2251 2081 2314 illo
2128 2273 2319 2316 vene-

287 2362 446 2404 num
492 2345 686 2404 antea
731 2341 870 2404 viro
917 2362 1031 2404 suo
1081 2339 1304 2404 datum
1352 2339 1477 2403 sibi
1514 2361 1897 2422 persuasum
1937 2360 2077 2404 esse
2116 2339 2317 2404 simu-

290 2428 515 2510 lasset,
553 2428 943 2492 instructam
981 2429 1040 2491 ei
1078 2429 1384 2492 continuo
1425 2431 1489 2490 et
1526 2431 1824 2492 ornatam
1861 2427 2083 2490 Larini
2120 2429 2319 2492 medi-
2348 2447 2415 2487 25

183 2517 271 2579 64
292 2517 476 2579 cinae
525 2516 912 2580 exercendae
960 2537 1155 2580 causa
1200 2515 1543 2579 tabernam
1590 2516 1785 2579 dedit.
1876 2513 2113 2598 Unum,
2160 2517 2320 2581 alte-

289 2625 454 2684 rum,
499 2604 768 2667 tertium
817 2625 1056 2668 annum
1105 2602 1326 2667 Sassia
1365 2604 1757 2687 quiescebat,
1800 2607 1876 2668 ut
1915 2605 2081 2668 velle
2118 2609 2319 2689 atque

292 2693 518 2772 optare
568 2691 814 2774 aliquid
862 2691 1254 2756 calamitatis
1294 2691 1431 2755 filio
1470 2692 1687 2775 potius
1728 2715 1922 2776 quam
1961 2692 2029 2756 id
2066 2696 2319 2758 struere

185 2795 287 2844 179
311 2781 378 2842 et
441 2779 659 2842 moliri
723 2779 1064 2843 videretur.
1147 2779 1313 2843 Tum
1375 2780 1637 2844 interim
1703 2779 1773 2860 Q.
1828 2779 2184 2845 Hortensio
2242 2779 2319 2856 Q.

289 2865 559 2930 Metello
599 2867 992 2948 consulibuS,
1029 2872 1103 2932 ut
1137 2863 1310 2932 hunc
1337 2867 1763 2951 Oppianicum
1798 2867 1973 2932 aliud
2011 2873 2318 2954 agentem
2350 2889 2413 2929 so

291 2976 368 3019 ac
424 2954 590 3018 nihil
641 2955 777 3018 eius
825 2955 1002 3019 modi
1048 2958 1448 3041 cogitantem
1498 2957 1575 3020 ad
1624 2958 1791 3022 hanc
1838 2957 2319 3022 accusationem

291 3042 690 3126 detraheret,
760 3044 966 3108 invito
1032 3044 1376 3128 despondit
1442 3045 1503 3108 ei
1564 3046 1769 3110 filiam
1836 3067 2047 3124 suam,
2109 3047 2319 3130 illam,

290 3153 484 3215 quam
533 3153 610 3196 ex
657 3153 896 3217 genero
935 3136 1329 3216 susceperat,
1373 3137 1449 3196 ut
1484 3155 1631 3197 eum
1666 3134 1911 3217 nuptiis
1950 3133 2320 3218 adligatum

291 3221 487 3284 simul
545 3224 610 3283 et
666 3223 1047 3285 testamenti
1103 3244 1214 3306 spe
1273 3221 1644 3286 devinctum
1689 3227 1913 3306 posset
1957 3221 2196 3286 habere
2247 3223 2320 3286 in

288 3311 634 3391 potestate.
707 3308 852 3374 Hoc
896 3311 1041 3392 ipso
1085 3309 1222 3374 fere
1268 3314 1559 3394 tempore
1608 3309 1830 3375 Strato
1878 3310 1991 3374 ille
2027 3311 2316 3376 medicus
2350 3327 2408 3368 3⁵

291 3395 466 3460 domi
519 3397 766 3462 furtum
821 3397 976 3462 fecit
1028 3401 1094 3462 et
1149 3399 1411 3463 caedem
1466 3399 1604 3463 eius
1650 3398 1842 3463 modi.
1934 3397 2097 3463 Cum
2144 3403 2323 3464 esset

289 3482 361 3546 in
416 3485 680 3550 aedibus
740 3487 1119 3570 armarium,
1174 3488 1243 3551 in
1299 3509 1426 3572 quo
1475 3488 1669 3552 sciret
1716 3508 1855 3550 esse
1898 3507 2320 3552 nummorum
