2534 3875
335 207 468 272 502
617 206 716 260 DE
751 205 961 262 DOMO
1000 205 1140 260 SUA
1177 207 1278 260 AD
1316 205 1746 262 PONTIFICES
1783 204 2056 261 ORATIO

338 353 515 418 mulo
554 374 657 418 me
682 350 931 416 nescire
960 372 1054 435 ea,
1092 373 1257 436 quae
1285 350 1544 416 etiamsi
1571 350 1822 434 scirem,
1862 350 2365 433 dissimularem,

336 463 417 506 ne
472 441 621 506 aliis
665 440 1009 523 molestuS,
1062 439 1250 505 vobis
1309 441 1508 504 etiam
1553 440 1846 504 curiosus
1887 439 2171 523 viderer3
2233 441 2365 504 etsi

338 529 612 594 effluunt
674 528 885 592 multa
947 550 1026 592 ex
1088 531 1310 592 vestra
1366 527 1734 611 disciplina,
1801 549 1966 612 quae
2021 528 2224 592 etiam
2279 529 2368 592 ad

335 622 598 683 nostras
670 637 860 681 aures
924 637 1117 699 saepe
1181 621 1585 700 permanant.
1690 614 1954 681 Postem
2017 617 2230 680 teneri
2294 617 2368 680 in

337 705 739 771 dedicatione
792 709 1091 789 oportere
1145 705 1368 769 videor
1423 703 1682 770 audisse
1734 705 1994 788 templi3
2044 705 2139 769 ibi
2186 705 2365 768 enim
2393 724 2420 763 5

335 793 545 878 postis
602 798 729 876 est,
784 793 897 857 ubi
951 792 1183 877 templi
1238 793 1454 857 aditus
1501 798 1604 857 est
1649 792 1951 874 [valvaeJ.
2043 792 2366 858 Ambula-

335 883 535 948 tionis
615 885 837 965 postes
907 903 1100 946 nemo
1172 903 1482 964 umquam
1551 882 1768 946 tenuit
1835 881 1907 951 in
1979 881 2368 965 dedicando3

338 971 757 1036 simulacrum
794 973 1011 1034 autem
1052 974 1167 1034 aut
1202 992 1384 1034 aram
1421 969 1480 1033 si
1509 969 1838 1053 dedicasti,
1873 971 2014 1034 sine
2039 970 2366 1055 religione

336 1060 480 1124 loco
544 1057 791 1124 moveri
850 1061 1088 1142 potest.
1188 1055 1317 1122 Sed
1376 1058 1511 1122 iam
1573 1058 1698 1123 hoc
1764 1058 1973 1122 dicere
2036 1058 2164 1123 tibi
2225 1081 2366 1123 non

362 1147 606 1230 licebit,
652 1146 959 1230 quoniam
1002 1146 1376 1229 pontificem
1420 1151 1679 1230 postem
1722 1147 2008 1212 tenuisse
2054 1147 2302 1212 dixisti.
2394 1167 2442 1205 10

230 1214 362 1340 (ἐξ)
498 1233 905 1318 Quamquam
967 1234 1123 1319 quid
1177 1256 1302 1320 ego
1355 1234 1434 1298 de
1490 1233 1892 1300 dedicatione
1954 1235 2191 1319 loquor
2243 1240 2366 1300 aut

338 1324 495 1408 quid
539 1323 617 1388 de
663 1325 884 1388 vestro
929 1323 1069 1388 iure
1115 1327 1182 1387 et
1226 1323 1544 1408 religione
1590 1328 1832 1406 contra,
1877 1345 2075 1408 quam
2121 1346 2364 1409 propo-

228 1413 312 1476 47
337 1434 617 1489 sueram,
682 1410 990 1496 disputo?
1086 1411 1235 1497 Ego
1292 1432 1470 1495 vero,
1533 1411 1593 1475 si
1655 1413 1876 1477 omnia
1929 1413 2364 1477 sollemnibus

334 1501 569 1584 verbiS,
603 1500 933 1565 veteribus
971 1503 1038 1564 et
1072 1500 1333 1565 traditis
1361 1501 1682 1564 institutis
1712 1504 1860 1565 acta
1885 1522 2027 1564 esse
2057 1500 2363 1585 dicerem,

333 1593 554 1655 tamen
598 1610 701 1652 me
746 1589 842 1652 rei
884 1588 1184 1673 publicae
1229 1588 1370 1653 iure
1415 1588 1840 1654 defenderem.
1920 1589 2045 1672 An,
2089 1611 2240 1654 cum
2287 1594 2362 1654 tu
2393 1609 2444 1648 ιε

333 1677 473 1742 eius
528 1677 688 1742 civis
742 1676 1053 1760 discessu,
1107 1676 1288 1741 cuius
1348 1677 1539 1741 unius
1593 1699 1793 1760 opera
1847 1681 2112 1742 senatus
2160 1683 2360 1762 atque

334 1787 559 1831 omnes
604 1765 763 1831 boni
808 1764 1139 1830 civitatem
1188 1787 1331 1830 esse
1375 1765 1765 1831 incolumem
1801 1766 2046 1830 totiens
2082 1765 2360 1832 iudicas-

334 1857 506 1938 sent,
579 1875 958 1939 oppressam
1029 1855 1408 1918 taeterrimo
1482 1852 1827 1919 latrocinio
1892 1875 2038 1918 eum
2103 1854 2359 1920 duobus

334 1942 851 2009 sceleratissimis
878 1943 1255 2008 consulibus
1283 1965 1421 2007 rem
1439 1943 1769 2028 publicam
1787 1948 2060 2026 tenereS,
2088 1944 2359 2011 domum

334 2033 499 2115 eius,
554 2032 667 2115 qui
718 2031 999 2116 patriam
1056 2054 1095 2095 a
1149 2053 1218 2095 se
1275 2035 1602 2095 servatam
1655 2032 1869 2115 perire
1923 2052 2042 2096 suo
2087 2034 2357 2099 nomine
2389 2054 2448 2092 20

332 2120 679 2203 noluisset,
738 2141 856 2203 per
909 2119 1281 2203 pontificem
1336 2120 1618 2202 aliquem
1674 2119 2064 2203 dedicasses,
2129 2127 2360 2203 posset

230 2212 625 2276 123recreata
684 2228 789 2272 res
844 2207 1107 2291 publica
1161 2207 1523 2272 sustinere?
1621 2208 1795 2273 Date
1847 2208 1998 2272 huic
2050 2210 2359 2292 religioni

333 2297 611 2380 aditum,
664 2296 1033 2380 pontifices3
1088 2296 1220 2360 iam
1274 2296 1527 2360 nullum
1570 2295 1854 2361 fortunis
1898 2298 2355 2363 communibus

334 2385 578 2450 exitum
640 2385 996 2467 reperietis
1093 2384 1227 2467 An,
1297 2385 1353 2448 si
1407 2387 1662 2467 postem
1717 2385 2003 2448 tenuerit
2055 2387 2354 2468 pontifex

332 2477 400 2537 et
461 2474 663 2538 verba
736 2474 817 2538 ad
886 2473 1271 2559 religionem
1335 2472 1600 2537 deorum
1655 2472 2126 2537 immortalium
2183 2497 2356 2541 com·
2383 2495 2442 2534 25

331 2561 548 2643 posita
612 2562 694 2625 ad
756 2562 1106 2643 perniciem
1172 2560 1411 2625 civium
1465 2560 1903 2644 transtulerit,
1967 2561 2222 2626 valebit
2287 2567 2356 2629 in

330 2648 565 2713 iniuria
608 2670 845 2713 nomen
892 2649 1374 2715 sanctissimum
1411 2649 1774 2733 religionis;
1821 2648 1878 2713 si
1921 2649 2228 2715 tribunus
2265 2652 2357 2736 pl.

330 2736 547 2802 verbis
602 2758 736 2801 non
789 2737 1003 2801 minus
1057 2738 1288 2821 priscis
1345 2741 1411 2801 et
1458 2758 1659 2820 aeque
1705 2737 2134 2803 sollemnibus
2180 2740 2357 2805 bona

329 2824 686 2909 cuiuspiam
732 2826 1143 2908 consecrarit,
1187 2848 1320 2891 non
1365 2826 1654 2891 valebit?
1735 2826 1941 2909 Atqui
1985 2824 2056 2891 C.
2083 2826 2354 2893 Atinius

328 2921 588 2997 patrum
635 2914 949 2979 memoria
993 2915 1168 2978 bona
1213 2911 1288 2988 Q.
1329 2912 1598 2996 Metelli,
1643 2914 1755 2997 qui
1801 2936 1949 2978 eum
1993 2936 2074 2979 ex
2119 2921 2356 2981 senatu
2381 2935 2434 2974 30

328 3024 556 3069 censor
602 3002 897 3085 eiecerat,
942 3002 1049 3067 avi
1094 3002 1211 3083 tui,
1257 3001 1331 3077 Q.
1377 3001 1660 3081 Metelle,
1708 3004 1776 3067 et
1819 3003 1935 3085 tui,
1981 3001 2050 3067 P.
2099 3001 2355 3087 Servili,

330 3094 395 3156 et
448 3090 676 3174 proavi
730 3090 854 3172 tui,
907 3088 981 3155 P.
1007 3087 1248 3174 ScipiO,
1304 3092 1705 3156 consecravit
1755 3090 1974 3155 foculo
2019 3092 2238 3174 posito
2285 3094 2356 3158 in

328 3179 559 3245 rostris
635 3178 1055 3263 adhibitoque
1127 3179 1410 3244 tibicine.
1521 3176 1689 3253 Quid
1755 3179 1942 3243 tum?
2013 3202 2172 3245 num
2239 3182 2356 3247 ille

326 3266 508 3332 furor
582 3266 832 3331 tribuni
894 3267 981 3349 pl.
1044 3268 1274 3332 ductus
1341 3288 1417 3330 ex
1480 3289 1610 3331 non
1674 3267 1876 3331 nullis
1939 3274 2356 3351 perveterum

328 3358 695 3437 temporum
745 3356 1053 3438 exemplis
1099 3354 1311 3419 fraudi
1347 3354 1615 3420 Metello
1659 3354 1804 3437 fuit,
1849 3378 2103 3421 summo
2146 3358 2250 3422 illi
2286 3362 2356 3423 et
2383 3376 2434 3415 ³5

224 3442 690 3506 124elarissimo
746 3443 934 3508 viro?
1007 3442 1199 3508 Certe
1254 3464 1390 3507 non
1440 3442 1585 3507 fuit.
1661 3442 1962 3509 Vidimus
2009 3444 2134 3511 hoc
2178 3446 2354 3513 idem

328 3526 441 3592 Cn.
486 3528 765 3595 Lentulo
832 3532 1082 3596 censori
1132 3531 1463 3594 tribunum
1520 3532 1606 3615 pl.
1652 3532 1883 3598 facere.
1992 3531 2166 3599 Num
2225 3557 2362 3619 qua
