2534 3875
753 170 908 224 cAP.
947 177 1161 227 41-43
1201 177 1231 235 ἓ
1277 178 1575 227 116—121.
2039 176 2171 239 145

105 312 310 378 huius
373 312 774 379 defensionis
830 313 1062 380 relicta
1105 337 1315 400 neque
1363 315 1744 399 cuiusquam
1799 320 1915 381 aut
1962 318 2171 405 digni-

109 407 218 466 tas
267 402 460 467 laesa
509 406 624 467 aut
672 402 960 467 amicitia
1005 404 1256 469 violata
1305 426 1445 469 esse
1491 404 1808 469 videatur.

249 489 468 555 Video
526 490 758 575 igitur,
812 491 1084 576 iudiceS,
1146 491 1688 557 animadvertisse
1736 514 2035 559 censores
2080 496 2149 561 in
2173 513 2277 561 119

109 578 372 643 iudices
404 579 720 662 quosdam
748 580 931 643 illius
962 579 1218 645 consilii
1245 580 1522 665 Iuniani,
1551 603 1698 645 cum
1726 581 1925 645 istam
1953 581 2169 667 ipsam

59 682 86 723 ⁵
115 688 398 732 causam
457 667 960 732 subscriberent.
1065 667 1193 733 Hic
1264 668 1433 733 illud
1486 669 1768 753 primum
1829 690 2171 737 commune

109 775 514 840 proponam,
549 777 905 839 numquam
945 756 1619 821 animadversionibus
1658 758 1969 822 censoriis
1998 758 2169 825 hanc

111 842 466 908 civitatem
512 843 610 908 ita
649 847 1023 909 contentam
1061 848 1136 908 ut
1173 845 1369 909 rebus
1407 846 1709 911 iudicatis
1746 844 1967 910 fuisse.
2039 847 2170 912 Ne-

114 952 252 1016 que
299 931 373 994 in
418 953 488 995 re
533 936 694 997 nota
740 954 1120 998 consumam
1168 937 1456 1019 tempus3
1505 934 1785 1017 exempli
1826 956 2021 999 causa
2057 958 2171 1020 po·

111 1041 286 1083 nam
330 1041 533 1083 unum
568 1020 760 1102 illud,
808 1020 878 1085 O.
925 1020 1180 1104 Getam,
1228 1043 1373 1086 cum
1422 1044 1461 1086 a
1506 1021 1577 1087 L.
1623 1021 1894 1087 Metello
1941 1028 2010 1088 et
2055 1024 2171 1089 Cn.

39 1125 88 1164 10
115 1107 425 1172 Domitio
475 1108 855 1174 censoribus
905 1131 983 1173 ex
1029 1113 1260 1175 senatu
1308 1110 1549 1175 eiectus
1599 1114 1788 1194 esset,
1837 1133 2173 1177 censorem

118 1217 273 1260 esse
332 1195 550 1278 ipsum
609 1202 841 1281 postea
897 1197 1172 1281 factum,
1235 1200 1326 1280 et,
1387 1199 1567 1263 cuius
1624 1221 1840 1263 mores
1900 1204 2087 1265 erant
2132 1224 2173 1266 a

119 1284 511 1349 censoribus
557 1285 961 1369 reprehensi,
1017 1286 1188 1350 hunc
1234 1289 1467 1370 postea
1506 1290 1572 1351 et
1617 1288 1846 1372 populi
1890 1288 2173 1354 Romani

120 1376 197 1436 et
263 1394 515 1457 eorum,
589 1373 700 1456 qui
763 1373 833 1437 in
895 1374 1112 1458 ipsum
1178 1375 1803 1458 animadverterant,
1877 1378 2172 1443 moribus

119 1460 511 1545 praefuisse.
590 1460 835 1537 Quodsi
879 1462 1044 1527 illud
1090 1462 1399 1527 iudicium
1445 1467 1805 1547 putaretur,
1849 1468 1926 1527 ut
1972 1467 2173 1530 ceteri

41 1566 90 1607 15
119 1549 311 1633 turpi
368 1550 603 1615 iudicio
660 1550 954 1615 damnati
1009 1551 1076 1615 in
1133 1554 1524 1635 perpetuum
1582 1552 1759 1615 omni
1804 1550 2051 1617 honore
2100 1576 2174 1618 ac

124 1638 458 1721 dignitate
511 1638 884 1723 privantur,
945 1639 1040 1704 sic
1093 1638 1467 1704 hominibus
1513 1639 1878 1724 ignominia
1920 1642 2172 1705 notatis

121 1746 341 1809 neque
407 1726 490 1790 ad
553 1726 866 1792 honorem
934 1727 1147 1792 aditus
1213 1749 1421 1812 neque
1486 1728 1555 1790 in
1621 1727 1869 1792 curiam
1920 1729 2169 1793 reditus

125 1816 320 1878 esset.
411 1812 623 1899 Nunc,
671 1815 726 1879 si
775 1837 965 1899 quem
1013 1814 1126 1881 Cn.
1157 1814 1423 1880 Lentuli
1470 1818 1584 1879 aut
1628 1815 1700 1880 L.
1740 1814 1914 1879 Gelli
1960 1816 2152 1880 liber·
2177 1834 2281 1883 120

123 1905 238 1967 tus
285 1902 446 1968 furti
493 1903 960 1987 condemnarit,
1005 1904 1062 1968 is
1111 1904 1415 1970 omnibus
1464 1905 1864 1969 ornamentis
1912 1904 2173 1970 amissis

43 2009 98 2050 2⁰
124 2013 489 2076 numquam
543 1993 750 2057 ullam
801 1993 1166 2058 honestatis
1228 2014 1383 2058 suae
1429 1997 1689 2077 partem
1734 1994 2172 2077 recuperabit3

129 2101 294 2163 quos
341 2083 559 2144 autem
606 2082 749 2164 ipse
792 2080 865 2145 L.
913 2081 1164 2146 Gellius
1211 2085 1281 2146 et
1328 2079 1440 2146 Cn.
1477 2081 1814 2165 LentuluS,
1862 2081 1987 2146 duo
2027 2103 2174 2146 cen-

129 2190 332 2251 soreS,
371 2169 720 2233 clarissimi
756 2169 880 2234 viri
919 2169 1513 2254 sapientissimique
1550 2169 1871 2252 homineS,
1906 2169 2068 2233 furti
2106 2175 2173 2235 et

129 2260 474 2339 captarum
511 2257 934 2340 pecuniarum
970 2258 1232 2322 nomine
1268 2262 1682 2341 notaverunt,
1719 2257 1769 2321 ii
1804 2279 1938 2322 non
1976 2259 2171 2323 modo

127 2344 198 2408 in
235 2348 538 2410 senatum
567 2345 915 2429 redierunt,
954 2346 1065 2410 sed
1104 2346 1303 2410 etiam
1341 2346 1654 2410 illarum
1635 2368 1925 2429 ipsarum
1954 2368 2170 2411 rerum

46 2449 98 2490 25
125 2432 384 2498 iudiciis
455 2434 741 2499 absoluti
805 2438 976 2500 sunt.
1066 2433 1413 2498 Neminem
1470 2434 1819 2498 voluerunt
1886 2434 2168 2499 maiores
2191 2435 2279 2500 43

123 2521 342 2586 nostri
395 2543 529 2586 non
575 2522 769 2587 modo
818 2523 896 2586 de
943 2522 1423 2587 existimatione
1469 2523 1876 2605 cuiusquam,
1932 2523 2045 2587 sed
2090 2545 2173 2588 ne

123 2610 509 2693 pecuniaria
565 2610 825 2694 quidem
882 2611 959 2675 de
1013 2633 1084 2675 re
1140 2611 1413 2675 minima
1468 2632 1610 2674 esse
1665 2610 1971 2694 iudicem,
2041 2613 2174 2678 nisi

125 2698 240 2780 qui
288 2698 461 2763 inter
509 2698 914 2763 adversarios
963 2699 1389 2764 convenisset.
1474 2697 1889 2783 Quapropter
1924 2700 1994 2763 in
2041 2723 2173 2766 om-

123 2786 322 2850 nibus
371 2786 653 2871 legibus,
701 2788 934 2872 quibus
982 2791 1323 2872 exceptum
1372 2791 1501 2870 est,
1549 2787 1627 2850 de
1676 2787 1909 2871 quibus
1958 2789 2171 2853 causis

47 2892 98 2932 ³0
125 2878 247 2938 aut
301 2875 764 2960 magistratum
824 2897 1054 2960 capere
1109 2897 1242 2941 non
1297 2875 1493 2940 liceat
1548 2878 1665 2940 aut
1711 2875 1990 2940 iudicem
2037 2876 2172 2962 legi

125 2966 246 3027 aut
292 2962 572 3028 alterum
621 2986 966 3065 accusare&
987 2964 1150 3028 haec
1194 2963 1595 3049 ignominiae
1644 2986 1840 3029 causa
1884 2970 2173 3049 praeter-

125 3052 334 3116 missa
363 3055 480 3116 est.
545 3051 826 3117 Timoris
867 3052 1039 3117 enim
1077 3072 1357 3135 causam,
1402 3074 1538 3116 non
1572 3053 1746 3117 vitae
1783 3074 2063 3137 poenam
2101 3052 2171 3116 in

123 3140 248 3203 illa
290 3142 622 3223 potestate
670 3163 810 3206 esse
856 3141 1218 3206 voluerunt.
1283 3139 1517 3225 Itaque
1562 3163 1697 3205 non
1734 3141 1949 3205 solum
1985 3139 2153 3203 illud
2175 3155 2271 3203 121

125 3228 490 3312 ostendam,
537 3229 707 3312 quod
753 3229 887 3294 iam
934 3229 1188 3309 videtis,
1233 3229 1462 3312 populi
1506 3228 1790 3293 Romani
1836 3227 2169 3309 suffragiis

55 3332 98 3374 ³⁵
126 3337 594 3400 saepenumero
670 3319 998 3382 censorias
1066 3316 1581 3401 subscriptiones
1648 3338 1789 3380 esse
1856 3315 2168 3397 sublataS,

122 3427 356 3470 verum
395 3406 594 3469 etiam
632 3405 889 3471 iudiciis
928 3427 1169 3488 eorum,
1208 3405 1321 3489 qui
1357 3405 1556 3469 iurati
1595 3407 1881 3468 statuere
1919 3401 2167 3466 maiore

125 3515 274 3558 cum
339 3492 659 3579 religione
721 3498 788 3559 et
844 3493 1187 3579 diligentia
1241 3491 1621 3558 debuerunt.
1722 3489 2016 3554 Primum
2074 3489 2169 3552 iu-

234 3604 346 3648 010.
375 3607 440 3647 11.
469 3607 496 3647 2
1780 3597 1845 3647 10
