2534 3875
855 166 1008 220 CAP.
1043 171 1181 218 1-4
1220 171 1250 230 ξ
1282 172 1475 220 3—10.
2078 164 2201 228 181

309 309 454 376 Hoc
491 332 645 375 vero
683 310 864 375 cuius
901 309 1079 373 modi
1108 313 1226 393 est,
1264 309 1439 393 quod
1466 310 1603 374 eius
1635 309 1973 393 auctionis,
2012 332 2206 393 quam

175 400 602 483 constituunt,
638 400 854 463 locum
885 397 1014 462 sibi
1041 398 1297 461 nullum
1327 398 1689 462 definiunt?
1752 396 1930 462 Nam
1967 397 2207 463 decem—

175 488 362 572 viris,
423 486 658 571 quibus
723 486 795 550 in
858 486 1022 550 locis
1083 486 1246 570 ipsis
1313 486 1639 570 videatur,
1696 485 2015 550 vendendi
2066 489 2208 570 pot-

178 581 350 641 estas
415 576 563 660 lege
617 574 1037 659 permittitur.
1129 572 1523 639 Censoribus
1579 573 1929 658 vectigalia
1990 574 2208 639 locare

125 682 150 723 5
175 664 306 729 nisi
361 665 433 728 in
489 667 840 747 conspectu
885 661 1115 747 populi
1160 660 1440 727 Romani
1485 684 1621 727 non
1665 662 1851 745 licet;
1909 662 2013 725 his
2058 684 2209 726 ven-

177 753 325 817 dere
372 753 478 816 vel
534 752 603 815 in
657 750 906 815 ultimis
952 749 1143 814 terris
1189 750 1460 815 licebit?
1550 749 1644 813 At
1687 750 1812 816 1106
1859 750 2059 814 etiam
2103 772 2209 815 ne-

176 840 477 926 quissimi
528 840 826 905 homines
882 838 1287 923 consumptis
1341 838 1756 923 patrimoniis
1801 838 2076 922 faciunt,
2132 842 2207 903 ut

175 932 244 993 in
309 928 498 993 atriis
565 927 986 992 auctionariis
1051 926 1269 1010 potius
1328 949 1523 1011 quam
1580 927 1651 991 in
1703 926 1916 992 triviis
1973 931 2088 991 aut
2140 927 2209 991 in

177 1016 484 1101 compitis
545 1015 1030 1097 auctionentur;
1083 1014 1191 1079 1116
1235 1015 1563 1099 permittit
1610 1037 1727 1080 sua
1774 1016 1919 1101 lege
1966 1015 2211 1080 decem-

101 1124 150 1162 10
177 1106 354 1183 viriS,
400 1108 494 1189 ut,
538 1105 609 1168 in
647 1104 880 1187 quibus
919 1102 1329 1168 commodum
1367 1104 1455 1167 sit
1490 1103 1793 1187 tenebris,
1837 1108 1931 1187 ut,
1974 1104 2041 1167 in
2082 1126 2212 1187 qua

176 1195 384 1258 velint
439 1191 809 1276 solitudine,
864 1192 1037 1256 bona
1092 1189 1322 1275 populi
1365 1190 1647 1256 Romani
1692 1192 1949 1275 possint
1996 1192 2211 1257 diven-

180 1282 346 1348 dere.
438 1280 583 1345 Iam
626 1281 747 1344 illa
793 1280 1094 1343 omnibus
1138 1279 1210 1343 in
1253 1279 1635 1364 provinciis,
1690 1280 1937 1365 regnis,
1982 1280 2209 1345 liberis

178 1369 439 1455 populis
489 1392 685 1453 quam
733 1370 992 1451 acerba,
1040 1390 1235 1452 quam
1280 1366 1731 1450 formidolosa,
1760 1390 1975 1453 (11111111
2023 1390 2213 1452 quae-

181 1462 407 1523 stuosa
445 1457 855 1522 concursatio
892 1455 1341 1521 decemviralis
1376 1455 1598 1520 futura
1627 1455 1731 1539 sit,
1768 1477 1903 1520 non
1930 1456 2212 1521 videtis?

101 1564 150 1604 15
179 1546 637 1611 Hereditatum
684 1544 1131 1610 obeundarum
1176 1566 1373 1609 causa
1419 1544 1653 1628 quibus
1692 1565 1807 1607 vos
1845 1545 2213 1629 legationes

179 1635 476 1719 dedistis,
533 1633 643 1718 (1111
699 1637 766 1697 et
821 1632 1064 1716 privati
1109 1636 1175 1697 et
1219 1631 1549 1716 privatum
1596 1631 1677 1695 ad
1726 1634 2065 1717 negotium
2112 1654 2213 1696 ex-

178 1725 395 1788 ierunt
450 1744 584 1787 non
635 1721 936 1786 maximis
985 1722 1217 1806 opibus
1265 1741 1475 1804 neque
1513 1742 1770 1784 summa
1820 1720 2212 1785 auctoritate

177 1811 488 1897 praediti,
533 1814 756 1874 tamen
802 1809 1042 1873 auditis
1087 1807 1412 1894 profect0,
1462 1830 1660 1891 quam
1708 1828 1939 1893 graves
1988 1829 2213 1873 eorum

179 1900 496 1966 adventus
553 1899 745 1965 sociis
799 1898 1046 1963 nostris
1103 1918 1244 1963 esse
1300 1897 1573 1964 soleant.
1665 1894 1876 1972 Quam
1933 1896 2017 1962 ob
2074 1918 2211 1962 rem

99 2006 152 2045 20
179 1989 336 2074 quid
402 1989 655 2073 putatis
723 1986 1096 2072 impendere
1157 1987 1283 2051 hac
1347 1987 1494 2071 lege
1550 1985 1849 2051 omnibus
1908 1985 2213 2071 gentibus

177 2079 451 2142 terroris
500 2081 566 2141 et
612 2077 786 2157 mali,
831 2097 978 2140 611111
1023 2075 1468 2139 immittantur
1513 2074 1585 2138 in
1631 2074 1857 2138 orbem
1893 2078 2215 2138 terrarum

179 2165 533 2231 decemviri
587 2186 842 2229 summo
898 2186 1046 2228 cum
1093 2163 1395 2247 imperio,
1442 2184 1697 2226 summa
1744 2183 1889 2226 cum
1936 2162 2216 2226 avaritia

177 2255 566 2337 infinitaque
633 2254 921 2318 omnium
984 2273 1201 2315 rerum
1263 2250 1664 2334 cupiditate?
1729 2271 2004 2334 quorum
2068 2271 2217 2314 cum

181 2342 502 2407 adventus
569 2362 800 2427 graves
811 2390 830 2424 ,
895 2362 1041 2404 cum
1095 2340 1307 2404 fasces
1360 2338 1800 2419 formidolosi,
1861 2342 2006 2402 tum
2059 2359 2214 2403 vero

99 2447 152 2488 25
180 2431 493 2495 iudicium
549 2451 624 2495 ac
677 2433 969 2513 potestas
1026 2428 1152 2492 erit
1204 2449 1339 2492 non
1391 2426 1685 2511 ferenda3
1737 2426 1965 2491 licebit
2022 2427 2215 2510 enim,

181 2519 357 2603 quod
422 2518 774 2602 videbitur,
837 2516 1171 2601 publicum
1235 2515 1549 2598 iudicare,
1614 2514 1785 2598 quod
1849 2514 2217 2594 iudicarint,

180 2606 478 2672 vendere.
567 2605 792 2670 Etiam
847 2604 1043 2686 illud,
1099 2604 1272 2688 quod
1326 2604 1623 2668 homines
1680 2603 1892 2668 sancti
1944 2624 2080 2668 non
2116 2603 2217 2669 fa-

181 2695 374 2778 cient,
419 2697 496 2759 ut
539 2693 882 2778 pecuniam
919 2692 1261 2775 accipiant,
1306 2713 1387 2756 ne
1423 2692 1728 2775 vendant,
1771 2695 1991 2756 tamen
2028 2692 2096 2756 id
2132 2692 2216 2757 iis

180 2785 401 2867 ipsum
445 2804 562 2866 per
608 2783 823 2867 legem
869 2781 1109 2847 licebit.
1188 2779 1360 2845 Hinc
1404 2801 1524 2846 vos
1572 2802 1733 2864 quas
1772 2780 2220 2864 spoliationeS,

99 2889 156 2928 ³0
185 2893 350 2956 quas
399 2870 732 2953 pactiones
743 2921 760 2953 ,
816 2892 1013 2954 quam
1059 2868 1335 2952 denique
1381 2869 1451 2932 in
1498 2869 1798 2934 omnibus
1844 2868 2007 2934 locis
2052 2890 2217 2933 nun-

184 2959 589 3025 dinationem
633 2959 794 3023 iuris
841 2980 917 3022 ac
951 2959 1364 3022 fortunarum
1397 2956 1539 3021 fore
1575 2957 1868 3041 putatis?
1931 2955 2217 3040 Etenim,
2257 2965 2325 3022 m

183 3047 358 3132 quod
423 3048 752 3130 superiore
807 3048 996 3130 parte
1050 3045 1218 3130 legis
1274 3045 1691 3129 praefinitum
1744 3044 1897 3124 fuit,
1960 3042 2217 3108 ‘SULLA

181 3154 275 3202 ET
312 3135 635 3201 Pomrmo
666 3132 1142 3217 consumssus',
1179 3134 1246 3198 id
1285 3155 1509 3198 rursus
1548 3132 1828 3197 liberum
1863 3131 2215 3195 infinitum-

185 3246 312 3308 que
357 3223 668 3288 fecerunt.
739 3222 931 3288 Iubet
967 3223 1142 3286 enim
1179 3221 1439 3286 eosdem
1477 3221 1875 3285 decemviros
1913 3219 2215 3284 omnibus
2254 3222 2299 3284 4

103 3329 154 3371 35
187 3313 365 3398 agris
421 3311 702 3395 publicis
757 3310 1121 3395 pergrande
1166 3310 1452 3395 vectigal
1498 3309 1865 3391 imponere,
1923 3310 1999 3370 ut
2044 3306 2218 3372 idem

184 3403 444 3484 possint
508 3403 575 3464 et
635 3399 916 3464 liberare
981 3419 1203 3483 agros,
1267 3419 1431 3483 quos
1496 3395 1907 3461 commodum
1953 3394 2069 3479 sit,
2134 3400 2219 3474 et,

185 3511 350 3574 quos
405 3488 568 3571 ipsis
615 3487 846 3571 libeat,
900 3486 1254 3571 publicare.
1348 3485 1489 3560 Quo
1536 3484 1605 3546 in
1650 3482 1887 3547 iudicio
1933 3483 2219 3566 perspici
