2534 3875
315 143 446 207 212
775 142 872 196 DE
912 140 1102 197 LEGE
1140 139 1469 196 AGRARIA
1506 138 1779 196 ORATIO
1818 140 1886 197 11.

313 286 970 388 quaestuosissimam
992 307 1067 351 ac
1103 285 1551 370 turpissimam
1589 288 2023 350 mercaturam
2053 284 2345 349 alienam

315 376 565 442 actione
623 374 998 457 tribunicia,
1065 375 1341 439 alienam
1402 373 1720 458 dignitate
1776 374 2000 458 populi
2054 372 2346 437 Romani

211 481 277 530 66
317 485 572 549 semper
624 464 869 548 putavi.
966 461 1157 527 Iubet
1202 467 1417 563 ‘agros
1474 461 1618 525 emi.
1718 460 2009 525 Primum
2076 482 2343 545 quaem,

317 573 480 636 quos
535 572 729 637 agros
787 555 853 615 et
909 550 1142 634 quibus
1197 550 1268 614 in
1321 549 1500 616 locis.
1596 547 1772 614 Nolo
1830 570 2213 635 suspensam
2271 552 2343 613 et

311 641 627 706 incertam
679 639 935 723 plebem
980 638 1345 704 Romanam
1400 638 1678 703 obscura
1722 658 1837 722 spe
1884 642 1951 702 et
1994 658 2185 703 caeca
2231 659 2340 702 ex·
2374 654 2407 695 5

315 728 713 812 spectatione
770 726 1062 812 pendere.
1136 726 1529 791 Albanusa
1578 748 1648 791 er
1693 729 1819 810 est,
1875 724 2153 808 Setinus,
2201 724 2341 790 Pri·

312 837 573 901 vemaS,
654 814 1028 897 Fundanus,
1100 813 1446 898 Vescinus,
1490 747 1873 898 affalernuffi
1945 812 2340 898 Literninus,

314 867 662 986 Cumarius,
709 901 1051 968 Casilinas.
1145 902 1377 967 Audio.
1451 902 1557 967 Ab
1606 902 1738 968 alia
1782 905 1975 988 porta
2022 900 2341 986 Capenas,

314 991 626 1075 FaliscuS,
663 989 940 1055 Sabinus
970 1012 1144 1077 ager,
1172 990 1505 1075 Reatinus,
1531 990 1961 1073 VenafranuS,
1988 989 2341 1074 AllifanuS,

314 1080 740 1145 Trebulanus.
803 1078 1025 1143 Habes
1063 1082 1319 1144 tantam
1350 1079 1703 1162 pecuniam,
1741 1101 1869 1163 qua
1897 1078 2093 1143 hosce
2123 1078 2338 1144 omnis
2374 1096 2434 1135 ιο

315 1189 508 1253 agros
545 1171 612 1231 et
648 1170 898 1233 ceteros
934 1167 1166 1233 horum
1197 1167 1430 1231 similis
1458 1188 1593 1233 non
1622 1166 1813 1233 modo
1844 1188 2073 1250 emere,
2110 1188 2341 1232 verum

315 1256 514 1320 etiam
577 1276 956 1321 coacervare
1019 1255 1258 1340 possis3
1317 1278 1433 1321 cur
1495 1277 1605 1321 eos
1659 1276 1792 1320 non
1847 1254 2074 1320 definis
2129 1276 2342 1339 neque

314 1344 640 1427 nomina8‚
685 1347 759 1409 ut
803 1345 1038 1409 saltem
1086 1344 1444 1409 deliberare
1492 1344 1715 1429 plebes
1762 1342 2061 1409 Romana
2104 1342 2342 1427 possit,

314 1431 470 1517 quid
495 1431 756 1497 intersit
783 1452 919 1516 sua,
947 1432 1101 1517 quid
1129 1432 1448 1514 expediat,
1478 1438 1795 1517 quantum
1813 1431 1939 1496 tibi
1957 1431 2030 1496 in
2050 1431 2342 1496 emendis

316 1523 381 1585 et
425 1521 496 1584 in
530 1519 880 1585 vendendis
917 1521 1109 1586 rebus
1149 1520 1681 1585 committendum
1719 1520 1949 1605 putet?
2016 1518 2343 1605 ‘Definio',
2377 1536 2433 1577 15

313 1608 544 1693 inquit,
580 1607 908 1674 ‘Italiam'.
971 1606 1146 1673 Satis
1184 1612 1363 1673 certa
1399 1608 1598 1693 regio.
1661 1607 1925 1673 Etenim
1953 1608 2345 1692 quantulum

313 1698 616 1781 interest,
673 1700 892 1762 utrum
944 1696 1013 1761 in
1068 1695 1334 1761 Massici
1388 1695 1662 1778 radices,
1718 1718 1803 1760 an
1856 1696 1925 1761 in
1978 1696 2021 1775 †
2074 1695 2345 1761 Italiam

209 1800 276 1851 67
315 1784 525 1850 aliove
588 1748 1036 1849 deducamini?
1128 1784 1301 1870 Age,
1364 1806 1496 1850 non
1550 1748 1777 1849 definis
1831 1784 2077 1868 locum3
2142 1784 2343 1870 quid?

313 1877 618 1939 naturam
677 1872 861 1958 agri?
936 1870 1180 1956 Vero',
1233 1872 1464 1988 inquit,
1511 1872 1656 1952 QUI
1710 1890 1923 1939 ARARI
1979 1890 2116 1940 AUT
2174 1889 2346 1940 com

314 1961 592 2028 Possrr'.
663 1959 810 2037 Qui
855 1961 1066 2045 possit
1112 1961 1328 2045 arari',
1374 1962 1613 2046 inquit,
1652 1961 1790 2027 ‘aut
1836 1960 2004 2044 coli',
2050 1983 2184 2028 non
2230 1962 2345 2046 qui
2373 1980 2433 2020 2⁰

315 2055 537 2115 aratus
585 2053 700 2115 aut
745 2049 957 2115 cultus
1006 2049 1110 2114 sit.
1193 2049 1433 2117 Utrum
1478 2050 1639 2114 haec
1684 2052 1790 2115 lex
1836 2055 1937 2115 est
1982 2073 2067 2116 an
2111 2050 2348 2115 tabula

314 2137 706 2202 Veratianae
771 2137 1135 2203 auctionis?
1202 2139 1271 2202 in
1327 2161 1454 2223 qua
1508 2137 1821 2222 scriptum
1875 2137 2077 2202 fuisse
2132 2138 2344 2203 aiunt:

317 2225 608 2292 ‘IUGERA
639 2243 742 2306 00,
769 2244 845 2290 IN
874 2241 1127 2303 QUIBUS
1158 2242 1517 2292 OLIVETUM
1546 2243 1734 2291 FIERI
1762 2243 2053 2311 Po'rEs'r,
2082 2243 2347 2292 IUGERA

317 2331 472 2397 cce,
531 2332 649 2379 um
705 2331 1010 2380 msrrrm
1069 2331 1329 2379 vmmn
1388 2314 1741 2380 Posstm‘r'.
1831 2313 1976 2381 Hoc
2028 2319 2104 2380 tu
2166 2336 2346 2380 emes

315 2403 448 2466 ista
481 2401 942 2466 innumerabili
986 2403 1277 2486 pecunia,
1325 2403 1495 2486 quod
1542 2404 1715 2468 arari
1762 2407 1876 2468 aut
1920 2403 2048 2468 coli
2084 2403 2348 2487 possit?
2376 2421 2433 2462 2⁵

315 2487 501 2564 Quod
555 2490 768 2555 solum
822 2493 962 2554 tam
1019 2490 1184 2555 exile
1240 2494 1307 2554 et
1362 2513 1651 2555 macrum
1708 2496 1833 2575 est,
1891 2491 2064 2575 quod
2119 2495 2346 2557 aratro

314 2576 671 2662 perstringi
743 2599 875 2642 non
949 2577 1183 2661 possit,
1258 2581 1372 2642 aut
1438 2580 1608 2662 quod
1672 2583 1773 2644 est
1833 2583 1973 2644 tam
2040 2601 2346 2664 asperum

318 2667 640 2747 saxetum,
703 2664 771 2728 in
838 2686 963 2748 quo
987 2666 1469 2780 agricolarum
1533 2669 1745 2733 cultus
1809 2689 1941 2732 non
2006 2668 2347 2734 elaboret?

318 2749 631 2835 ‘Idcirco',
693 2751 930 2836 inquit,
987 2751 1202 2837 ‘agros
1258 2755 1595 2820 nominare
1648 2777 1783 2822 non
1839 2778 2133 2841 possum,
2191 2756 2349 2840 quia

316 2842 588 2923 tangam
632 2839 889 2904 nullum
933 2841 1016 2905 ab
1062 2841 1314 2907 invito'.
1405 2841 1574 2927 Hoc,
1622 2842 1935 2928 Quirites,
1982 2845 2193 2909 multo
2243 2848 2346 2910 est
2374 2863 2432 2902 30

319 2927 789 3028 quaestuosius,
826 2951 1021 3013 quam
1059 2929 1116 2994 si
1153 2931 1236 2994 ab
1274 2931 1481 2996 invito
1521 2937 1830 3016 sumeret,
1866 2932 2141 2998 inibitur
2170 2932 2347 2998 enim

317 3015 486 3080 ratio
535 3019 840 3099 quaestus
889 3017 966 3082 de
1005 3021 1222 3083 vestra
1256 3019 1547 3104 pecunia,
1594 3024 1659 3085 et
1695 3024 1837 3086 tum
1876 3022 2151 3105 denique
2188 3043 2349 3108 ager

319 3107 593 3187 emetur,
639 3126 786 3169 cum
831 3104 1004 3170 idem
1049 3107 1345 3190 expediet
1392 3109 1671 3191 emptori
1717 3114 1783 3174 et
1828 3110 2167 3175 venditori.

212 3169 300 3295 253
455 3191 579 3257 Sed
624 3191 838 3257 videte
884 3193 1018 3258 vim
1062 3193 1227 3280 legis
1277 3196 1590 3281 agrariae.
1672 3195 1773 3262 Ne
1819 3197 1879 3262 ei
1917 3198 2195 3284 quidem,
2234 3199 2349 3284 qui

249 3247 514 3365 8agros
561 3281 856 3364 publicos
895 3282 1248 3367 possident,
1286 3283 1595 3350 decedent
1630 3285 1707 3349 de
1744 3286 2172 3369 possessione,
2219 3287 2349 3353 nisi
2376 3301 2435 3344 ³⁵

321 3371 510 3432 erunt
565 3368 822 3434 deducti
879 3371 1129 3455 optima
1183 3372 1556 3437 condicione
1613 3377 1680 3437 et
1724 3373 1997 3457 pecunia
2042 3375 2350 3442 maxima.

321 3453 648 3522 Conversa
710 3460 899 3524 ratio.
1001 3460 1241 3545 Antea,
1309 3482 1456 3525 cum
1522 3466 1664 3526 erat
1724 3484 1763 3526 a
1821 3462 2085 3528 tribuno
2130 3464 2351 3550 plebis
