2534 3875
295 158 427 222 332
852 158 995 214 PRO
1034 159 1095 214 L.
1132 159 1446 214 MURENA
1485 159 1779 216 ORATIO.

294 306 619 368 terrarum
674 303 1046 388 imperium,
1098 303 1213 368 ubi
1268 304 1381 368 ille
1443 308 1632 370 esset.
1721 302 1936 369 Huius
1988 304 2059 370 in
2115 308 2330 370 morte

296 391 683 456 celebranda
727 392 1016 476 graviter
1060 391 1217 455 tulit
1262 392 1544 477 populus
1591 392 1929 458 Romanus
1974 392 2146 458 hanc
2181 415 2332 477 per-

192 503 258 552 76
296 501 553 544 versam
574 479 963 564 sapientiam
982 479 1364 564 TuberoniS,
1391 481 1610 564 itaque
1628 481 1826 546 homo
1847 481 2332 566 integerrimuS,

298 567 457 633 civis
505 569 791 652 optimus
802 618 821 652 ,
868 590 1017 633 cum
1063 572 1237 632 esset
1279 567 1353 632 L.
1398 568 1588 633 Pauli
1622 590 1853 654 nepos,
1898 569 1967 634 Ρ.
2013 569 2332 654 Africani,

296 660 374 720 ut
417 655 577 739 dixi,
624 657 867 721 sororis
911 655 1086 720 filius
1096 705 1115 740 ‚
1158 655 1263 721 his
1309 655 1604 722 haedinis
1650 657 1972 742 pelliculis
2017 661 2332 742 praetura
2389 675 2420 717 5

299 743 582 809 deiectus
640 749 758 809 est.
849 743 1004 809 Odit
1055 744 1339 829 populus
1385 744 1720 810 Romanus
1764 741 2093 832 privatam
2138 746 2333 811 luxu-

298 831 483 916 riam,
528 832 861 917 publicam
906 833 1464 917 magnificentiam
1510 833 1754 918 diligit3
1796 855 1932 899 non
1966 837 2148 898 amat
2181 856 2334 918 pro-

297 920 479 985 fusas
536 921 791 1004 epulas,
848 920 1069 985 sordes
1125 924 1191 984 et
1236 921 1784 986 inhumanitatem
1831 924 2037 988 multo
2085 921 2335 1006 minus;

300 1009 649 1094 distinguit
710 1009 965 1073 ratione
1031 1007 1394 1077 officiorum
1451 1031 1525 1075 ac
1581 1013 1950 1095 temporum
2005 1010 2334 1076 vicissitu-

298 1097 515 1161 dinem
560 1096 805 1161 laboris
852 1119 927 1163 ac
973 1097 1348 1181 voluptatis.
1391 1089 1615 1196 [Nam
1663 1099 1836 1182 quod
1881 1099 1980 1163 ais
2025 1099 2212 1164 nulla
2255 1121 2333 1163 re
2365 1117 2420 1158 ιο

188 1183 303 1234 s
299 1184 477 1248 allici
555 1184 893 1249 hominum
991 1188 1243 1250 mentes
1335 1189 1636 1270 oportere
1709 1187 1818 1252 ad·
1865 1187 2336 1272 magistratum

300 1271 753 1338 mandandum·
776 1273 907 1337 nisi
942 1273 1278 1359 dignitate,
1323 1274 1449 1339 hoc
1485 1280 1560 1338 tu
1596 1275 1754 1360 ipse,
1798 1274 1867 1339 in
1905 1297 2033 1360 quo
2072 1297 2336 1340 summa

300 1363 403 1424 est
456 1360 772 1446 dignitas,
836 1383 970 1426 non
1025 1383 1264 1427 servas.
1364 1361 1496 1427 Cur
1552 1365 1724 1426 enim
1780 1385 2203 1448 quemquam,
2253 1369 2336 1429 ut

300 1447 558 1514 studeat
601 1449 752 1533 tibi,
798 1453 872 1513 ut
916 1453 983 1514 te
1031 1450 1322 1534 adiuvet,
1369 1451 1609 1536 rogas?
1697 1450 1922 1537 Rogas
1966 1455 2041 1516 tu
2087 1474 2208 1536 me,
2253 1457 2336 1518 ut

300 1536 463 1601 mihi
489 1538 757 1622 praesiS,
793 1541 869 1602 ut
896 1541 1306 1603 committam
1336 1559 1458 1624 ego
1488 1560 1592 1603 me
1619 1538 1762 1604 tibi.
1820 1537 1988 1614 Quid
2015 1540 2332 1606 tandem?
2366 1558 2418 1600 1⁵

299 1625 469 1690 istuc
514 1647 617 1690 me
662 1625 884 1710 rogari
930 1630 1191 1712 oportet
1236 1627 1354 1691 abs
1399 1632 1465 1691 te
1512 1649 1598 1691 an
1639 1631 1706 1692 te
1749 1628 1972 1711 potius
2009 1651 2050 1693 a
2085 1651 2209 1711 me,
2253 1635 2336 1694 ut

194 1727 260 1776 Π
299 1735 419 1798 pro
457 1735 605 1778 mea
641 1715 854 1779 salute
891 1715 1184 1780 laborem
1220 1715 1706 1801 periculumque
1733 1715 2094 1801 suscipias?
2141 1715 2336 1800 Quid,

302 1801 473 1886 quod
528 1801 733 1867 habes
789 1803 1390 1868 nomenclatorem?
1445 1803 1516 1868 in
1569 1825 1648 1868 eo
1709 1803 1968 1887 quidem
2027 1804 2204 1870 fallis
2261 1811 2335 1872 et

302 1889 562 1975 decipis.
652 1889 854 1976 Nam,
912 1891 972 1955 si
1020 1891 1284 1957 nomine
1330 1891 1653 1977 appellari
1698 1893 1816 1970 abs
1862 1896 1929 1959 te
1974 1892 2133 1959 civis
2178 1897 2334 1961 tuos

298 1979 648 2045 honestum
731 1984 857 2063 est,
928 1983 1119 2065 turpe
1193 1984 1294 2045 est
1371 2002 1482 2046 eos
1553 1980 1842 2047 notiores
1923 2003 2066 2047 esse
2137 2004 2330 2049 servo
2363 2004 2419 2043 2⁰

300 2071 416 2132 tuo
490 2089 689 2151 quam
758 2067 899 2132 tibi.
1019 2067 1159 2149 Sin,
1234 2068 1433 2132 etiam
1503 2072 1563 2135 si
1631 2090 1760 2135 non
1828 2071 2034 2155 noris,
2105 2075 2336 2138 tamen

300 2178 417 2239 per
462 2156 855 2221 monitorem
902 2155 1276 2241 appellandi
1322 2159 1492 2238 sunt,
1536 2156 1586 2239 †
1629 2179 1850 2223 curam
1894 2161 2085 2243 petis,
2130 2183 2331 2244 quam

300 2244 660 2309 inceravit?
752 2241 948 2325 Quid,
994 2243 1184 2328 quod,
1230 2267 1376 2309 cum
1422 2245 1816 2330 admoneris,
1857 2251 2096 2332 tamen,
2141 2252 2334 2335 quasi

302 2336 444 2397 tute
498 2331 706 2414 noris,
759 2332 855 2396 ita
910 2333 1202 2397 salutas?
1296 2330 1492 2416 Quid,
1543 2337 1729 2419 quod,
1784 2340 2212 2420 posteaquam
2258 2360 2330 2403 es

304 2420 701 2506 designatus,
746 2419 956 2483 multo
1004 2420 1253 2485 salutas
1298 2422 1797 2507 neglegentius?
1877 2422 2060 2489 Haec
2106 2428 2330 2491 omnia
2361 2444 2416 2485 25

302 2508 387 2573 ad
440 2508 761 2572 rationem
808 2507 1093 2573 civitatis
1141 2509 1197 2573 si
1244 2508 1528 2595 derigaS,
1581 2514 1760 2577 recta
1804 2516 1982 2597 sunt3
2039 2513 2143 2577 sin
2187 2537 2330 2600 per-

300 2594 580 2681 pendere
646 2596 729 2659 ad
794 2594 1173 2680 disciplinae
1240 2602 1592 2683 praecepta
1653 2600 1845 2683 veliS,
1919 2603 2330 2685 reperiantur

300 2682 707 2769 pravissima.
764 2681 977 2759 Quare
1012 2706 1130 2749 nec
1168 2684 1346 2768 plebi
1374 2686 1707 2753 Romanae
1735 2688 2048 2774 eripiendi
2074 2689 2328 2757 fructus

300 2770 417 2835 isti
480 2774 632 2835 sunt
695 2770 1023 2855 ludorum,
1094 2773 1558 2860 gladiatorum,
1623 2776 2095 2862 conviviorum,
2159 2800 2328 2863 quae

302 2858 523 2924 omnia
576 2860 855 2925 maiores
912 2862 1124 2926 nostri
1181 2869 1748 2948 comparaverunt,
1801 2886 1919 2930 nec
1963 2866 2328 2933 candidatis
2359 2887 2414 2927 30

300 2948 432 3049 ista
456 2947 841 3049 ’benignitas
878 2948 1219 3051 adimenda
1256 2955 1376 3035 est,
1412 2974 1574 3036 quae
1610 2952 2073 3019 liberalitatem
2111 2957 2329 3043 magis

194 3118 279 3183 37
302 3036 882 3190 signllfieagnggatss
912 3038 1511 3192 lzdgldbccliizffndum
1565 3150 1670 3193 res
1723 3130 1987 3219 publica
2040 3131 2329 3198 adduxit.

196 3198 263 3247 '18
303 3211 529 3296 Cred0,
577 3210 763 3297 Cato,
804 3216 873 3277 te
916 3213 1046 3279 isto
1095 3214 1312 3279 animo
1361 3219 1555 3300 atque
1593 3237 1671 3280 ea
1707 3218 2008 3300 opinione
2042 3222 2330 3307 venisse3

303 3301 415 3365 sed
462 3304 537 3365 tu
580 3301 1019 3385 imprudentia
1065 3301 1325 3367 laberis.
1413 3302 1558 3389 Ego
1607 3306 1778 3389 quod
1822 3306 2017 3391 facio,
2063 3307 2328 3394 iudices,
2359 3325 2408 3367 ³⁵

302 3410 449 3454 cum
506 3390 833 3454 amicitiae
888 3389 1356 3474 dignitatisque
1401 3390 1472 3457 L.
1519 3390 1830 3459 Murenae
1877 3394 2092 3481 gratia
2135 3396 2330 3477 facio,

300 3480 443 3541 tum
482 3498 585 3541 me
620 3478 822 3563 pacis,
867 3477 1005 3560 otii,
1043 3478 1440 3563 concordiae,
1477 3479 1826 3563 libertatis,
1861 3484 2112 3561 salutiS,
2147 3484 2329 3551 vitae
