2534 3875
864 188 1017 242 CAP.
1056 194 1195 243 5-7
1235 196 1265 255 ἓ
1310 196 1535 247 12-17.
2087 192 2221 257 395

165 329 424 395 stultos
486 352 704 395 errore
758 332 1114 417 permovit3
1169 333 1260 398 sic
1308 338 1462 399 sunt
1508 355 1815 417 expressa
1858 334 1989 400 ista
2033 358 2219 420 prae-

165 419 386 502 clara,
463 440 629 504 quae
702 422 1087 503 recitantur,
1161 422 1615 505 psephismata
1685 443 1818 488 non
1878 424 2217 490 sententiis

162 528 391 591 neque
438 508 939 573 auctoritatibus
988 509 1337 594 declarata,
1382 532 1517 589 non
1561 510 1701 575 iure
1746 510 2019 575 iurando
2068 534 2220 577 con·

167 596 434 679 stricta,
481 595 595 660 sed
637 596 1035 682 porrigenda
1071 619 1268 662 11181111
1312 598 1894 683 profundendoque
1932 599 2217 665 clamore
2259 603 2264 608 ’

97 698 130 739 ⁶
167 682 622 748 multitudinis
668 687 1047 749 concitatae.

316 770 372 836 Ο
455 794 704 837 morem
775 774 1180 857 praeclarum
1255 774 1825 859 disciplinamque,
1907 797 2105 859 quam
2178 798 2217 841 8
2258 776 2295 840 7

168 858 542 925 maioribus
587 862 985 945 accepimus,
1031 860 1352 945 siquidem
1398 863 1794 928 teneremus!
1840 864 1956 928 sed
2000 864 2218 929 nescio

172 969 310 1031 quo
375 952 572 1032 pacto
637 948 772 1013 iam
827 948 906 1014 de
959 949 1262 1014 manibus
1321 950 1619 1016 elabitur.
1718 950 1991 1015 Nullam
2046 952 2219 1016 enim

172 1036 282 1101 illi
334 1036 548 1100 nostri
603 1037 1076 1121 sapientissimi
1131 1042 1198 1103 et
1251 1040 1652 1104 sanctissimi
1706 1040 1831 1104 viri
1885 1038 2021 1103 vim
2068 1062 2218 1105 con·

75 1142 140 1181 ιο
173 1124 383 1189 tionis
430 1146 570 1189 esse
614 1126 987 1211 voluerunt3
1043 1147 1208 1210 quae
1255 1129 1563 1191 scisceret
1605 1128 1847 1212 plebeS,
1894 1132 2010 1193 aut
2055 1150 2218 1211 quae

173 1213 462 1298 populus
507 1212 790 1297 iuberet,
844 1218 1173 1279 summota
1219 1216 1553 1299 contione,
1600 1216 1969 1281 distributis
2015 1216 2217 1300 parti·

173 1302 324 1384 bus,
370 1300 672 1365 tributim
719 1306 787 1366 et
830 1303 1246 1367 centuriatim
1284 1302 1615 1388 discriptis
1654 1304 2007 1388 ordinibus,
2055 1304 2217 1369 clas—

177 1389 392 1471 sibus,
454 1390 809 1473 aetatibus,
881 1391 1120 1455 auditis
1181 1392 1585 1474 auctoribus,
1645 1413 1715 1456 re
1775 1393 2018 1458 multos
2079 1394 2217 1457 dies

176 1476 601 1561 promulgata
683 1480 750 1541 et
823 1478 1091 1563 cognita
1161 1477 1372 1542 iuberi
1444 1478 1781 1563 vetarique
1853 1481 2217 1546 voluerunt.

85 1582 148 1623 15
179 1565 582 1630 Graecorum
619 1570 840 1630 autem
875 1570 1054 1631 totae
1091 1588 1197 1631 res
1234 1567 1532 1650 publicae
1570 1567 1853 1631 sedentis
1892 1568 2215 1633 contionis
2257 1585 2323 1633 16

18 1656 21 1663 ’
179 1654 554 1718 temeritate
601 1654 1158 1718 administrantur.
1229 1654 1479 1738 Itaque,
1524 1657 1599 1718 ut
1644 1654 1812 1719 hanc
1858 1654 2218 1740 Graeciam,

182 1764 350 1828 quae
415 1743 546 1806 iam
614 1741 722 1806 diu
787 1744 924 1806 suis
978 1743 1271 1809 consiliis
1323 1743 1624 1828 perculsa
1677 1748 1743 1807 et
1796 1742 2041 1807 afflicta
2097 1748 2218 1828 est,

182 1832 516 1913 omittam,
569 1830 687 1895 illa
741 1833 956 1912 vetus,
1013 1852 1176 1914 quae
1232 1831 1555 1914 quondam
1605 1830 1868 1915 opibus,
1923 1830 2217 1915 imperi0,

182 1919 394 2002 gloria
438 1918 680 2002 floruit,
728 1918 854 1984 hoc
898 1941 1030 1985 uno
1077 1919 1252 1984 malo
1291 1919 1592 2004 concidit,
1637 1919 1943 1984 libertate
1989 1918 2217 1985 immo-

93 2025 155 2065 20
184 2009 414 2073 derata
473 2029 551 2072 ac
614 2008 879 2072 licentia
937 2008 1331 2073 contionum.
1432 2006 1598 2074 Cum
1663 2009 1733 2071 in
1784 2008 2044 2072 theatro
2100 2008 2218 2073 im-

181 2096 380 2182 periti
425 2095 723 2160 homines
770 2118 986 2160 rerum
1033 2096 1325 2161 omnium
1370 2096 1564 2161 rudes
1609 2095 1951 2180 ignarique
1997 2118 2215 2160 conse-

185 2185 434 2268 derant,
479 2188 622 2251 tum
665 2183 845 2248 bella
880 2184 1142 2249 inutilia
1181 2183 1639 2268 suscipiebant,
1685 2188 1826 2248 tum
1867 2183 2213 2248 seditiosos

53 2275 64 2286 '
182 2273 480 2338 homines
525 2273 620 2336 rei
664 2271 962 2356 publicae
1007 2273 1493 2356 praeficiebant,
1538 2276 1681 2335 tum
1730 2271 1975 2355 optime
2022 2272 2215 2336 meri-

183 2365 290 2426 tos
345 2361 518 2425 cives
573 2382 609 2425 8
665 2359 932 2425 civitate
986 2360 1324 2426 eiciebant.
1416 2358 1660 2435 Quodsi
1715 2359 1877 2425 haec
1931 2358 2211 2424 Athenis
2254 2375 2319 2426 17

102 2467 157 2506 25
186 2453 344 2532 tum,
382 2471 528 2513 cum
565 2448 716 2512 illae
751 2469 886 2513 non
923 2449 1133 2513 solum
1161 2449 1232 2513 in
1260 2447 1551 2530 Graecia,
1589 2447 1703 2512 sed
1729 2469 1933 2532 prope
1964 2448 2213 2513 cunctis

187 2536 492 2622 gentibus
539 2535 904 2618 enitebant,
951 2537 1238 2602 accidere
1288 2541 1439 2601 sunt
1488 2535 1711 2620 solita,
1759 2558 1955 2621 quam
2001 2536 2217 2602 mode·

185 2625 506 2690 rationem
549 2624 802 2710 putatis
847 2624 920 2688 in
961 2624 1252 2710 Phrygia
1299 2629 1416 2690 aut
1458 2624 1529 2688 in
1572 2623 1790 2708 Mysia
1836 2625 2215 2689 contionum

185 2713 429 2778 fuisse?
519 2711 800 2778 Nostras
846 2713 1182 2778 contiones
1227 2713 1494 2777 illarum
1537 2713 1879 2778 nationum
1916 2711 2215 2778 homines

187 2802 568 2886 plerumque
604 2801 1019 2885 perturbant3
1059 2801 1233 2885 quid,
1268 2823 1417 2866 cum
1447 2801 1573 2866 soli
1603 2802 1737 2866 sint
1764 2801 1912 2886 ipsi,
1949 2802 2215 2866 tandem

108 2908 162 2949 3⁰
188 2889 326 2954 fieri
370 2889 665 2974 putatis?
731 2887 976 2954 Caesus
1022 2893 1124 2954 est
1166 2889 1377 2972 virgis
1416 2886 1735 2974 Cymaeus
1773 2889 1884 2953 ille
1923 2887 2219 2953 Athena-

68 3033 76 3043 .
191 2999 409 3062 goras,
466 2977 577 3062 qni
633 2977 702 3040 in
759 2977 934 3042 fame
977 2977 1379 3042 frumentum
1426 2981 1772 3062 exportare
1818 2978 1961 3040 erat
2006 2998 2219 3040 8118118.

189 3065 362 3130 Data
431 3064 656 3130 Laelio
721 3065 941 3130 contio
1015 3069 1133 3130 est.
1231 3064 1563 3130 Processit
1624 3066 1735 3129 ille
1799 3067 1866 3128 et
1931 3062 2218 3128 Graecus

193 3154 357 3238 apud
406 3152 687 3219 Graecos
745 3175 880 3217 non
935 3153 1010 3217 de
1068 3155 1258 3236 culpa
1314 3175 1433 3218 sua
1479 3153 1670 3234 dixit,
1726 3150 1839 3216 sed
1885 3149 1963 3215 de
2008 3173 2219 3235 poena

193 3245 452 3326 questus
519 3245 637 3306 est.
736 3240 1174 3307 Porrexerunt
1229 3262 1495 3324 manus3
1555 3240 1935 3325 psephisma
1990 3242 2219 3303 natum

113 3347 166 3389 35
194 3334 306 3397 est.
411 3327 558 3394 Hoc
619 3328 1072 3394 testimonium
1136 3329 1279 3394 est?
1390 3328 1619 3412 Nuper
1684 3326 1959 3411 epulati,
2025 3329 2219 3411 paulo

195 3422 340 3483 ante
377 3417 557 3483 omni
593 3417 943 3502 largitione
982 3417 1264 3482 saturati
1300 3415 1707 3501 Pergameni,
1754 3415 1925 3500 quod
1960 3414 2221 3479 Mithri-

193 3505 396 3588 dates,
461 3505 574 3590 qui
637 3503 1125 3571 multitudinem
1186 3505 1376 3570 illam
1438 3526 1572 3570 non
1636 3502 2029 3570 auctoritate
2086 3525 2225 3584 sua,
