2534 3875
848 173 1002 231 CAP.
1040 161 1182 231 3-'5
1221 181 1252 242 s
1292 182 1484 231 ‘1-13.
2090 180 2174 243 41
2287 189 2294 195 ·

123 314 308 381 borat
341 315 432 383 A.
474 315 793 403 Caecina,
836 340 919 384 ne
955 341 1210 386 summo
1255 320 1395 386 iure
1442 321 1654 406 egisse
1702 342 1898 405 quam
1933 342 2015 385 ne
2051 342 2181 386 cer·

120 407 252 468 tum
299 403 410 470 ius
459 426 620 471 non
665 406 1026 491 optinuisse
1069 408 1383 475 videatur.

244 491 338 557 M.
384 491 754 559 Fulcinius
797 495 944 574 fuit,
986 500 1473 580 recuperatores
1480 546 1501 579 ,
1544 518 1582 561 e
1627 496 1980 581 municipio
2028 496 2183 563 Tar-

119 580 488 667 quiniensi3
543 582 666 667 qui
703 586 772 649 et
807 583 981 649 domi
1009 605 1164 649 suae
1191 606 1338 649 cum
1364 584 1597 670 primis
1624 585 1937 651 honestus
1966 585 2183 650 existi·

74 682 95 721 ⁵
117 672 334 735 matus
386 674 505 735 est
559 674 631 735 et
667 670 912 736 Romae
959 672 1403 757 argentariam
1447 694 1581 737 non
1615 672 1975 759 ignobilem
2010 672 2182 738 fecit.

111 754 172 820 Is
225 756 489 823 habuit
537 758 616 823 in
663 758 1078 825 matrimonio
1125 758 1570 845 Caesenniam,
1626 761 1852 826 eodem
1898 782 1933 825 e
1978 762 2185 825 muni-

115 845 282 929 cipio
341 868 631 912 summo
689 846 833 913 loco
878 852 1103 912 natam
1149 852 1216 913 et
1260 847 1799 933 probatissimam
1851 847 2184 931 feminam,

115 932 283 998 sicut
333 938 412 999 et
462 934 667 999 vivus
711 934 853 1021 ipse
898 936 1125 1001 multis
1170 937 1367 1001 rebus
1415 937 1703 1002 ostendit
1748 940 1815 1002 et
1858 937 1929 1001 in
1973 941 2182 1002 morte

115 1042 230 1087 sua
283 1025 718 1088 testamento
775 1023 1146 1089 declaravit.
1234 1022 1407 1089 Huic
1462 1022 1855 1090 Caesenniae
1909 1025 2181 1090 fundum

57 1124 94 1162 1⁰
114 1108 179 1173 in
214 1132 396 1197 agro
430 1110 900 1195 Tarquiniensi
935 1112 1226 1177 vendidit
1260 1112 1671 1196 temporibus
1706 1112 1841 1178 illis
1879 1112 2181 1179 difficilli-

117 1199 242 1263 mis
302 1198 712 1283 solutionis3
773 1221 922 1265 cum
975 1204 1268 1265 uteretur
1320 1202 1539 1265 uxoris
1603 1201 1754 1266 dote
1817 1204 2181 1285 numerata,

117 1307 242 1369 quo
283 1286 576 1353 mulieri
619 1308 726 1352 res
770 1292 942 1352 esset
987 1288 1260 1371 cautior,
1307 1288 1577 1371 curavit,
1621 1293 1698 1353 ut
1741 1289 1811 1353 in
1856 1310 1935 1354 eo
1978 1289 2181 1355 fundo

118 1374 236 1439 dos
274 1375 748 1441 collocaretur.
819 1376 1179 1461 Aliquanto
1214 1380 1369 1459 post
1402 1376 1536 1442 iam
1573 1376 1946 1461 argentaria
1981 1377 2183 1443 disso-

119 1462 262 1527 luta
297 1461 663 1529 Fulcinius
707 1462 858 1529 huic
901 1463 1099 1529 fundo
1146 1464 1365 1529 uxoris
1413 1464 1817 1530 continentia
1862 1465 2182 1549 quaedam

57 1566 98 1603 ¹⁵
123 1551 410 1635 praedia
470 1555 667 1635 atque
722 1550 1026 1617 adiuncta
1087 1555 1432 1620 mercatur.
1520 1551 1801 1618 Moritur
1851 1551 2183 1618 Fulcinius

125 1638 383 1721 (multa
447 1639 648 1724 enim,
707 1661 874 1725 quae
934 1643 1088 1705 sunt
1144 1641 1216 1705 in
1273 1662 1371 1724 re,
1432 1640 1585 1725 quia
1638 1644 1892 1705 remota
1946 1645 2101 1705 sunt
2146 1664 2185 1705 a
2294 1662 2297 1666 ·

127 1748 355 1813 causa,
397 1726 983 1815 praetermittam);
1018 1730 1416 1794 testamento
1444 1728 1604 1794 facit
1629 1726 1954 1811 heredem,
1991 1749 2185 1812 quem

127 1815 441 1883 habebat
474 1837 512 1880 e
548 1813 907 1881 Caesennia
941 1817 1173 1900 filium3
1219 1838 1410 1882 usum
1458 1821 1526 1881 et
1568 1815 1854 1881 fructum
1892 1816 2185 1882 omnium

131 1904 472 1972 bonorum
527 1925 795 1970 suorum
843 1902 1236 1970 Caesenniae
1292 1904 1501 1991 legat,
1556 1908 1631 1970 ut
1682 1904 2010 1971 frueretur
2055 1926 2185 1970 una

67 2006 114 2044 ²⁰
137 2015 290 2060 cum
331 1993 496 2058 filio.
559 1990 838 2078 Magnus
874 1993 1085 2059 honos
1121 1993 1248 2058 viri
1284 1993 1599 2059 iucundus
1637 1993 1897 2059 mulieri
1932 1993 2184 2077 fuisset,

137 2083 194 2146 si
241 2083 634 2148 diuturnum
681 2102 822 2146 esse
869 2081 1186 2165 licuisset3
1231 2081 1560 2147 frueretur
1596 2081 1767 2147 enim
1806 2081 1999 2146 bonis
2036 2103 2184 2148 cum

140 2191 236 2255 eo,
285 2191 486 2255 quem
532 2168 668 2234 suis
715 2167 904 2234 bonis
951 2169 1252 2234 heredem
1302 2191 1441 2234 esse
1488 2170 1795 2253 cupiebat
1830 2174 1901 2234 et
1936 2191 2013 2234 ex
2054 2190 2182 2253 quo

141 2261 509 2324 maximum
561 2255 848 2323 fructum
901 2257 1047 2342 ipsa
1105 2258 1423 2341 capiebat.
1514 2255 1640 2322 Sed
1684 2257 1857 2322 hunc
1900 2257 2183 2322 fructum

12 2420 14 2438 Ι
143 2351 406 2412 mature
448 2344 715 2411 fortuna
767 2345 1027 2410 ademit.
1117 2345 1291 2411 Nam
1336 2345 1520 2411 brevi
1564 2351 1859 2430 tempore
1903 2343 1991 2410 M.
2034 2343 2185 2410 Ful-

12 2441 13 2444 ’
79 2435 358 2500 2⁵cinius
397 2433 774 2500 adulescens
812 2437 1110 2498 mortuus
1148 2437 1278 2518 est3
1322 2433 1625 2498 heredem
1653 2433 1725 2498 P.
1752 2432 2185 2499 Caesennium

143 2523 334 2607 fecit;
385 2521 578 2587 uxori
631 2521 878 2608 grande
930 2523 1183 2606 pondus
1241 2523 1501 2608 argenti
1558 2521 1883 2605 matrique
1927 2526 2185 2607 partem

147 2612 469 2677 maiorem
512 2610 834 2676 bonorum
881 2609 1145 2695 legavit.
1215 2608 1448 2695 Itaque
1483 2610 1556 2676 in
1588 2613 1844 2695 partem
1882 2609 2185 2676 mulieres

148 2704 424 2766 vocatae
469 2701 640 2765 sunt.

79 2889 132 2930 8⁰
152 2876 285 2941 tius
329 2877 485 2959 iste,
538 2874 650 2959 qui
693 2874 826 2938 iam
872 2872 983 2938 diu
1029 2872 1423 2939 Caesenniae
1469 2874 1787 2939 viduitate
1832 2894 1908 2940 ac
1956 2874 2185 2940 solitu-

153 2964 304 3030 dine
358 2963 645 3028 aleretur
695 2984 771 3026 ac
816 2983 886 3026 se
929 2961 1002 3026 in
1049 2961 1186 3027 eius
1231 2961 1746 3028 familiaritatem
1791 2962 2188 3028 insinuasset

152 3052 277 3118 hac
338 3050 620 3132 ratione,
684 3054 759 3114 ut
823 3071 970 3114 cum
1034 3049 1254 3134 aliquo
1314 3072 1430 3114 suo
1496 3050 1853 3136 conpendio
1918 3049 2185 3135 negotia

155 3139 465 3222 mulieris,
500 3139 560 3203 si
596 3161 724 3223 qua
759 3135 1141 3216 acciderent,
1178 3138 1784 3222 controversiasque
1812 3138 2184 3222 susciperet,

155 3227 540 3292 versabatur
567 3248 644 3292 eo
674 3247 930 3311 quoque
965 3229 1260 3312 tempore
1295 3226 1366 3290 in
1400 3224 1507 3291 his
1542 3225 1908 3290 rationibus
1945 3223 2183 3290 auctio·

83 3331 133 3372 35
155 3317 259 3380 nis
324 3318 393 3380 et
453 3313 830 3399 partitionis
895 3316 1092 3398 atque
1152 3313 1353 3378 etiam
1414 3335 1483 3378 se
1540 3313 1680 3398 ipse
1740 3311 2059 3377 inferebat
2118 3314 2185 3376 et

157 3405 334 3470 intro
380 3401 582 3468 dabat
626 3409 695 3468 et
737 3402 809 3468 in
854 3424 998 3467 eam
1045 3401 1417 3487 opinionem
1454 3399 1879 3466 Caesenniam
1920 3398 2185 3464 adduce·

159 3493 294 3568 bat,
338 3495 416 3555 ut
451 3491 683 3556 mulier
717 3490 1022 3577 imperita
1057 3489 1223 3554 nihil
1258 3492 1526 3574 putaret
1561 3488 1673 3571 agi
1710 3486 1939 3552 callide
1975 3506 2186 3567 posse,

2222 1045 2285 1097 11

2224 2017 2289 2067 12

286 2785 455 2852 Cum
483 2790 657 2852 esset
681 2785 843 2851 haec
870 2785 1085 2850 auctio
1121 2786 1516 2852 hereditaria
1552 2787 1927 2870 constituta,
1971 2786 2187 2851 Aebu-
2218 2747 2291 2873 ᾖ
