2534 3875
171 591 239 641 93

175 2002 243 2052 94

177 2483 245 2530 95

275 164 408 229 222
736 163 833 219 DE
870 162 1060 219 LEGE
1098 161 1429 219 AGRARIA
1465 160 1738 217 ORATIO
1776 163 1845 220 11.

279 309 421 379 Sex.
469 307 706 389 Saltio,
752 332 944 395 quem
989 309 1069 373 ad
1107 307 1373 373 modum
1419 308 1551 392 ipsi
1594 307 2050 391 loquebantur,
2100 306 2314 392 ‘prae-

277 396 580 481 toribus'‚
634 402 710 463 ut
759 396 1191 482 intellegatis,
1246 399 1559 481 quantam
1614 396 1796 461 locus
1852 396 1995 480 ipse
2052 395 2315 461 adferat

279 486 676 570 superbiam,
741 507 903 569 quae
966 485 1192 570 paucis
1261 484 1518 568 diebus,
1585 483 1822 568 quibus
1876 484 1992 548 illo
2050 484 2314 550 colonia

279 576 550 640 deducta
624 578 749 658 est,
819 573 1097 658 perspici
1173 576 1367 657 atque
1429 572 1729 672 intellegi
1790 572 2027 656 potuit.
2134 570 2313 637 Nam

247 664 588 747 primum,
633 661 701 726 id
747 662 919 746 quod
965 661 1125 745 dixi,
1171 683 1317 726 cum
1364 660 1596 726 ceteris
1640 682 1711 724 in
1756 659 2030 725 coloniis
2080 659 2313 725 duum·
2340 676 2369 716 ⁵

280 751 403 814 viri
457 750 898 836 appellentur,
959 749 1030 814 hi
1083 770 1154 813 se
1208 754 1544 834 praetores
1602 747 1923 832 appellari
1978 748 2311 813 volebant.

280 837 528 914 Quibus
610 838 858 922 primus
945 858 1149 903 annus
1221 837 1391 903 hanc
1465 836 1887 920 cupiditatem
1961 836 2313 919 attulisset,

278 948 496 992 nonne
535 925 947 995 arbitramini
983 926 1206 1011 paucis
1245 926 1433 990 annis
1461 924 1664 990 fuisse
1692 925 2033 990 consulum
2067 946 2313 989 nomen

281 1015 688 1100 appetituros
704 1015 738 1079 *Ρ
829 1013 1077 1079 Deinde
1134 1014 1474 1078 anteibant
1519 1013 1781 1078 lictores
1825 1034 1960 1077 non
2003 1035 2152 1078 cum
2198 1013 2311 1077 ba-

280 1103 468 1183 cillis,
513 1101 645 1186 sed,
689 1106 766 1167 ut
809 1102 915 1167 hic
950 1102 1365 1187 praetoribus
1414 1101 1737 1182 [urbanis]
1786 1105 2110 1185 anteeunt,
2157 1122 2309 1167 cum
2338 1118 2397 1158 1⁰

278 1190 564 1256 fascibus
612 1191 879 1257 duobus.
968 1189 1180 1255 Erant
1224 1190 1481 1255 hostiae
1528 1189 1804 1253 maiores
1850 1190 1923 1253 in
1964 1189 2108 1253 foro
2155 1210 2313 1255 con-

281 1280 572 1362 stitutae,
619 1301 784 1364 quae
830 1279 914 1343 ab
959 1278 1065 1343 his
1111 1278 1523 1364 praetoribus
1569 1277 1649 1342 de
1693 1277 2007 1343 tribunali
2052 1277 2223 1342 sicut
2270 1301 2312 1343 a

278 1367 470 1432 nobis
544 1367 918 1433 consulibus
989 1367 1067 1431 de
1133 1366 1391 1432 consilii
1455 1365 1778 1431 sententia
1839 1366 2155 1450 probatae
2224 1366 2313 1431 ad

282 1476 666 1542 praeconem
739 1460 807 1520 et
879 1454 961 1521 ad
1022 1455 1358 1521 tibicinem
1426 1454 1949 1519 immolabantur.
2056 1453 2311 1519 Deinde

279 1547 501 1629 patres
549 1544 898 1627 conscripti
944 1544 1365 1609 vocabantur.
1453 1540 1594 1606 Iam
1639 1563 1791 1606 vero
1838 1542 2095 1607 vultum
2141 1539 2308 1607 Con·
2340 1558 2400 1601 1⁵

282 1632 406 1697 sidi
432 1632 648 1697 videre
675 1631 1018 1697 ferundum
1047 1632 1153 1697 vix
1183 1636 1340 1696 erat.
1387 1628 1591 1705 Quem
1618 1629 1947 1695 hominem
1973 1628 2313 1716 ‘vegrandi

281 1722 486 1786 macie
541 1719 882 1787 torridum'
929 1719 1178 1785 Romae
1227 1722 1703 1803 contemptum,
1763 1718 2088 1784 abiectum
2133 1718 2311 1783 vide-

279 1808 539 1892 bamus,
611 1809 783 1874 hunc
839 1807 1098 1893 Capuae
1163 1807 1497 1890 Campano
1572 1806 1919 1891 supercilio
1985 1828 2059 1872 ac
2122 1806 2308 1892 regio

281 1897 520 1981 spiritu
583 1918 727 1963 cum
789 1896 1181 1978 videremus,
1244 1894 1537 1961 Blossios
1604 1895 1767 1961 mihi
1831 1894 2097 1960 videbar
2149 1894 2309 1960 illos

281 1986 497 2050 videre
553 2008 628 2052 ac
673 1984 1014 2051 Vibellios.
1104 1984 1244 2050 Iam
1301 2007 1453 2050 vero
1510 1984 1619 2069 qui
1675 1987 1885 2049 metus
1943 1987 2084 2048 erat
2136 1985 2308 2050 tuni-
2338 2003 2399 2043 so

281 2079 574 2140 catorum
629 2074 893 2140 illorum
949 2078 1014 2137 et
1067 2073 1137 2137 in
1182 2073 1445 2137 Albana
1500 2074 1567 2136 et
1613 2071 1909 2156 Seplasia
1946 2094 2111 2156 quae
2156 2094 2308 2139 con-

281 2162 565 2227 cursatio
620 2161 1210 2246 percunctantium,
1266 2161 1422 2245 quid
1475 2163 1741 2245 praetor
1800 2160 2133 2244 edixisset,
2191 2162 2311 2226 ubi

283 2255 560 2334 cenaret,
605 2272 733 2334 quo
772 2251 1242 2315 denuntiasset!
1309 2247 1449 2314 Nos
1486 2252 1723 2332 autem,
1757 2248 1910 2313 hinc
1946 2249 2157 2314 Roma
2193 2250 2310 2334 qui

281 2361 684 2422 veneramus,
729 2338 861 2404 iam
905 2360 1039 2404 non
1083 2338 1399 2422 hospites,
1446 2336 1559 2401 sed
1604 2336 1928 2422 peregrini
1966 2339 2161 2422 atque
2199 2337 2310 2402 ad·

176 2404 261 2470 35
281 2448 483 2491 venae
529 2426 1046 2492 nominabamur.
1134 2426 1316 2491 Haec
1351 2425 1465 2510 qui
1507 2426 1976 2510 prospexerint,
2026 2425 2310 2490 maiores
2340 2443 2401 2484 25

281 2517 546 2578 nostros
585 2514 746 2598 dic0,
784 2514 1089 2598 Quirites,
1123 2536 1258 2579 non
1294 2536 1404 2579 eos
1444 2513 1514 2577 in
1542 2513 1807 2578 deorum
1836 2513 2311 2578 immortalium

282 2623 552 2666 numero
591 2603 992 2668 venerandos
1031 2625 1071 2668 a
1104 2602 1297 2666 nobis
1336 2605 1402 2667 et
1438 2602 1738 2667 colendos
1775 2601 2068 2686 putatis?
2139 2600 2313 2677 Quid

284 2689 456 2753 enim
502 2689 846 2754 viderunt?
927 2689 1090 2774 Hoc,
1136 2689 1308 2775 quod
1352 2711 1527 2757 nunc
1571 2712 1707 2774 vos,
1755 2712 2014 2774 quaeso,
2060 2690 2312 2775 perspi-

283 2777 411 2842 cite
467 2780 664 2860 atque
720 2778 1109 2863 cognoscite.
1210 2776 1365 2842 Non
1418 2780 1878 2862 ingenerantur
1934 2778 2312 2844 hominibus

284 2886 498 2930 mores
553 2869 692 2929 tam
753 2887 792 2930 a
847 2867 1048 2950 stirpe
1104 2867 1357 2952 generis
1414 2887 1491 2931 ac
1546 2867 1809 2932 seminis
1858 2888 2052 2951 quam
2100 2888 2178 2932 ex
2223 2867 2309 2932 iis
2338 2885 2401 2926 so

283 2954 505 3036 rebus,
559 2973 724 3037 quae
780 2954 862 3018 ab
917 2954 1063 3038 ipsa
1105 2958 1344 3019 natura
1388 2953 1579 3018 nobis
1626 2954 1709 3019 ad
1754 2955 1926 3020 vitae
1973 2959 2312 3020 consuetu·

284 3040 500 3107 dinem
529 3040 1043 3126 suppeditantur,
1071 3042 1305 3126 quibus
1335 3041 1571 3107 alimur
1598 3045 1664 3108 et
1687 3043 1987 3110 vivimus.
2033 3040 2311 3108 Cartha-

283 3130 608 3215 ginienses
673 3129 1074 3195 fraudulenti
1136 3134 1203 3195 et
1267 3129 1606 3196 mendaces
1670 3153 1802 3196 non
1865 3152 2130 3216 genere,
2196 3132 2313 3197 sed

281 3223 519 3284 natura
565 3219 711 3303 loci,
761 3219 933 3303 quod
979 3223 1247 3303 propter
1290 3222 1515 3302 portus
1554 3241 1705 3284 suos
1744 3220 1969 3285 multis
2008 3222 2075 3284 et
2109 3221 2312 3284 variis
2356 3247 2366 3257 “

285 3309 716 3372 mercatorum
789 3310 858 3372 et
929 3308 1323 3372 advenarum
1398 3308 1802 3372 sermonibus
1876 3308 1956 3372 ad
2021 3306 2313 3374 studium
2341 3326 2401 3369 ss

284 3394 554 3466 fallendi
596 3395 811 3462 studio
842 3400 1149 3480 quaestus
1177 3395 1594 3462 vocabantur.
1652 3395 1925 3481 Ligures
1955 3397 2313 3479 [montani]

287 3482 430 3548 duri
493 3489 688 3568 atque
745 3488 1071 3571 agrestes3
1136 3483 1357 3549 docuit
1411 3504 1567 3570 ager
1620 3484 1761 3570 ipse
1817 3484 1986 3549 nihil
2039 3483 2315 3552 ferendo
