2534 3875
239 187 374 252 246
800 183 945 240 PRO
984 186 1040 240 C.
1077 183 1378 239 RABIRIO
1417 182 1706 238 ORATIO.

237 332 406 398 hanc
453 331 784 396 civitatem
830 349 953 395 esse
997 329 1221 412 voltis,
1268 329 1327 394 si
1375 331 1704 392 aeternum
1747 326 1856 392 hoc
1897 325 2265 410 imperium,

240 422 297 484 si
343 421 612 507 gloriam
658 418 1121 503 sempiternam
1166 437 1440 495 manere,
1485 416 1675 480 nobis
1723 438 1761 482 a
1804 414 2050 480 nostris
2094 417 2264 496 cupi·

240 509 572 592 ditatibUS,
610 530 651 572 a
683 506 1056 572 turbulentis
1093 504 1468 570 hominibus
1504 508 1684 586 atque
1705 524 2018 569 novarum
2043 502 2263 567 rerum

239 599 503 680 cupidis,
559 596 636 660 ab
688 595 995 660 intestinis
1048 594 1258 677 malis,
1316 615 1356 657 a
1413 592 1783 658 domesticis
1828 592 2116 657 consiliis
2153 591 2263 656 <est

134 703 203 752 34
241 685 613 751 cavendum.
710 683 909 748 Hisce
978 685 1198 746 autem
1266 682 1458 746 malis
1516 701 1817 764 maynum
1869 680 2264 765 praesidium
2291 694 2322 737 ⁶

238 774 413 839 vobis
461 773 737 838 maiores
779 771 977 836 vestri
1020 770 1437 854 reliquerunt,
1479 789 1690 834 vocem
1724 768 1911 835 illam
1947 767 2264 834 consulis:

242 863 379 946 ‘qui
449 883 580 926 rem
631 860 949 942 publicam
1013 860 1262 923 salvam
1327 880 1468 922 esse
1529 856 1786 924 vellent'.
1893 855 2064 921 Huic
2118 857 2264 921 voci

238 950 474 1032 favete,
534 949 828 1032 Quirites,
880 967 1073 1029 neque
1124 950 1339 1012 vestro
1385 946 1620 1012 iudicio
1665 945 2052 1012 abstuleritis
2100 945 2264 1009 mihi

242 1088 523 1104 ......
577 1058 783 1120 neque
866 1036 1229 1120 eripueritis
1299 1036 1393 1100 rei
1455 1035 1735 1117 publicae
1815 1055 1996 1119 spem
2069 1033 2262 1097 liber·

135 1142 203 1192 35
241 1129 427 1209 tatis,
472 1147 647 1208 spem
694 1123 939 1207 salutis,
985 1145 1169 1208 spem
1212 1123 1565 1208 diynitatis.
1657 1122 1824 1204 Quid
1859 1124 2159 1205 facerem,
2207 1121 2266 1186 si
2294 1138 2348 1177 1⁰

243 1214 313 1279 Τ.
350 1213 671 1279 Labienus
725 1212 980 1277 caedem
1036 1212 1274 1276 civium
1328 1213 1580 1292 fecisset
1631 1215 1707 1277 ut
1749 1210 1820 1276 L.
1859 1208 2264 1292 Saturninus,

243 1303 299 1367 si
371 1324 693 1367 carcerem
756 1302 1147 1384 refreyisset,
1220 1300 1279 1364 si
1341 1298 1736 1385 Capitolium
1799 1319 1939 1364 cum
1999 1300 2268 1364 armatis

242 1391 713 1473 occupavisset?
803 1388 1107 1454 Facerem
1154 1390 1333 1472 idem,
1377 1387 1547 1470 quod
1583 1386 1652 1453 O.
1680 1386 1926 1452 Marius
1970 1386 2135 1470 fecit,
2177 1386 2266 1451 ad

246 1483 542 1544 senatum
586 1479 911 1562 referrem,
956 1499 1073 1541 vos
1120 1477 1202 1542 ad
1246 1499 1384 1541 rem
1428 1476 1761 1562 publicam
1803 1475 2266 1556 defendundam

242 1568 629 1651 cohortarer,
684 1570 973 1632 armatus
1019 1567 1149 1648 ipse
1191 1565 1527 1630 vobiscum
1575 1570 1812 1629 armato
1858 1564 2263 1630 obsisterem.
2294 1578 2348 1620 1⁵

242 1657 455 1741 Nunc,
503 1656 811 1740 quoniam
858 1676 1187 1720 armorum
1232 1653 1514 1738 suspicio
1559 1652 1744 1718 nulla
1789 1655 1906 1737 est,
1951 1652 2089 1718 tela
2130 1674 2268 1717 non

240 1745 457 1826 vide0,
508 1765 645 1808 non
687 1744 814 1827 vis,
866 1764 1002 1808 non
1048 1742 1303 1824 caedes,
1346 1764 1480 1807 non
1525 1739 1811 1826 Capitoli
1857 1745 2052 1824 atque
2095 1741 2265 1806 arcis

244 1833 535 1899 obsessio
584 1834 712 1915 est,
768 1831 881 1896 sed
928 1831 1251 1896 accusatio
1299 1829 1689 1915 perniciosa,
1743 1828 2050 1894 iudicium
2095 1850 2266 1895 acer-

241 1922 427 2004 bum,
492 1942 597 1985 res
666 1923 812 1985 tota
878 1943 918 1985 a
987 1919 1251 1984 tribuno
1317 1918 1404 2003 pl.
1469 1921 1771 2004 suscepta
1835 1921 2064 1985 contra
2125 1940 2266 1983 rem

242 2011 599 2095 publicam,
657 2031 791 2074 non
842 2029 959 2073 vos
1015 2008 1097 2072 ad
1142 2029 1326 2072 arma
1368 2008 1681 2073 vocandos
1723 2026 1872 2089 esse,
1926 2028 2138 2071 verum
2183 2007 2266 2071 ad
2293 2022 2352 2062 20

246 2098 558 2183 suffragia
622 2095 1054 2161 cohortandos
1114 2101 1343 2161 contra
1408 2095 1957 2181 oppugnationem
2012 2099 2266 2159 vestrae

242 2185 605 2251 maiestatis
651 2184 895 2269 putavi.
984 2183 1216 2268 Itaque
1260 2206 1433 2248 nunc
1478 2204 1593 2248 vos
1641 2205 1862 2248 omnes
1910 2205 2025 2247 oro
2073 2187 2268 2268 atque

245 2276 538 2339 obtestor
616 2272 988 2358 hortorque.
1105 2270 1258 2336 Non
1338 2272 1435 2336 ita
1515 2293 1657 2336 mos
1731 2276 1858 2355 est,
1934 2272 2266 2337 consulem

245 2386 390 2427 cum
438 2384 505 2426 es
551 2358 673 2400 *²¹⁵*

140 2428 226 2554 i?
378 2447 500 2489 *²¹⁶*
537 2448 749 2532 timet3
805 2448 919 2531 qui
970 2446 1163 2513 hasce
1219 2469 1330 2511 ore
1386 2447 1655 2512 adverso
1712 2470 1832 2533 pro
1887 2470 1958 2513 re
2002 2449 2268 2533 publica
2294 2463 2351 2505 25

246 2538 575 2603 cicatrices
659 2558 734 2601 ac
812 2541 1005 2600 notas
1087 2536 1351 2600 virtutis
1424 2536 1698 2621 accepit,
1778 2536 1863 2619 is,
1941 2558 2023 2601 ne
2096 2538 2269 2622 quod

248 2625 527 2709 accipiat
578 2624 792 2688 famae
837 2624 1068 2688 volnus
1079 2674 1095 2706 ,
1142 2624 1610 2708 perhorrescit3
1669 2646 1857 2709 quem
1911 2647 2271 2709 numquam

244 2712 643 2777 incursiones
702 2711 990 2776 hostium
1044 2712 1189 2776 loco
1243 2733 1500 2776 movere
1552 2716 1929 2798 potuerunt,
1988 2713 2044 2778 is
2099 2735 2272 2779 nunc

246 2803 566 2885 impetum
624 2799 889 2883 civium,
946 2798 1045 2863 cui
1102 2800 1458 2864 necessario
1523 2801 1872 2866 cedendum
1932 2805 2060 2883 est,
2121 2823 2270 2885 per-

140 2906 209 2955 37
248 2888 582 2954 horrescit.
688 2892 914 2971 Neque
988 2910 1027 2952 a
1098 2886 1284 2951 vobis
1356 2889 1489 2953 iam
1570 2889 1733 2953 bene
1804 2890 2082 2974 vivendi,
2155 2890 2272 2955 sed
2297 2907 2353 2947 ³⁰

249 2979 516 3043 honeste
553 2975 872 3040 moriendi
905 2974 1282 3040 facultatem
1319 2976 1486 3061 petit
1519 2998 1725 3061 neque
1762 2981 1917 3061 tam,
1961 2981 2037 3042 ut
2075 2977 2270 3045 domo

249 3089 369 3131 sua
422 3064 700 3147 fruatur,
756 3085 952 3149 quam
1005 3086 1087 3128 ne
1141 3065 1360 3149 patrio
1411 3065 1753 3148 sepulchro
1800 3066 2118 3151 privetur,
2179 3068 2272 3132 la-

247 3156 457 3220 borat.
548 3151 734 3217 Nihil
788 3153 967 3217 aliud
1006 3153 1137 3217 iam
1181 3174 1299 3217 vos
1346 3158 1491 3219 orat
1537 3158 1731 3238 atque
1776 3155 2086 3238 obsecrat,
2138 3156 2274 3220 nisi

248 3243 348 3307 uti
405 3263 485 3307 ne
525 3262 592 3307 sc
633 3240 930 3326 legitimo
975 3240 1196 3305 funere
1238 3246 1298 3305 et
1339 3240 1694 3307 domestica
1737 3248 1936 3307 morte
1978 3245 2274 3328 privetiS,

246 3336 323 3395 ut
369 3352 542 3412 eum,
597 3332 707 3411 qui
758 3350 878 3414 pro
932 3329 1149 3414 patria
1202 3330 1447 3395 nullum
1490 3351 1800 3414 umquam
1846 3333 2073 3397 mortis
2106 3333 2274 3414 peri·
2301 3349 2357 3390 8⁵

249 3420 460 3483 culum
507 3418 699 3503 fugit,
744 3420 815 3481 in
859 3417 1075 3502 patria
1120 3416 1287 3482 mori
1331 3418 1692 3501 patiamini.
1811 3476 1818 3481 .

144 3521 211 3570 38
381 3506 534 3571 Dixi
610 3507 692 3571 ad
762 3504 828 3569 id
897 3509 1185 3590 tempuS,
1256 3507 1425 3589 quod
1493 3506 1656 3571 mihi
1729 3528 1769 3571 a
1844 3506 2109 3575 tribuno
2183 3510 2278 3595 pl.
