2534 3875
368 157 546 212 LXIV
991 154 1413 210 ADNOTATIO
1452 154 1756 210 CRITICA.

370 298 536 365 KayS.
575 328 642 337 —
679 296 738 350 P.
768 302 888 352 245.
909 303 940 351 5
977 314 1088 366 qua
1125 298 1251 367 [re]
1287 299 1339 351 si
1372 296 1664 351 Torrentio
1704 296 1851 349 auct.
1880 294 2047 364 Kays.
2079 325 2145 335 —
2175 294 2236 349 P.
2266 300 2393 349 245.

373 375 405 423 6
440 369 825 423 honestiorem
860 398 928 408 -
964 369 1118 422 com.
1169 366 1391 421 scrbnd.
1430 366 1669 422 videtur.
1709 396 1777 406 -
1814 365 1875 420 P.
1914 371 2036 421 245.
2061 371 2124 419 12
2170 367 2231 421 hi
2266 365 2395 419 cod.

370 437 426 505 k,
463 437 645 492 Halm.
667 437 815 490 —P.
838 443 958 491 245.
980 444 1048 492 29
1085 439 1182 507 qui
1208 444 1302 492 est
1338 444 1481 492 auct.
1519 437 1701 491 Halm.
1732 436 1830 506 (ad
1864 453 1918 505 Ρ.
1951 441 2069 490 144.
2090 437 2199 504 25).
2230 466 2299 475 -
2330 434 2392 490 P.

371 514 492 563 246.
517 514 547 562 7
583 509 776 562 vellent
819 508 1030 576 Halm,
1075 510 1266 563 volunt
1312 507 1463 576 vulg.
1505 539 1567 547 —
1606 506 1667 561 P.
1706 512 1825 561 246.
1856 513 1924 561 27
1962 508 1999 577 †
2027 508 2396 575 perhorrescit

370 578 570 646 Halm,
609 577 806 647 Kays.;
845 578 918 632 ad
951 596 1005 646 p.
1045 584 1237 633 215.1.
1265 608 1337 618 —-
1365 578 1423 632 Ρ.
1455 583 1575 632 246.
1597 584 1664 632 32
1702 578 2018 646 sepulchro
2044 575 2230 630 Halm.
2258 580 2392 645 tac„

370 651 616 718 sepulcro
649 648 745 702 hic
781 650 841 702 et
875 650 1007 702 cett.
1044 647 1188 702 locis
1223 649 1433 715 Klotz„
1480 649 1674 716 Kays.‚
1720 649 1782 702 et
1816 646 1898 701 sic
1933 664 1986 717 Ρ.
2029 653 2147 702 177.
2168 654 2228 713 3,
2266 654 2392 703 494.

375 726 465 789 15,
503 726 623 775 498.
646 726 740 787 22,
777 724 979 785 499.1,
1018 718 1118 773 ubi
1154 716 1226 785 G,
1265 724 1501 785 52810,
1537 718 1638 772 ubi
1671 718 1717 771 P
1750 720 2042 787 sepulum„
2071 716 2221 772 Bait.
2258 719 2391 785 tac„

372 793 434 844 at
467 789 619 844 idem
655 792 763 844 tac.
801 791 1062 858 sepulchr.
1099 808 1155 858 p.
1195 794 1405 843 382.37
1446 788 1548 858 (sic
1586 789 1707 843 cod.
1747 787 1819 856 G,
1858 788 1950 856 qui
1988 787 2141 842 idem
2176 794 2299 843 385.
2321 795 2391 842 20

369 861 730 927 simulachra,
766 858 972 927 Klotz.,
1010 858 1198 927 Kays.,
1235 858 1439 926 Halm.,
1474 858 1677 914 Eberh.
1714 861 1942 926 sepulcr.
1970 900 1983 925 ,
2022 863 2252 925 424.13,
2288 856 2390 911 ubi

375 930 450 983 W
499 932 650 985 certe
695 932 924 999 sepulcr.
941 972 954 996 ‚
1000 928 1185 984 Halm.
1232 935 1353 984 449.
1374 935 1445 983 24
1490 931 1686 984 contra
1729 927 1859 995 PG3
1960 927 2086 982 atie.
2134 927 2196 981 in
2240 927 2389 982 Phil.

371 1002 665 1070 sepulchr.;
705 1000 779 1054 ad
815 999 870 1056 S.
908 1000 1071 1056 Rosc.
1109 1017 1162 1068 p.
1201 1006 1393 1055 40.18.
1432 1030 1501 1041 -
1538 999 1599 1054 Ρ.
1638 1006 1758 1054 247.
1789 1004 1823 1052 4
1851 1015 1969 1068 sqq.
2008 1015 2116 1053 om.
2147 998 2319 1067 Kays.

511 1141 576 1194 In
613 1140 962 1195 orationibus
998 1142 1067 1195 in
1104 1140 1478 1195 Catilinam
1514 1138 1870 1195 recensendis
1908 1138 2092 1193 Halm.
2131 1156 2264 1193 usus
2303 1143 2390 1193 est

370 1211 751 1281 quadraginta
784 1210 900 1265 fere
936 1211 1097 1267 libris
1133 1228 1314 1278 mscr.,
1352 1226 1462 1279 quo
1500 1226 1567 1265 ex
1602 1226 1834 1264 numero
1871 1209 2079 1278 viginti
2113 1209 2387 1265 librorum

338 1281 578 1350 ,partim
629 1298 664 1334 a
711 1283 942 1350 Lagom.
957 1322 971 1347 ,
1023 1281 1232 1350 partim
1287 1281 1358 1336 ab
1409 1281 1533 1349 ipso
1585 1279 1783 1335 aliisve
1835 1280 2169 1334 collatorum
2223 1280 2380 1336 ‘inte—-

371 1368 530 1421 gram
562 1350 721 1405 dedit
744 1352 1049 1406 lectionum
1069 1350 1475 1418 diversitatem,
1496 1351 1763 1405 selectam
1780 1349 2161 1418 reliquorum)
2220 1350 2389 1406 Prae-

372 1423 529 1475 stant
580 1422 729 1475 inter
787 1422 892 1477 hos
955 1421 1188 1476 Medic.
1256 1439 1315 1489 a,
1378 1420 1983 1488 Benedictobur.b,
2047 1420 2285 1477 Medic.
2341 1439 2386 1488 c,

371 1492 656 1546 Indersd
675 1492 792 1546 orf.
830 1492 866 1560 i,
896 1491 1190 1547 ‘lectiones
1228 1508 1264 1545 a
1290 1492 1578 1546 Pithoeo
1617 1492 1691 1546 ad
1717 1492 1998 1559 margines
2028 1490 2271 1560 exempli
2300 1493 2385 1547 ed.

371 1563 560 1659 Lamb.
591 1582 638 1617 a.
668 1568 805 1618 1581
837 1562 1176 1660 adscrigtae’
1207 1580 1263 1631 p,
1303 1562 1552 1643 Salisb.
1585 1578 1627 1630 s,
1656 1561 1977 1642 Tegei-ns.
2005 1564 2049 1631 t,
2076 1562 2385 1631 Egmont.

371 1633 611 1758 ‘gastssss-ss·
643 1632 1045 1773 &arsisse
1079 1635 1648 1783 ,effluam
1672 1632 2387 1699 ...mm

370 1774 637 1842 dignitas.
691 1776 876 1841 Atque
906 1773 1192 1826 Halmlum
1229 1774 1459 1841 qmdem
1493 1773 1854 1828 mamfestum
1882 1775 1969 1827 est
1995 1791 2056 1826 m
2084 1772 2171 1828 ed.
2199 1773 2385 1829 Turio.

371 1846 611 1899 maxime
666 1846 918 1898 secutum
967 1860 1088 1898 esse
1143 1842 1396 1897 codicem
1450 1860 1486 1897 a
1513 1886 1526 1910 ,
1580 1846 1781 1913 postea
1831 1843 2167 1911 praetulisse
2223 1844 2387 1899 codd.
2456 1876 2463 1887 ·

370 1913 572 1983 bcis,
618 1914 777 1969 velut
818 1913 879 1968 in
923 1913 1010 1969 ed.
1038 1913 1281 1970 Weidm.
1330 1930 1399 1969 ex
1446 1914 1579 1970 solis
1626 1913 1715 1968 his
1761 1911 1921 1968 libris
1967 1930 2069 1968 scr.
2106 1932 2161 1984 Ρ.
2209 1920 2331 1971 263.
2356 1923 2384 1970 1

371 2001 494 2040 cum
529 2003 595 2040 ex
629 1987 763 2040 urbe
797 1991 874 2040 est
909 1987 1182 2054 expulsus,
1222 1991 1343 2040 278.
1364 1991 1435 2040 34
1470 2002 1551 2054 sq.
1580 2001 1649 2039 ex
1683 1986 1721 2040 b
1742 2003 1772 2038 c
1792 2001 1818 2036 s
1847 1991 2074 2054 propter
2098 1988 2210 2040 vim
2236 2005 2383 2041 man.

374 2063 536 2125 atque
579 2058 732 2124 depr.
767 2057 1003 2123 sceleris,
1052 2061 1266 2109 297.14
1303 2072 1372 2110 ex
1406 2055 1533 2110 bis
1570 2058 1705 2126 quia
1738 2057 1933 2122 hostes,
1982 2061 2103 2110 287.
2128 2063 2157 2110 7
2196 2073 2263 2109 ex
2298 2057 2338 2110 b
2361 2075 2385 2110 s

373 2143 480 2181 om.
521 2128 705 2181 liberis
740 2127 871 2180 cett.
949 2124 1299 2180 Sententiam
1334 2126 1575 2180 fortasse
1610 2142 1725 2180 non
1758 2127 2060 2194 mutasset,
2090 2125 2139 2180 si
2176 2131 2235 2181 et
2261 2129 2384 2181 cod.

374 2213 409 2250 a
463 2213 578 2251 non
622 2200 846 2251 tantum
890 2213 958 2250 ex
1004 2196 1393 2264 Lagomarsini
1439 2196 1635 2250 sedula
1678 2195 1861 2264 magis
1908 2213 2078 2264 quam
2121 2195 2387 2266 diligenti

372 2283 543 2335 opera
587 2267 873 2335 cognitum
919 2266 1233 2334 habuisset,
1282 2269 1341 2321 et
1386 2267 1436 2320 si
1482 2267 1603 2322 cod.
1649 2267 1951 2322 Ambros.
1990 2266 2041 2320 A
2088 2283 2123 2320 a
2160 2268 2385 2322 Baitero

372 2336 936 2462 fxsffsffifflfihtffa
960 2337 1063 2461 X}
1079 2344 1296 2462 1323?ss
1327 2340 1487 2461 {⁰131}
1496 2336 1927 2461 eithssbssssffite
1946 2336 2237 2463 ἶὲοιὲξῗ
2258 2339 2386 2464 ἐξὲξ

371 2480 576 2547 rogatu
620 2477 796 2544 faeta,
843 2495 911 2532 ex
955 2494 1079 2546 qua,
1133 2481 1408 2547 quantum
1443 2477 1494 2531 is
1531 2478 1651 2531 cod.
1690 2477 1839 2532 inter
1875 2479 2091 2532 ceteros
2128 2479 2386 2548 excellat,

371 2548 552 2616 magis
609 2547 781 2601 etiam
837 2550 1095 2617 apparet3
1150 2565 1264 2602 non
1318 2565 1430 2616 quo
1480 2547 1697 2601 mendis
1743 2549 1908 2601 vacet
1953 2550 2025 2618 (v.
2062 2565 2117 2616 Ρ.
2156 2555 2277 2604 255.
2299 2556 2387 2618 23,

373 2624 490 2672 281.
521 2624 607 2685 20,
635 2618 712 2675 ib.
741 2624 811 2672 30
836 2621 1124 2686 videretur,
1155 2625 1276 2674 285.
1300 2625 1364 2672 12
1392 2621 1558 2673 huius
1583 2619 1824 2688 imperii)
1852 2620 1951 2671 aut
1974 2618 2130 2672 nullo
2157 2621 2386 2702 proprio

370 2688 514 2742 vitio
540 2687 866 2754 inquinatus
896 2687 972 2743 sit
1000 2691 1072 2758 (v.
1093 2708 1146 2758 p.
1167 2695 1289 2743 250.
1312 2695 1397 2756 12,
1424 2695 1546 2744 253.
1566 2692 1673 2758 35),
1704 2689 1804 2743 sed
1830 2705 2009 2758 paene
2038 2689 2198 2743 nulla
2226 2708 2288 2744 1n
2320 2708 2386 2746 eo
2500 2717 2502 2723 ¹

370 2758 731 2814 inveniuntur
774 2757 1037 2812 licentiae
1083 2759 1418 2829 corrigentis
1464 2758 1711 2829 vestigia
1755 2768 1830 2829 (Ρ.
1869 2765 1990 2814 252.
2018 2765 2114 2826 28,
2170 2767 2292 2816 255.
2316 2768 2385 2816 26

370 2831 554 2884 urbem
608 2831 821 2898 totam),
881 2830 941 2882 et
991 2828 1135 2883 vitia
1175 2845 1282 2883 nec
1324 2845 1555 2885 numero
1600 2846 1704 2884 nec
1755 2845 1960 2899 genere
2005 2846 2132 2884 cum
2182 2834 2387 2887 ceteris

371 2901 504 2952 sunt
539 2898 933 2968 comparanda.
1006 2897 1226 2955 Codicis
1271 2899 1309 2952 b
1348 2902 1429 2970 (et
1464 2902 1853 2971 cognatorum)
1887 2900 2389 2971 interpolationum
2496 2943 2498 2946 ι

371 2985 741 3024 commemoro
784 2969 927 3024 haec
971 2970 1254 3040 exempla:
1302 2988 1356 3040 p.
1395 2977 1516 3026 264.
1550 2977 1615 3025 14
1646 2972 1919 3039 praetoris
1952 2974 2154 3040 nostri,
2198 2973 2278 3027 ib.
2322 2981 2388 3028 15

369 3042 435 3095 in
477 3042 660 3107 curia,
709 3045 830 3094 268.
858 3046 890 3095 2
937 3043 1030 3096 sed
1073 3042 1351 3109 timidum,
1399 3047 1525 3095 270.
1556 3047 1587 3095 5
1633 3057 1770 3110 quas
1815 3041 2111 3111 Faesulas,
2159 3049 2283 3099 272.
2321 3050 2386 3098 21

369 3128 515 3166 man.
555 3111 910 3178 fortissimam
936 3113 1402 3181 certissimamque,
1442 3117 1563 3166 283.
1584 3117 1617 3165 6
1647 3117 1839 3166 contra
1861 3118 2111 3168 senatum
2133 3115 2389 3170 salutem-

369 3199 484 3250 que,
505 3187 627 3236 284.
649 3187 715 3234 32
745 3184 986 3251 civesque
1010 3187 1190 3236 omnes
1209 3184 1518 3249 incolumes,
1548 3187 1671 3236 290.
1692 3187 1725 3237 5
1753 3184 2082 3253 dissipatum
2098 3184 2179 3252 b1,
2209 3190 2333 3240 292.
2356 3192 2387 3238 2

369 3268 483 3306 non
505 3268 674 3320 posse,
703 3257 825 3306 292.
850 3258 914 3306 13
943 3253 1231 3307 exsolvitis.
1279 3252 1464 3305 Minus
1484 3254 1778 3321 depravati
1797 3253 2095 3308 tantidem
2112 3254 2278 3308 codd.
2296 3255 2389 3308 his
2492 3281 2494 3284 ⁴

371 3321 535 3375 locis:
573 3339 628 3390 p.
668 3327 876 3376 288.11
915 3323 1223 3377 miserrima
1258 3322 1467 3389 Abis,
1503 3322 1598 3376 vel
1633 3325 1855 3379 miseria
1887 3324 1982 3379 vel
2015 3327 2213 3380 misera
2252 3328 2387 3380 cett.

372 3393 666 3456 (miserima
702 3391 848 3459 duo),
888 3397 1008 3447 293.
1030 3399 1061 3444 3
1097 3409 1211 3446 non
1249 3408 1355 3446 om.
1394 3395 1459 3445 ut
1486 3393 1582 3446 aA
1617 3395 1797 3449 dolore
1823 3400 1874 3449 et
1907 3411 2050 3450 cruc.
2077 3411 2196 3450 noc.
2223 3413 2391 3451 suum

373 3463 416 3530 (‚
455 3468 572 3516 293.
596 3465 710 3531 31),
759 3468 879 3517 295.
901 3468 948 3516 6.
1021 3461 1102 3516 At
1143 3462 1268 3516 cod.
1316 3481 1350 3518 a
1396 3464 1495 3517 aut
1540 3463 1691 3517 solus
1740 3467 1839 3518 aut
1883 3481 2009 3519 cum
2054 3467 2251 3534 paucis
2302 3466 2391 3520 sui
