2534 3875
796 148 951 204 CAP.
994 153 1199 203 17—21
1242 155 1271 214 ξ
1311 155 1542 206 40-50,
2103 155 2185 220 13

132 291 391 378 agitur:
442 310 585 358 cun
631 310 795 357 mm:
841 309 1306 378 POSSIDERET,
1353 297 1420 359 et
1463 295 1589 361 hoo
1635 297 1946 393 amplius:
1993 315 2186 376 QUOD

130 397 281 446 NEC
321 399 397 446 vl
444 398 583 446 NEC
634 397 823 445 CLAM
868 397 1009 447 Neo
1054 399 1404 448 PRECAmo
1440 387 1889 450 rossmERET.
1969 385 2186 452 Multa
2223 365 2448 453 4?''“

133 470 380 534 dantur
428 469 514 554 ei,
562 469 673 554 qui
716 469 784 534 vi
839 470 1123 535 alterum
1178 470 1536 536 detrusisse
1591 471 1854 557 dicitur3
1913 496 2188 558 quorum

134 557 194 622 si
232 579 437 622 unum
478 557 819 642 quodlibet
852 559 1134 643 probare
1169 558 1368 624 iudici
1403 560 1710 644 potuerit,
1749 562 2010 627 etiamsi
2036 585 2188 629 oon-

77 662 106 704 ⁶
131 646 353 711 fessus
401 646 529 710 erit
573 667 645 711 se
688 645 757 710 vi
802 646 1127 731 deiecisse,
1172 647 1396 713 vincat
1437 669 1702 714 neeesse
1739 655 1861 734 est,
1906 650 2011 716 vel
2055 673 2188 716 non

132 733 511 819 possedisse
557 755 730 818 eum,
787 735 899 818 qui
945 735 1233 802 deiectus
1281 735 1396 820 sit,
1449 736 1556 801 vel
1601 737 1668 802 vi
1716 739 1803 803 ab
1847 759 1918 804 se
1963 760 2187 822 posse-

132 822 313 888 disse
358 821 466 887 vel
512 823 683 888 clam
728 823 833 888 vel
878 824 1193 909 precario,
1283 823 1394 906 Ei,
1455 824 1567 908 qui
1614 825 1692 890 de
1737 825 1808 891 vi
1850 826 2186 893 confessus

133 914 341 994 esset,
396 915 502 976 tot
558 911 966 977 defensiones
1022 918 1247 978 tamen
1303 912 1389 976 ad⁴
1441 934 1708 978 causam
1763 913 2187 980 obtinendam
2209 965 2294 1030 20

132 998 423 1064 maiores
482 999 905 1084 reliquerunt.
994 999 1141 1087 Age
1200 1000 1372 1064 illud
1425 1001 1710 1066 alterum
1767 1001 2187 1068 interdictum
2224 1043 2294 1094 46

55 1106 109 1144 ιο
137 1087 643 1171 consider-emus,
690 1088 863 1172 quod
907 1089 1065 1154 item
1102 1109 1276 1154 nnnc
1313 1092 1415 1154 est
1450 1089 1878 1155 constitutum
1917 1095 2189 1178 propter

138 1175 412 1240 eandem
436 1176 849 1260 iniquitatem
876 1181 1247 1262 temporum
1275 1177 1676 1263 nimiamque
1712 1178 2052 1245 hominum
2083 1229 2099 1246 .
2127 1229 2146 1246 .
2171 1231 2189 1247 .

777 1265 1019 1349 [Multa
1062 1266 1538 1346 desiderantum]

131 1353 297 1420 boni
336 1352 577 1418 debent
614 1353 841 1419 dicere.
915 1353 1137 1438 Atque
1182 1354 1299 1419 ille
1344 1354 1560 1440 legem
1606 1355 1774 1420 mihi
1817 1356 1895 1420 de
1941 1375 2044 1422 ΧΠ
2093 1361 2187 1422 ta·
2224 1375 2292 1426 47

130 1441 315 1506 bulis
362 1441 689 1525 recitavit,
746 1463 911 1528 quae
956 1442 1311 1527 permittit,
1369 1448 1444 1506 ut
1487 1442 1700 1507 furem
1745 1447 1944 1510 noctu
1989 1445 2188 1510 liceat

131 1529 433 1595 occidere
490 1535 555 1595 et
607 1531 765 1614 luci,
820 1530 879 1595 si
933 1553 1003 1595 se
1056 1531 1193 1595 telo
1252 1529 1586 1615 defendat,
1641 1535 1708 1596 et
1762 1532 1980 1618 legem
2025 1532 2189 1597 anti-

45 1635 101 1676 15
132 1641 339 1703 quam
396 1617 475 1682 de
529 1618 791 1704 legibus
848 1619 1151 1702 sacratis,
1207 1641 1373 1704 quae
1427 1619 1652 1684 iubeat
1696 1620 1937 1704 inpune
1985 1621 2188 1686 occidi

131 1729 316 1789 eum,
372 1706 486 1792 qui
539 1706 879 1772 tribunum
924 1708 1015 1793 pl.
1060 1707 1442 1792 pulsaverit.
1535 1705 1750 1792 Nihil,
1805 1712 1880 1772 ut
1937 1708 2189 1793 opinor,

129 1799 485 1880 praeterea
529 1795 607 1860 de
652 1795 931 1882 legibus.
1005 1795 1145 1872 Qua
1190 1795 1261 1860 in
1306 1817 1378 1860 re
1421 1795 1550 1861 hoc
1594 1795 1880 1880 primum
1927 1817 2188 1881 quaero,
2225 1813 2294 1864 48

131 1883 297 1967 quid
355 1883 438 1949 ad
490 1883 617 1951 hoe
670 1884 981 1950 iudicium
1027 1883 1292 1951 recitari
1335 1884 1502 1950 istas
1550 1885 1732 1971 leges
1778 1885 2188 1970 pertinuerit.

128 1971 322 2037 Num
376 1994 567 2057 quem
622 1974 963 2038 tribunum
1009 1974 1097 2057 pl.
1146 1973 1317 2038 servi
1361 1972 1452 2038 M.
1495 1972 1678 2037 Tulli.
1716 1974 2186 2060 pulsaverunt?

43 2080 99 2120 20
128 2060 297 2125 Non
356 2061 606 2147 opinor.
704 2060 885 2127 Num
950 2060 1244 2127 furatum
1307 2061 1570 2127 domum
1631 2061 1702 2129 P.
1759 2062 1930 2127 Fabi
1989 2067 2187 2129 noctu

126 2150 503 2215 venerunt?
595 2148 697 2215 Ne
751 2150 819 2214 id
876 2149 1153 2235 quidem.
1244 2149 1424 2215 Num
1470 2150 1614 2216 luce
1660 2150 1958 2215 furatum
1999 2172 2186 2216 vene-

128 2242 297 2303 runt
344 2242 410 2303 et
456 2260 526 2303 se
570 2240 707 2303 telo
755 2237 1220 2304 defenderunt?
1302 2236 1457 2303 Diei
1495 2260 1632 2304 non
1673 2242 1916 2323 potest.
2004 2239 2186 2323 Ergo

126 2326 289 2391 istis
325 2325 601 2411 legibus,
647 2348 809 2410 quas
855 2326 1169 2408 recitasti,
1214 2330 1389 2391 certe
1425 2348 1560 2391 non
1593 2326 1812 2413 potuit
1855 2326 2048 2391 istius
2094 2326 2187 2391 fa-

130 2414 330 2479 milia
373 2436 595 2479 servos
632 2414 719 2480 M.
758 2414 933 2479 Tulli
970 2414 1276 2480 occidere.
1353 2414 1572 2497 ‘Non’,
1615 2416 1848 2499 inquit,
1896 2414 2004 2481 ‘ad
2041 2436 2186 2480 eam

42 2522 99 2562 25
128 2525 279 2567 rem
326 2503 623 2587 recitavi,
668 2503 783 2569 sed
827 2506 903 2568 ut
946 2503 1073 2569 hoe
1114 2502 1562 2589 intellegeres,
1607 2526 1740 2568 non
1785 2504 2000 2569 visum
2045 2524 2186 2569 esse

128 2590 501 2657 maioribus
570 2592 818 2657 nostris
890 2596 1031 2657 tam
1091 2591 1432 2679 indignum
1495 2591 1668 2657 istuc
1729 2593 1948 2658 neseio
2015 2591 2188 2677 quid,

130 2700 341 2765 quam
394 2683 471 2745 tu
524 2684 747 2764 puta-s,
801 2679 1133 2745 hominem
1191 2680 1394 2747 occidi
1405 2678 1446 2747 ³.
1535 2680 1632 2745 At
1687 2682 1973 2766 primum
2016 2680 2185 2745 istae

128 2770 325 2853 ipsae
362 2768 562 2855 leges,
607 2790 776 2853 quas
808 2768 1063 2851 recitas,
1108 2772 1185 2833 ut
1222 2770 1488 2833 mittam
1523 2772 1758 2853 cetera,
1795 2768 2186 2854 significant,

130 2878 343 2943 quam
395 2856 726 2922 noluerint
782 2856 1064 2922 maiores
1116 2857 1354 2941 nostri,
1415 2857 1545 2922 nisi
1601 2878 1748 2923 eum
1801 2878 2184 2943 pernecesse

43 2966 101 3005 so
131 2949 344 3028 esset,
399 2945 734 3011 hominem
788 2944 1010 3011 occidi.
1101 2943 1396 3010 Primum
1441 2945 1573 3010 ista
1617 2945 1726 3010 lex
1763 2950 2020 3011 saerata
2067 2950 2186 3029 est,

131 3056 340 3119 quam
384 3037 705 3119 rogarunt
752 3032 1015 3115 armati,
1059 3037 1137 3098 ut
1180 3034 1462 3099 inermes
1509 3033 1650 3099 sine
1695 3035 1984 3119 periculo
2040 3055 2185 3117 pos-

130 3126 289 3187 sent
326 3142 486 3186 esse.
561 3120 773 3197 Quare
808 3144 943 3187 non
986 3120 1245 3205 iniuria,
1292 3142 1420 3206 quo
1467 3122 1860 3207 magistratu
1894 3122 2184 3187 munitae

128 3214 325 3295 leges
376 3212 557 3294 sunt,
616 3209 756 3275 eius-
798 3209 1251 3295 magistratus·
1278 3230 1514 3293 eorpus
1559 3210 1820 3296 legibus
1865 3210 2184 3275 vallatum

130 3320 279 3363 esse
328 3299 689 3362 voluerunt.
778 3296 1044 3382 Furem,
1102 3298 1228 3363 hoe
1283 3302 1386 3362 est
1428 3298 1824 3384 praedonem
1868 3301 1938 3363 et
1979 3297 2181 3362 latro·
2223 3312 2289 3363 50

43 3405 99 3445 85
128 3408 308 3470 nem,
344 3386 489 3451 luce
526 3385 731 3452 occidi
765 3390 995 3451 vetant
1032 3405 1139 3451 ΧΠ
1174 3386 1464 3469 tabulae3
1504 3408 1652 3451 eum
1687 3386 1864 3450 intra
1899 3385 2181 3470 parietes

130 3480 287 3539 tuos
326 3472 587 3540 hostem
633 3474 1071 3541 certissimum
1116 3479 1362 3555 teneaat,
1403 3476 1536 3541 nisi
1581 3496 1651 3540 se
1696 3473 1832 3538 telo
1879 3472 2182 3551 defendit,

2208 2378 2288 2440 21

2224 2469 2292 2517 49
