2534 3875
869 191 1022 248 CAP.
1061 199 1112 260 2,
1150 198 1182 246 3
1221 197 1251 258 ς
1291 197 1351 259 5,
1392 197 1441 246 c.
2015 194 2147 260 391

111 338 896 467 profectuskngimirum
953 336 1150 402 etiam
1204 336 1331 402 hoc
1384 337 1529 421 ipso
1585 336 1849 402 nomine
1904 339 2153 424 aliquid

113 478 130 494 .
165 479 182 492 .
211 451 276 492 1a
319 449 426 492 sus

437 568 882 634 FRAGMENTA
920 583 1396 633 scnomAs‘rAE
1429 565 1825 632 Bommxsls.

258 691 380 758 Sed
425 692 482 758 si
526 712 736 776 neque
773 689 974 755 Asiae
1011 689 1299 754 luxuries
1337 688 1853 756 infirmissimum
1892 695 2150 776 tempus

107 782 356 848 aetatis
383 777 506 820 *²¹⁶*

253 869 354 934 Ex
406 869 534 934 hoc
590 868 826 932 aetatis
883 867 1092 952 gradu
1149 887 1216 930 se
1275 865 1359 929 ad
1414 866 1765 932 exercitum
1815 863 1885 931 O.
1932 865 2151 934 Flacci

103 957 340 1045 patrui
383 956 678 1022 contulit.

255 1045 578 1110 Tribunus
625 1043 930 1109 militaris
978 1065 1123 1107 cum
1169 1040 1238 1106 P.
1287 1039 1590 1124 Servilio,
1646 1043 2034 1128 gravissimo
2083 1048 2187 1109 et·

106 1133 533 1200 sanctissimo
579 1132 738 1216 cive,
784 1129 1134 1216 profectus.

255 1221 543 1298 Quorum
589 1219 1011 1305 amplissimis
1057 1218 1315 1284 iudiciis
1363 1223 1631 1284 ornatus
1679 1223 1985 1303 quaestor
2020 1219 2153 1288 fac-

107 1318 230 1377 tus
279 1313 395 1375 est.

251 1398 338 1463 M.
381 1397 646 1480 Pisone,
714 1397 827 1482 qui
892 1417 1255 1481 cognomen
1317 1395 1726 1480 frugalitatis
1790 1397 1918 1460 nisi
1973 1417 2152 1462 acce-

99 1488 343 1574 pisset,
380 1487 522 1571 ipse
568 1485 945 1572 peperisset.

250 1575 432 1640 Idem
475 1595 716 1639 novum
763 1573 1006 1637 bellum
1052 1572 1340 1656 suscepit
1387 1574 1583 1655 atque
1630 1571 1927 1637 confecit.

249 1661 404 1727 Non
456 1662 656 1727 Asiae
719 1661 1026 1744 testibus,
1096 1661 1210 1726 sed
1265 1660 1753 1726 accusatoribus
1810 1661 2151 1726 contuber-

97 1751 379 1817 nalibus
423 1748 724 1815 traditus,

248 1838 442 1904 Hunc
497 1838 704 1923 igitur
757 1837 997 1920 virum,
1061 1835 1275 1918 Laeli,
1342 1836 1577 1920 quibus
1632 1838 1897 1901 tandem
1954 1837 2147 1902 rebus
2187 1816 2233 1882 3

93 1925 721 2083 {serafiffirf
759 1925 838 2079 ἐξ
881 1924 2150 2099 §.0533335010253251510
2187 1896 2224 1945 ⁶

684 2065 700 2098 ’
1261 2065 1276 2078 ο
1626 2063 1641 2079 ο
2126 2052 2153 2063 “

95 2110 259 2171 stor
311 2104 384 2169 in
427 2103 780 2188 Hispania3
834 2125 961 2168 vox
1016 2102 1092 2167 de
1150 2106 1505 2187 quaestura
1552 2102 1753 2167 missa
1798 2103 1985 2168 nulla
2031 2106 2151 2169 est.

97 2193 381 2259 Bellum
441 2190 748 2258 Cretense
811 2213 892 2257 ex
959 2212 1200 2277 magna
1262 2194 1451 2275 parte
1508 2190 1715 2276 gessit
1769 2194 1965 2275 atque
2020 2213 2154 2257 una

101 2304 268 2348 cum
341 2301 598 2345 summo
671 2280 1061 2363 imperatore
1135 2278 1469 2361 sustinuit3
1543 2281 1728 2343 muta
1792 2285 1894 2343 est
1956 2280 2150 2344 huius

93 2369 438 2454 temporis
493 2369 841 2434 accusatio.
930 2366 1284 2432 Praeturae
1329 2366 1490 2431 iuris
1538 2365 1763 2451 dictio,
1815 2389 1920 2431 res
1967 2368 2154 2432 varia

97 2463 178 2525 et
234 2457 584 2541 multiplex
633 2456 713 2521 ad
762 2455 1162 2541 suspiciones
1210 2460 1279 2519 et
1324 2454 1721 2538 simultates,
1772 2477 1908 2520 non
1954 2455 2151 2520 attin-

95 2548 314 2633 gitur.
407 2545 500 2609 At
544 2566 700 2610 vero
753 2544 824 2609 in
878 2565 1131 2609 summo
1188 2546 1255 2607 et
1300 2542 1853 2626 periculosissimo
1898 2545 1995 2609 rei
2039 2566 2154 2628 pu·

97 2634 330 2699 blicae
404 2636 702 2717 tempore
773 2633 974 2697 etiam
1047 2631 1130 2696 ab
1202 2630 1487 2695 inimicis
1552 2630 1778 2695 eadem
1841 2634 2153 2715 praetura

95 2722 447 2788 laudatur.
537 2721 631 2785 At
675 2744 715 2785 a
758 2721 1042 2785 testibus
1088 2719 1389 2783 laeditur.
1480 2718 1854 2804 Antequam
1902 2720 2066 2803 dico,
2112 2742 2152 2785 a

93 2810 358 2896 quibus
405 2830 534 2893 qua
579 2830 722 2893 spe,
777 2830 906 2893 qua
949 2808 1018 2873 vi
1032 2858 1051 2891 ,
1109 2829 1236 2891 qua
1280 2829 1351 2872 re
1398 2807 1771 2892 concitatis,
1819 2830 1948 2893 qua
1993 2808 2151 2873 levi-

91 2903 274 2982 tate,
323 2920 457 2983 qua
492 2900 806 2982 egestate,
853 2919 980 2981 qua
1015 2895 1305 2981 perfidia,
1343 2918 1473 2979 qua
1510 2896 1781 2961 audacia
1816 2895 2155 2982 praeditis,

93 2988 330 3051 dicam
396 2984 475 3050 de
530 3006 765 3070 genere
819 2984 1116 3049 universo
1173 2988 1240 3049 et
1294 2985 1371 3049 de
1428 2984 1803 3050 condicione
1859 2984 2152 3049 omnium

89 3078 440 3140 nostrum.
549 3074 673 3138 Per
737 3073 890 3138 deos
953 3072 1391 3138 immortales!
1464 3072 1737 3156 iudices,
1810 3093 1955 3155 vos,
2021 3093 2151 3156 quo

89 3163 311 3229 modo
362 3161 441 3246 is,
486 3162 598 3245 qui
644 3184 814 3227 anno
861 3165 1011 3225 ante
1047 3160 1295 3226 Romae
1330 3160 1434 3224 ius
1471 3159 1742 3241 dixerat,
1788 3181 1960 3224 anno
1995 3163 2153 3244 post

87 3254 172 3318 in
222 3248 400 3315 Asia
442 3249 544 3314 ius
591 3250 855 3331 dixerit,
915 3272 954 3314 a
997 3249 1279 3314 testibus
1327 3249 1653 3334 quaeretis
1699 3246 1976 3331 ignotis,
2021 3248 2152 3332 ipsi

88 3338 493 3407 coniectura
543 3337 708 3403 nihil
754 3336 1174 3403 iudicabitis?
1264 3336 1343 3401 In
1398 3339 1537 3400 tam
1592 3336 1774 3401 varia
1817 3334 1977 3401 iuris
2026 3335 2154 3401 dic-

87 3429 294 3493 tione
353 3430 492 3491 tam
547 3426 761 3491 multa
816 3426 1101 3506 decreta,
1154 3428 1260 3490 tot
1312 3424 1652 3489 hominum
1708 3423 2151 3509 gratiosorum

86 3518 338 3583 laesae
377 3513 780 3580 voluntates!
817 3536 981 3599 quae
1020 3517 1123 3579 est
1158 3534 1468 3597 umquam
1505 3513 1679 3577 iacta
1704 3533 1839 3578 non
1866 3513 2153 3600 suspicio
