2534 3875
662 885 757 958 M.
818 885 1102 958 TULLI
1159 886 1653 962 CICERONIS

188 1048 342 1131 DE
405 1049 686 1132 LEGE
751 1047 1224 1134 AGRARIA
1290 1049 1671 1135 ORATIO
1737 1052 2121 1137 TERTIA

135 1217 522 1291 CONTRA
579 1219 659 1292 P.
708 1218 1228 1306 SERVILIUM
1283 1220 1681 1294 RULLUM
1720 1222 1860 1296 TR.
1897 1224 2167 1297 PLEB.

817 1343 946 1415 AD
1000 1343 1470 1418 POPULUM.

860 1625 1450 1688 ARGUMENTUM.

281 1742 428 1796 Cum
464 1743 537 1796 M.
575 1741 769 1797 Cicero
808 1740 1063 1796 oratione
1103 1744 1301 1797 contra
1335 1743 1522 1812 legem
1561 1744 1843 1813 agrariam
1882 1744 2033 1814 apud
2069 1763 2170 1814 po-

133 1814 338 1882 pulum
375 1813 574 1866 habita
609 1813 824 1866 animos
861 1813 1149 1866 hominum
1191 1813 1263 1866 ab
1307 1813 1411 1867 illa
1454 1814 1581 1884 lege
1617 1831 1797 1885 paene
1832 1819 2169 1884 revocasset,

133 1883 192 1940 P.
234 1883 511 1939 Servilius
546 1883 745 1937 Rullus
790 1885 982 1937 tamen
1027 1884 1100 1938 ab
1148 1883 1414 1939 instituto
1466 1901 1566 1939 suo
1613 1901 1727 1941 non
1762 1888 2021 1955 recessit,
2070 1889 2170 1943 sed

135 1972 202 2010 co
250 1954 540 2009 Ciceronis
591 1955 984 2009 auctoritatem
1042 1954 1325 2009 infirmare
1376 1956 1619 2023 studuit,
1676 1958 1828 2025 quod
1875 1958 2169 2013 absentem

136 2025 1479 2153 ἓξῖιξῃὲἕιξὲῙῖἯεεωέἳῗὲἓξὲἨ0ἵᾷεείἘῖἓῖ
1501 2027 2171 2155 faigmeuffiaiifflssissffi

136 2165 468 2249 accepisset,
504 2166 626 2235 ipse
663 2113 980 2221 §glutionem
1019 2116 1356 2221 cgnvocavit
1392 2170 1561 2236 atque
1601 2170 1772 2223 etiam
1810 2169 1919 2223 hoc
1958 2120 2171 2223 crimen

133 2238 306 2291 inane
345 2252 469 2291 esse
505 2236 612 2290 hac
647 2236 806 2292 brevi
843 2237 1097 2291 oratione
1134 2238 1559 2294 demonstravit.
1620 2238 1829 2293 Postea
1863 2256 1997 2294 vero
2037 2256 2165 2294 cum

136 2309 314 2361 etiam
369 2306 428 2362 L.
469 2305 742 2361 Caecilius
793 2310 858 2363 tr.
916 2308 1063 2376 pleb.
1114 2324 1173 2361 se
1228 2308 1323 2378 leg
1326 2308 1347 2362 i
1404 2308 1675 2364 Serviliae
1729 2310 2167 2365 intercessurum

134 2394 260 2501 {sse
315 2378 821 2503 pssonussitiavisset,
869 2378 930 2433 P.
966 2378 1164 2432 Rullus
1211 2379 1579 2448 perferendae
1625 2380 1771 2449 legis
1811 2397 1946 2437 suae
1986 2381 2168 2436 consi-

181 2466 278 2501 um
318 2464 354 2501 a
394 2464 502 2503 1661

273 2664 691 2730 Commodius
754 2664 1062 2730 fecissent
1114 2664 1362 2729 tribuni
1422 2666 1658 2749 plebis,
1724 2664 2033 2748 Quirites,
2098 2668 2169 2748 si,
2210 2648 2247 2771 {-

139 2775 311 2837 quae
371 2754 542 2837 apud
596 2774 714 2817 vos
761 2754 837 2817 de
885 2776 988 2817 me
1035 2752 1361 2836 deferunt,
1418 2776 1493 2818 ea
1540 2776 1757 2819 coram
1802 2755 2022 2838 potius
2068 2777 2170 2819 me

137 2846 480 2925 praesente
544 2841 882 2924 dixissent3
942 2864 1096 2906 nam
1151 2845 1218 2906 et
1274 2842 1668 2925 aequitatem
1725 2846 1985 2907 vestrae
2039 2844 2170 2907 dis-

139 2928 533 3013 ceptationis
588 2932 656 2993 et
709 2930 1237 2994 consuetudinem
1297 2931 1699 3014 superiorum
1756 2933 1822 2994 et
1865 2930 1967 2994 ius
2015 2953 2169 2995 suae

85 3053 111 3092 5
140 3017 494 3100 potestatis
548 3017 988 3082 retinuissent.
1079 3016 1203 3083 Sed
1251 3019 1559 3101 quoniam
1605 3018 1813 3083 adhuc
1860 3040 2167 3102 praesens

141 3110 472 3169 certamen
518 3105 1125 3206 contentionemque
1170 3105 1508 3190 fugerunt,
1566 3128 1761 3185 nunc,
1810 3106 1866 3169 si
1912 3106 2169 3170 videtur

142 3194 256 3276 eis,
301 3194 373 3257 in
416 3215 629 3263 meam
675 3192 1044 3258 contionem
1089 3194 1410 3276 prodeant
1454 3199 1539 3277 et,
1586 3217 1711 3278 quo
1756 3194 2093 3277 provocati
2130 3217 2169 3259 a
2231 3270 2238 3277 ,

141 3304 250 3345 1116
321 3280 544 3347 venire
614 3283 989 3364 noluerunt,
1069 3283 1358 3346 revocati
1432 3284 1669 3346 saltem
1740 3286 2167 3347 revertantur.

139 3368 353 3434 Video
413 3370 755 3454 quosdam,
819 3368 1131 3447 Quirites,
1200 3370 1480 3453 strepitu
1536 3370 1903 3455 significare
1946 3372 2163 3436 nescio
2204 3389 2237 3435 2

65 3494 115 3532 10
144 3458 300 3541 quid
359 3461 426 3521 et
478 3480 612 3523 non
657 3457 918 3523 eosdem
963 3458 1215 3540 vultus,
1278 3480 1440 3542 quos
1486 3457 1783 3541 proxima
1828 3479 1975 3522 mea
2020 3480 2165 3523 con-

1741 3558 1845 3613 15*
