2534 3875
266 879 328 928 17

264 1988 330 2114 1}

266 3082 329 3131 19

365 186 499 250 464
658 187 755 241 DE
793 186 1003 274 DOMO
1042 186 1180 242 SUA
1216 188 1317 242 AD
1354 185 1784 242 PONTIFICES
1823 185 2108 242 ORATIO.

366 330 686 397 bonorum
716 331 1253 417 expostulatione,
1290 332 1720 416 inproborum
1747 331 2042 396 convicia
2071 330 2410 396 sustinere

366 440 497 484 non
552 425 865 503 poteram.
956 420 1273 505 Delegavi
1332 419 1541 485 amico
1596 419 2035 503 locupletiori,
2089 439 2224 484 non
2275 441 2410 503 quo

365 507 465 572 illi
529 508 627 572 ita
689 508 767 573 de
826 531 928 573 me
984 509 1217 574 merito
1277 530 1438 573 onus
1494 507 1660 573 illud
1713 508 2093 590 inponerem
2149 503 2410 593 (succu-

366 595 654 663 buissem
701 597 873 661 enim
918 597 1138 681 potius
1175 596 1368 681 ipse),
1415 596 1526 660 sed
1565 596 1719 681 quia
1754 594 2052 661 videbam
2089 595 2177 680 id,
2224 595 2410 680 quod

369 706 621 769 omnes,
686 684 857 768 quod
919 707 1039 750 nos
1103 685 1181 748 de
1236 683 1350 749 Cn.
1403 682 1715 767 Pompeio
1780 684 2270 768 polliceremur‚
2335 683 2409 747 id
2435 703 2458 744 ⁵

366 773 553 836 illum
598 773 741 856 fide,
790 773 1081 857 consilio,
1126 773 1388 857 virtute,
1433 772 1839 855 auctoritate,
1874 771 2189 838 felicitate
2228 772 2410 836 deni·

370 883 494 944 que
552 883 671 926 sua
723 861 1035 926 facillime
1091 862 1546 944 perfecturum.
1636 859 1869 944 Itaque
1927 861 2060 926 sive
2114 860 2296 925 hunc
2339 860 2408 924 di

367 949 773 1015 immortales
826 949 1112 1014 fructum
1166 951 1296 1013 mei
1349 949 1593 1014 reditus
1652 948 1896 1033 populo
1940 948 2240 1014 Romano
2289 949 2407 1012 tri-

370 1036 597 1119 buunt,
641 1042 734 1121 ut,
774 1059 965 1122 quem
1013 1038 1093 1102 ad
1129 1037 1395 1102 modum
1443 1037 1730 1102 discessu
1776 1058 1920 1101 meo
1957 1035 2220 1122 frugum
2259 1037 2402 1102 ino·

366 1126 495 1211 pia,
539 1125 764 1209 fames,
800 1127 1094 1209 vastitas,
1132 1125 1377 1210 caedes,
1412 1125 1725 1208 incendia,
1760 1125 2045 1209 rapinae,
2081 1126 2404 1190 scelerum
2431 1145 2476 1184 10

367 1213 721 1297 impunitas
731 1263 749 1297 ‚
795 1214 981 1300 fuga,
1024 1213 1338 1298 formid0‚
1385 1213 1706 1278 discordia
1747 1213 1999 1297 fuisset,
2045 1213 2138 1278 sic
2184 1213 2406 1278 reditu

368 1302 634 1366 ubertas
674 1323 1001 1388 agrorum,
1040 1302 1307 1388 frugum
1345 1303 1550 1386 copia,
1587 1322 1737 1387 spes
1776 1302 1913 1385 otii,
1948 1301 2404 1385 tranquillitas

369 1390 760 1474 animorum,
823 1390 1086 1471 iudicia,
1150 1391 1330 1476 leges
1341 1441 1358 1474 ,
1415 1389 1760 1456 concordia
1812 1389 2064 1473 populi,
2127 1395 2403 1456 senatus

370 1479 727 1544 auctoritas
774 1501 1025 1544 mecum
1068 1479 1259 1544 simul
1298 1478 1565 1544 reducta
1599 1477 1914 1562 videatur,
1961 1478 2097 1543 sive
2135 1481 2403 1562 egomet

369 1566 612 1650 aliquid
643 1567 925 1632 adventu
952 1589 1116 1644 me0‚
1154 1567 1445 1651 consilio,
1475 1565 1878 1650 auctoritate,
1907 1565 2252 1651 diligentia.
2279 1589 2400 1652 pro
2431 1586 2477 1628 15

368 1657 554 1720 tanto
593 1654 905 1721 beneficio
933 1655 1163 1740 populi
1188 1655 1469 1721 Romani
1495 1657 1829 1739 praestare
1858 1654 2076 1719 debui:
2111 1659 2403 1740 praesim,

366 1743 700 1828 promitto,
747 1743 1032 1827 spondeo
1082 1741 1278 1832 (nihil
1315 1743 1456 1808 dico
1493 1744 1790 1828 amplius,
1833 1743 1976 1831 hoc,
2022 1743 2198 1827 quod
2237 1744 2402 1809 satis

369 1834 469 1895 est
514 1832 665 1897 huic
702 1832 1003 1917 tempori,
1049 1829 1221 1919 dico)
1260 1854 1399 1897 rem
1436 1832 1765 1914 publicam
1803 1852 2098 1896 annonae
2133 1833 2404 1896 nomine

368 1920 438 1984 in
492 1919 559 1984 id
616 1920 987 2003 discrimen,
1045 1943 1172 2006 quo
1230 1922 1615 2005 vocabatur,
1668 1942 1802 1986 non
1847 1942 1987 1985 esse
2032 1923 2402 1987 venturam.

368 2007 542 2074 Num
588 2010 793 2095 igitur
836 2011 907 2074 in
953 2009 1077 2074 hoc
1123 2008 1360 2092 officio,
1407 2009 1579 2093 quod
1617 2008 1747 2073 fuit
1780 2008 2121 2093 praecipue
2159 2032 2402 2093 meum,
2427 2030 2474 2070 20

368 2098 692 2162 sententia
746 2120 891 2163 mea
943 2096 1480 2182 reprehenditur?
1571 2096 1733 2162 Rem
1787 2096 2138 2163 maximam
2194 2098 2398 2163 fuisse

370 2186 721 2267 summique
782 2186 1055 2270 periculi
1116 2207 1249 2250 non
1301 2185 1515 2251 solum
1572 2208 1611 2249 a
1664 2184 1862 2269 fame,
1928 2185 2040 2251 sed
2097 2186 2306 2251 etiam
2362 2209 2398 2251 a

370 2274 579 2352 caede,
626 2274 962 2357 incendiis,
998 2274 1310 2339 vastitate
1347 2294 1536 2339 nemo
1572 2276 1790 2359 negat,
1827 2294 1972 2339 cum
2009 2272 2092 2337 ad
2130 2295 2394 2339 causam

369 2362 663 2427 caritatis
718 2364 1050 2428 accederet
1102 2362 1229 2427 iste
1285 2362 1656 2447 speculator
1709 2361 2145 2427 communium
2202 2363 2395 2428 mise-

368 2450 629 2534 riarum,
677 2451 789 2534 qui
835 2472 1087 2535 semper
1130 2472 1209 2515 ex
1254 2450 1352 2515 rei
1395 2449 1694 2534 publicae
1741 2450 1933 2515 malis
1981 2450 2247 2515 sceleris
2295 2452 2394 2517 sui
2418 2469 2460 2510 25

367 2536 543 2602 faces
589 2538 1041 2603 inflammaret.

502 2623 723 2710 Negat
795 2626 1162 2712 oportuisse
1238 2626 1583 2711 quicquam
1655 2627 1769 2691 uni
1843 2629 2025 2691 extra
2099 2627 2392 2694 ordinem

370 2711 639 2777 decerni.
723 2712 875 2779 Non
918 2716 1051 2779 iam
1097 2715 1243 2780 tibi‘·
1269 2715 1365 2779 sic
1408 2714 1812 2798 respondebo
1858 2719 1934 2779 ut
1979 2717 2233 2800 ceteriS,
2279 2715 2390 2783 Cn.

368 2800 680 2886 Pompeio
717 2802 1015 2886 plurima,
1050 2802 1625 2888 periculosissima,
1661 2803 1948 2868 maxima
1984 2804 2152 2868 mari
2189 2808 2390 2870 terra·

370 2910 494 2973 que
530 2890 708 2954 bella
746 2894 929 2955 extra
965 2891 1254 2956 ordinem
1283 2912 1426 2956 esse
1455 2891 1832 2975 commissa3
1871 2913 2143 2975 quarum
2170 2913 2386 2958 rerum
2410 2910 2450 2950 ³⁰

371 2978 427 3042 si
464 3000 655 3064 quem
691 2978 1041 3063 paeniteat,
1080 3001 1226 3044 eum
1252 2979 1565 3045 victoriae
1601 2978 1830 3064 populi
1856 2979 2135 3045 Romani
2173 2983 2388 3065 paeni·

368 3070 522 3133 tere.
595 3065 750 3132 Non
794 3068 891 3132 ita
934 3071 1151 3133 tecum
1198 3088 1351 3152 ag03
1397 3089 1545 3132 cum
1589 3067 1671 3131 iis
1717 3067 1877 3133 haec
1921 3090 1962 3133 a
2007 3089 2110 3133 me
2159 3068 2386 3134 haberi

370 3154 579 3219 oratio
616 3158 856 3239 potest,
895 3156 1005 3241 qui
1040 3156 1137 3221 ita
1175 3154 1530 3240 disputant,
1567 3177 1655 3239 se,
1693 3154 1907 3240 siqua
1933 3178 2036 3220 res
2067 3155 2152 3221 ad
2188 3179 2385 3223 unum

370 3241 715 3308 deferenda
754 3244 859 3328 sit,
906 3244 989 3308 ad
1017 3241 1131 3309 On.
1157 3242 1542 3328 Pompeium
1579 3242 1910 3309 delaturos
1945 3243 2383 3329 potissimum;

370 3328 482 3392 sed
528 3350 596 3393 se
643 3336 830 3396 extra
876 3331 1168 3397 ordinem
1212 3330 1378 3396 nihil
1427 3330 1728 3415 cuiquam
1765 3331 1946 3415 dare3
1992 3333 2167 3417 quod
2201 3332 2381 3399 Pom·
2404 3347 2444 3389 ⁵⁵

367 3416 513 3497 peio
562 3416 784 3482 datum
833 3419 938 3502 sit,
983 3418 1051 3483 id
1096 3439 1165 3483 se
1210 3438 1330 3501 pro
1379 3418 1697 3504 dignitate
1734 3418 2017 3485 hominis
2054 3442 2288 3487 ornare
2322 3426 2383 3486 et

366 3502 539 3565 tueri
583 3504 808 3572 solere.
900 3505 1152 3571 Horum
1199 3526 1322 3591 ego
1369 3506 1762 3572 sententiam
1806 3528 1888 3573 ne
1934 3508 2218 3593 laudem,
2271 3510 2379 3573 im·
