2534 3875
377 174 506 239 368
974 172 1120 226 PRO
1163 173 1222 227 P.
1262 170 1498 226 SULLA
1535 170 1824 227 ORATIO.

377 342 455 385 ea
508 318 876 401 dicendum,
929 338 1327 401 quamquam
1384 338 1424 381 a
1469 338 1573 381 me
1617 316 1847 381 timide
1892 315 2273 402 modiceque
2319 316 2410 380 di-

313 487 318 491 ·
377 406 612 490 cetur),
667 406 866 491 quid?
922 406 1216 490 inquam,
1269 405 1432 469 haec
1488 405 1845 470 auctoritas
1900 410 2159 489 nostra,
2212 406 2328 489 qui
2374 427 2413 469 a

277 1129 342 1178 81

282 2977 349 3027 82

380 497 609 561 ceteris
675 494 1141 559 coniurationis
1207 494 1422 559 causis
1486 493 1957 576 abstinuimuS,
2024 492 2095 557 P.
2160 490 2415 557 Sullam

380 583 812 664 defendimus,
867 582 1034 648 nihil
1090 582 1264 647 hunc
1318 581 1585 647 tandem
1635 580 1936 646 iuvabit?
2037 578 2256 646 Grave
2311 586 2416 646 est

377 673 504 738 hoc
539 672 718 737 dictu
751 670 1051 754 fortasse,
1089 669 1351 749 iudiceS,
1388 690 1607 756 grave,
1644 669 1703 734 si
1739 669 2109 753 appetimus
2137 669 2417 754 aliquid3
2454 688 2488 727 ⁵

381 762 455 843 si,
501 782 648 824 cum
697 759 893 824 ceteri
940 759 1018 822 de
1062 757 1254 823 nobis
1304 758 1519 840 silent,
1564 778 1699 822 non
1742 760 1943 823 etiam
1988 762 2251 823 nosmet
2284 758 2421 843 ipsi

377 853 697 928 tacemuS,
757 868 984 929 grave3
1047 845 1188 930 sed,
1248 846 1309 910 si
1366 845 1713 929 laedimur,
1772 845 1830 909 si
1888 867 2298 928 accusamur,
2360 849 2421 911 si

379 937 450 1000 in
520 935 832 1001 invidiam
907 955 1243 1018 vocamur,
1324 933 1616 1018 profecto
1692 934 2071 1017 conceditis,
2150 934 2424 1018 iudices,

381 1028 457 1088 ut
520 1023 711 1088 nobis
775 1022 1152 1087 libertatem
1210 1022 1489 1087 retinere
1549 1022 1773 1105 liceat,
1838 1022 1896 1087 si
1949 1024 2165 1087 minus
2220 1023 2423 1089 liceat

384 1112 795 1196 dignitatem.
859 1108 1172 1175 Accusati
1217 1114 1375 1175 sunt
1418 1132 1548 1176 uno
1595 1110 1856 1175 nomine
1902 1111 2298 1193 consulares,
2342 1116 2425 1177 ut
2460 1131 2522 1169 ιο

382 1201 513 1265 iam
559 1199 857 1264 videatur
900 1198 1169 1264 honoris
1216 1198 1609 1282 amplissimi
1652 1220 1893 1263 nomen
1935 1198 2087 1284 plus
2130 1199 2425 1265 invidiae

383 1310 576 1372 quam
608 1286 951 1373 dignitatis
982 1287 1250 1354 adferre.
1324 1286 1761 1369 ‘Adfuerunt’,
1796 1287 2028 1372 inquit,
2064 1284 2426 1354 ‘Catilinae

381 1376 696 1459 illumque
751 1374 1142 1441 laudarunt?
1233 1374 1440 1440 Nulla
1492 1380 1633 1440 tum
1688 1376 1987 1460 patebat,
2040 1376 2228 1440 nulla
2276 1383 2427 1442 erat

383 1464 653 1547 cognita
700 1463 1094 1547 coniurati03
1138 1462 1575 1528 defendebant
1611 1463 1911 1547 amicum,
1957 1464 2233 1528 aderant
2272 1487 2427 1551 sup-

383 1551 568 1637 plici,
633 1551 807 1617 vitae
873 1553 1009 1618 eius
1075 1551 1548 1635 turpitudinem
1603 1551 1671 1616 in
1728 1552 2000 1617 summis
2056 1552 2195 1617 eius
2250 1554 2427 1637 peri-
2458 1571 2519 1609 1⁵

385 1639 545 1704 culis
609 1661 744 1705 non
806 1640 1336 1723 insequebantur.
1447 1637 1619 1716 Quin
1682 1640 1878 1705 etiam
1943 1662 2180 1724 parens
2246 1647 2428 1726 tuuS,

384 1727 733 1813 Torquate,
777 1728 1006 1793 consul
1052 1750 1164 1793 reo
1213 1728 1291 1792 de
1336 1727 1626 1813 pecuniis
1671 1728 2044 1813 repetundis
2092 1728 2428 1795 Catilinae

384 1817 509 1881 fuit
555 1816 936 1900 advocatus,
990 1816 1291 1899 improbo
1337 1815 1616 1899 homini,
1667 1820 1739 1881 at
1785 1818 2089 1902 supplici,
2133 1816 2429 1884 fortasse

385 1904 631 1989 audaci,
677 1908 748 1970 at
793 1904 1138 1989 aliquando
1188 1904 1416 1970 amico·
1500 1902 1621 1970 Oui
1667 1926 1811 1971 cum
1860 1905 2069 1971 adfuit
2114 1910 2271 1991 post
2316 1908 2429 1973 de-

383 1994 590 2058 latam
637 1994 720 2057 ad
767 2014 912 2058 eum
959 1993 1240 2078 primam
1286 1994 1471 2060 illam
1517 1993 2058 2078 coniurationem,
2103 1995 2429 2061 indicavit
2460 2015 2513 2052 2⁰

388 2105 456 2146 se
495 2081 752 2146 audisse
801 2081 1067 2165 aliquid,
1110 2103 1243 2147 non
1291 2082 1659 2147 credidisse.
1752 2082 1869 2147 ‘At
1913 2082 2087 2149 idem
2130 2105 2267 2148 non
2314 2086 2429 2150 ad·

384 2169 513 2234 fuit
575 2169 706 2234 alio
762 2169 831 2234 in
875 2169 1139 2254 iudicio,
1193 2193 1339 2235 cum
1388 2170 1693 2235 adessent
1738 2169 1977 2237 ceteri?
2070 2171 2138 2237 Si
2184 2176 2429 2257 postea

387 2264 705 2343 cognorat
757 2259 901 2342 ipse
956 2257 1229 2342 aliquid,
1286 2258 1457 2341 quod
1513 2259 1584 2324 in
1628 2260 1972 2325 consulatu
2027 2258 2428 2345 ignorasset,

385 2347 853 2431 ignoscendum
910 2350 1012 2410 est
1065 2346 1174 2429 iis,
1231 2347 1345 2431 qui
1398 2351 1632 2431 postea
1673 2348 1841 2412 nihil
1888 2348 2260 2433 audierunt3
2318 2352 2428 2415 sin

388 2435 506 2498 illa
566 2455 672 2499 res
739 2435 952 2518 prima
1012 2434 1246 2516 valuit,
1307 2457 1466 2500 num
1520 2435 1885 2501 inveterata
1940 2457 2136 2520 quam
2190 2459 2424 2503 recens
2452 2455 2502 2494 2⁵

387 2522 613 2586 debuit
657 2543 798 2587 esse
837 2522 1142 2608 gravior?
1208 2521 1337 2587 Sed
1374 2523 1431 2588 si
1467 2528 1618 2588 tuus
1654 2546 1889 2609 parens
1927 2525 2125 2590 etiam
2164 2527 2233 2590 in
2270 2527 2425 2612 ipsa

389 2611 756 2695 suspicione
827 2612 1101 2694 periculi
1174 2613 1276 2676 sui
1340 2616 1565 2676 tamen
1624 2612 2035 2679 humanitate
2099 2614 2423 2680 adductus

389 2698 880 2764 advocationem
925 2698 1208 2764 hominis
1253 2699 1725 2784 improbissimi
1770 2702 1935 2766 sella
1972 2703 2180 2767 curuli
2218 2707 2422 2788 atque

388 2788 790 2851 ornamentis
838 2792 905 2851 et
949 2787 1085 2852 suis
1131 2792 1198 2851 et
1242 2788 1619 2854 consulatus
1666 2788 2057 2875 honestavit,
2103 2791 2259 2876 quid
2298 2799 2424 2877 est,

389 2896 583 2958 quam
657 2874 742 2939 ob
808 2896 946 2939 rem
1009 2875 1413 2959 consulares,
1486 2875 1599 2960 qui
1661 2874 1983 2942 Catilinae
2049 2877 2420 2966 adfuerunt,
2448 2899 2501 2938 ³⁰

388 2962 986 3047 reprehendantur?
1060 2962 1178 3026 At
1221 2963 1393 3028 idem
1440 2964 1540 3048 iis,
1587 2965 1697 3048 qui
1743 2969 1892 3030 ante
1936 2966 2108 3031 hunc
2152 2989 2423 3035 causam
2512 2973 2514 3004 ³

389 3051 468 3114 de
515 3051 960 3115 coniuratione
1007 3051 1326 3134 dixerunt,
1368 3073 1502 3116 non
1546 3052 1934 3119 adfuerunt?
2024 3053 2238 3121 Tanto
2285 3079 2422 3123 sce·

389 3140 522 3204 lere
587 3139 873 3204 astrictis
936 3139 1313 3204 hominibus
1370 3144 1743 3207 statuerunt
1792 3142 1962 3206 nihil
2018 3165 2058 3208 a
2112 3165 2181 3208 se
2240 3146 2421 3211 adiu-

389 3227 619 3311 menti,
665 3227 830 3292 nihil
877 3248 1050 3311 opis,
1105 3227 1275 3292 nihil
1322 3228 1549 3293 auxilii
1583 3227 1741 3294 ferri
1790 3234 2105 3314 oportere.
2196 3233 2421 3319 Atque

387 3319 464 3379 ut
509 3315 587 3379 de
635 3336 857 3379 eorum
903 3317 1276 3381 constantia
1318 3320 1512 3401 atque
1548 3317 1766 3382 animo
1804 3319 1875 3382 in
1908 3340 2047 3384 rem
2083 3320 2419 3404 publicam
2448 3340 2499 3380 3⁵

391 3403 630 3485 dicam,
690 3425 964 3487 quorum
1019 3405 1224 3468 tacita
1280 3405 1569 3490 gravitas
1624 3410 1693 3471 et
1744 3405 1907 3472 fides
1962 3407 2039 3472 de
2084 3429 2215 3474 uno
2264 3433 2421 3494 quo·

392 3511 514 3572 que
578 3490 869 3573 loquitur
933 3512 1142 3575 neque
1209 3492 1586 3576 cuiusquam
1654 3499 2036 3560 ornamenta
2098 3497 2418 3564 orationis
2508 3536 2510 3545 =
