2534 3875
856 173 1007 229 CAP.
1047 178 1185 226 5—7
1224 177 1255 238 ς,
1299 178 1522 226 10-14,
2069 131 2200 237 293

174 318 548 384 misericors
615 339 700 382 an
760 316 1335 382 inhumanissimus
1401 319 1468 382 et
1520 316 2004 383 crudelissimus
2060 339 2200 384 esse

176 407 496 472 videatur.
583 403 750 471 Mihi
804 426 959 469 vero
1015 405 1403 490 inportunus
1461 426 1535 470 ac
1584 404 1856 490 ferreus,
1913 406 2025 490 qui
2069 428 2203 472 non

179 495 407 560 dolore
444 497 513 559 et
545 493 835 560 cruciatu
861 492 1155 559 nocentis
1185 514 1375 557 suum
1405 492 1694 560 dolorem
1722 492 2204 579 cruciatumque

181 583 457 648 lenierit.
550 580 657 647 Sic
702 601 820 647 nos
864 581 936 646 in
977 580 1082 647 his
1125 581 1518 666 hominibus,
1562 581 1674 665 qui
1716 602 1854 664 nos,
1899 581 2013 666 qui
2057 603 2204 647 con·

122 690 151 729 5
182 672 387 758 iuges,
436 670 547 756 qui
581 670 825 735 liberos
861 673 1123 734 nostros
1159 669 1482 736 trucidare
1521 670 1883 752 voluerunt,
1927 669 2042 754 qui
2077 671 2204 735 sin-

180 761 371 846 gulas
410 760 603 824 unius
640 758 948 841 cuiusque
983 760 1285 822 nostrum
1320 758 1548 824 domos
1587 761 1654 822 et
1677 758 1802 823 hoc
1830 758 2202 824 universum

178 849 277 912 rei
338 847 637 932 publicae
701 845 1099 912 domicilium
1162 844 1376 910 delere
1439 846 1658 912 conati
1720 850 1901 930 sunt,
1962 847 2074 930 qui
2136 847 2204 910 id

182 939 486 1022 egerunt,
558 938 634 1000 ut
696 937 959 1021 gentem
1022 933 1455 1019 Allobrogum
1517 934 1588 1000 in
1649 934 1946 1021 vestigiis
2009 934 2204 1000 huius

180 1024 366 1089 urbis
412 1028 608 1108 atque
651 1023 721 1088 in
766 1022 978 1089 cinere
1016 1022 1362 1106 deflagrati
1396 1022 1655 1107 imperii
1692 1023 2102 1108 collocarent,
2147 1024 2204 1088 si

98 1131 153 1170 ιο
180 1111 740 1177 vehementissimi
782 1109 1114 1193 fuerimuS,
1158 1110 1604 1176 misericordes
1641 1111 2058 1195 habebimur3
2105 1111 2207 1176 sin

182 1200 589 1265 remissiores
626 1220 767 1264 esse
794 1198 1210 1282 voluerimus,
1247 1219 1537 1264 summae
1572 1199 1764 1265 nobis
1801 1199 2204 1265 crudelitatis

179 1289 252 1352 in
324 1287 573 1372 patriae
647 1286 1011 1370 civiumque
1079 1286 1364 1370 pernicie
1434 1286 1613 1351 fama
1684 1287 2016 1353 subeunda
2085 1293 2203 1354 est,

180 1375 332 1441 Nisi
375 1397 529 1441 vero
574 1375 857 1460 cuipiam
897 1373 971 1439 L.
1000 1373 1255 1458 Caesar,
1301 1374 1404 1439 vir
1445 1373 1844 1440 fortissimus
1882 1379 1949 1440 et
1986 1399 2204 1442 aman—

180 1465 477 1530 tissimus
532 1465 628 1528 rei
682 1463 1009 1547 publicae,
1072 1462 1395 1528 crudelior
1445 1463 1680 1527 nudius
1735 1463 1970 1528 tertius
2023 1465 2203 1530 visus

98 1570 152 1610 ιε’»
183 1557 313 1637 est,
385 1575 532 1618 cum
596 1551 839 1617 sororis
904 1573 1087 1635 suae,
1157 1549 1437 1615 feminae
1500 1550 1920 1633 lectissimae,
1991 1552 2202 1619 virum

182 1645 591 1725 praesentem
656 1644 724 1704 et
778 1639 1144 1704 audientem
1198 1638 1340 1703 vita
1389 1638 1776 1722 privandum
1831 1660 1971 1703 esse
2026 1640 2206 1724 dixit,

184 1750 333 1794 cum
377 1750 573 1794 avum
619 1750 807 1794 suum
851 1727 1034 1792 iussu
1078 1726 1364 1792 consulis
1410 1725 1826 1792 interfectum
1869 1726 2203 1812 filiumque

186 1818 324 1882 eius
376 1817 756 1901 inpuberem
811 1816 1104 1902 legatum
1159 1837 1199 1878 a
1251 1818 1440 1898 patre
1477 1813 1770 1880 missum
1823 1814 1894 1879 in
1949 1827 2204 1880 carcere

0 1955 1 1988 ³
183 1909 482 1971 necatum
520 1925 661 1971 esse
698 1903 877 1969 dixit.
942 1902 1232 1980 Quorum
1269 1903 1442 1988 quod
1479 1903 1690 1969 simile
1725 1902 1994 1989 factum,
2031 1905 2204 1988 quod

98 2013 155 2052 20
182 1995 421 2059 initum
483 1993 791 2059 delendae
853 1993 951 2058 rei
1003 1993 1302 2078 publicae
1355 1992 1738 2057 consilium?
1804 1992 2204 2078 Largitionis

184 2083 489 2148 voluntas
552 2086 696 2147 tum
757 2082 825 2146 in
888 2102 960 2146 re
1014 2080 1276 2164 publica
1330 2085 1592 2145 versata
1643 2084 1745 2145 est
1799 2084 1868 2145 et
1917 2080 2206 2166 partium

186 2170 507 2255 quaedam
558 2169 909 2236 contentio.
1001 2170 1219 2254 Atque
1275 2168 1394 2233 illo
1449 2172 1742 2253 tempore
1796 2168 1988 2233 huius
2045 2190 2204 2234 avus

182 2258 465 2342 Lentuli,
508 2258 608 2323 vir
653 2257 1071 2340 clarissimus,
1117 2260 1407 2321 armatus
1445 2255 1807 2323 Gracchum
1855 2261 1958 2322 est
1989 2278 2203 2342 perse-

184 2351 391 2412 cutuS.
478 2344 599 2411 Ille
646 2346 848 2412 etiam
892 2367 1095 2433 grave
1138 2349 1281 2408 tum
1329 2344 1558 2409 vulnus
1604 2345 1880 2429 accepit,
1922 2366 2004 2412 ne
2052 2345 2206 2430 quid

101 2452 156 2493 25
186 2435 265 2500 de
310 2456 565 2500 summa
605 2456 678 2499 re
723 2434 985 2519 publica
1029 2432 1534 2517 deminueretur;
1578 2432 1686 2497 hic
1731 2433 1816 2498 ad
1861 2434 2206 2499 evertenda

183 2523 282 2588 rei
324 2523 625 2608 publicae
667 2521 1087 2587 fundamenta
1132 2519 1362 2586 Gallos
1408 2520 1698 2599 accersit,
1748 2522 2015 2587 servitia
2057 2544 2232 2592 con-.

184 2611 377 2696 citat,
424 2609 777 2676 Catilinam
821 2613 1040 2694 vocat,
1096 2608 1410 2675 adtribuit
1454 2630 1574 2674 nos
1621 2609 2039 2676 trucidandos
2086 2608 2204 2676 Ce-

184 2700 387 2783 thego
444 2703 512 2764 et
565 2703 814 2765 ceteros
869 2697 1028 2763 civis
1086 2697 1563 2761 interficiendos
1615 2695 1922 2783 Gabinio,
1975 2699 2204 2764 urbem

185 2787 717 2853 inflammandam
765 2786 1012 2870 Cassio,
1056 2789 1269 2850 totam
1313 2784 1576 2850 Italiam
1623 2786 2009 2852 vastandam
2051 2786 2207 2851 diri-

100 2894 158 2934 so
186 2875 617 2961 piendamque
671 2873 1010 2940 Catilinae.
1080 2873 1454 2939 Vereamini
1513 2894 1772 2957 censeo,
1822 2895 1904 2939 ne
1957 2875 2028 2939 in
2080 2874 2206 2940 hoc

190 2964 431 3029 scelere
483 2968 624 3029 tam
674 2964 944 3028 immani
999 2984 1075 3027 ac
1125 2961 1407 3027 nefando
1450 2961 1646 3027 nimis
1693 2961 1938 3046 aliquid
1985 2984 2205 3027 severe

190 3051 500 3118 statuisse
552 3050 928 3135 videamini3
995 3051 1202 3116 multo
1257 3049 1470 3135 magis
1526 3054 1628 3115 est
1682 3049 2058 3133 verendum,
2121 3071 2206 3115 ne

190 3140 571 3205 remissione
626 3160 873 3224 poenae
927 3138 1216 3204 crudeles
1269 3138 1341 3203 in
1392 3138 1674 3222 patriam
1730 3159 1926 3222 quam
1977 3159 2060 3203 ne
2107 3160 2204 3202 se·

188 3228 465 3293 veritate
510 3226 1089 3295 animadversionis
1132 3226 1328 3291 nimis
1373 3225 1786 3291 vehementes
1821 3226 1892 3291 in
1930 3225 2204 3291 acerbis-

96 3332 155 3375 35
194 3316 395 3381 simos
438 3315 648 3383 hostis
684 3314 886 3380 fuisse
930 3314 1280 3380 videamur.

328 3403 454 3469 Sed
488 3426 583 3483 ea,
618 3425 783 3488 quae
819 3402 1107 3488 exaudi0,
1144 3406 1366 3488 patres
1395 3402 1765 3488 conscripti,
1802 3402 2205 3468 dissimulare

189 3512 324 3559 non
375 3514 659 3577 possum.
748 3490 1084 3557 Iaciuntur
1128 3492 1302 3557 enim
1346 3513 1563 3575 voces,
1618 3513 1780 3575 quae
1825 3491 2206 3578 perveniunt

2245 1391 2308 1439 13

2157 3352 2161 3355 ’
2243 3379 2283 3442 7

2245 3458 2312 3507 14
