2534 3875
306 134 439 200 534
628 133 725 187 DE
763 133 1231 190 HARUSPICUM
1266 133 1641 190 RESPONSO
1682 134 1971 192 ORATIO.

304 278 567 343 flamma
629 277 890 344 illorum
953 281 1319 362 temporum
1383 279 1838 345 coniciebatur.
1945 279 2189 366 Excepi
2257 288 2331 347 et

306 388 424 451 pro
471 366 683 450 patria
731 366 907 431 solus
955 367 1181 450 exarsi,
1230 366 1323 431 sic
1367 370 1604 450 tamen,
1649 370 1723 432 ut
1759 389 1876 432 vos
1913 368 2118 432 isdem
2153 369 2300 457 igni

306 455 429 518 bus
490 454 939 538 circumsaepti
994 475 1096 518 me
1143 455 1424 538 primum
1469 455 1669 520 ictum
1713 477 1834 540 pro
1879 456 2065 521 vobis
2111 461 2178 520 et
2221 457 2326 522 fu-

198 521 288 652 {52
308 546 593 606 mantem
655 542 979 607 videretis·
1086 540 1239 606 Non
1303 542 1695 608 sedabantur
1759 543 2140 628 discordiae,
2203 547 2324 610 sed

310 631 506 695 etiam
562 631 889 697 crescebat
942 631 1013 693 in
1066 651 1175 695 eos
1234 631 1478 713 odium,
1533 653 1574 695 a
1619 631 1850 714 quibus
1893 653 2015 697 nos
2061 631 2322 698 defendi
2351 650 2382 690 5

304 719 709 802 putabamur.
780 716 947 784 Ecce
991 718 1196 782 isdem
1232 718 1622 802 auctoribus,
1665 718 1975 803 Pompeio
2012 721 2321 806 principe,

306 808 416 890 qui
456 807 819 891 cupientem
853 806 1134 889 Italiam,
1170 806 1540 892 flagitantes
1576 828 1710 890 voS,
1741 808 2052 890 populum
2079 807 2322 874 Roma-

305 917 462 959 num
500 895 966 958 desiderantem
993 915 1125 958 non
1152 895 1537 959 auctoritate
1568 917 1685 961 sua
1713 895 1940 978 solum,
1977 897 2089 960 sed
2117 898 2321 962 etiam

304 982 601 1066 precibus
658 983 737 1047 ad
783 1003 993 1046 meam
1041 982 1318 1046 salutem
1363 983 1694 1066 excitavit,
1750 984 2033 1047 restituti
2079 1007 2318 1051 sumus,

308 1069 407 1134 Sit
460 1070 922 1136 discordiarum
976 1068 1125 1134 finis
1181 1070 1553 1155 aliquando,
1608 1092 1649 1135 a
1702 1071 2022 1136 diuturnis
2073 1072 2320 1138 dissen—
2343 1091 2398 1130 1⁰
2512 1097 2513 1106 ¹

306 1159 594 1223 sionibus
642 1158 1185 1241 conquiescamus„
1265 1157 1415 1223 Non
1463 1159 1620 1223 sinit
1664 1159 1885 1224 eadem
1929 1159 2059 1224 ista
2105 1161 2314 1234 labes;

304 1268 413 1310 eas
459 1245 659 1310 habet
703 1247 1059 1328 contiones,
1106 1267 1181 1310 ea
1228 1247 1456 1311 miscet
1502 1269 1577 1312 ac
1620 1247 1871 1330 turbat,
1917 1251 1991 1312 ut
2033 1250 2211 1314 modo
2254 1269 2318 1314 se

302 1334 417 1418 MS,
464 1333 653 1398 modo
701 1333 936 1398 vendat
969 1333 1120 1416 illis,
1164 1355 1283 1398 nec
1327 1338 1546 1399 tamen
1581 1334 1692 1417 ita,
1737 1338 1812 1398 ut
1849 1357 1918 1400 se
1957 1336 2315 1421 quisquam,

305 1421 363 1485 si
409 1423 490 1486 ab
534 1422 664 1486 isto
710 1423 1009 1486 laudatus
1058 1422 1161 1504 sit,
1207 1422 1635 1487 laudatiorem
1679 1427 1880 1505 putet,
1927 1423 2039 1488 sed
2074 1429 2150 1488 ut
2187 1446 2314 1508 eos,
2512 1477 2513 1494 2

305 1531 465 1593 quos
500 1531 633 1574 non
666 1515 905 1594 amant,
941 1510 1022 1574 ab
1052 1473 1274 1574 eodem
1304 1510 1628 1593 gaudeant
1657 1511 2028 1595 vituperari.
2093 1511 2313 1596 Atque
2341 1529 2394 1570 1⁵
2512 1519 2513 1594 ξ

228 1607 231 1610 ’
304 1618 426 1683 ego
481 1597 652 1662 hunc
705 1619 836 1662 non
890 1598 1091 1662 miror
1147 1595 1329 1681 (quid
1373 1599 1544 1662 enim
1588 1597 1788 1663 faciat
1832 1599 2129 1700 aliud?);·
2161 1600 2313 1665 illos
2512 1619 2513 1626 ¹

304 1685 599 1750 homines
638 1685 1150 1770 sapientissimos
1190 1685 1736 1771 gravissimosque
1775 1687 1995 1770 miror,
2030 1687 2314 1770 primum

306 1773 475 1858 quod
520 1795 907 1857 quemquam
953 1775 1197 1839 clarum
1240 1774 1570 1839 hominem
1616 1776 1809 1858 atque
1848 1775 2090 1858 optime
2127 1776 2204 1840 de
2240 1797 2314 1839 re

303 1862 563 1945 publica
607 1882 796 1945 saepe
842 1862 1142 1926 meritum
1188 1862 1610 1946 impurissimi
1654 1883 1810 1926 voce
1854 1861 2134 1927 hominis
2177 1862 2311 1928 vio-

303 1950 427 2014 lari
471 1950 659 2015 facile
704 1950 1067 2034 patiuntur,
1124 1950 1351 2015 deinde
1397 1952 1454 2015 si
1501 1951 1875 2015 existimant
1917 1950 2152 2035 perditi
2193 1951 2309 2015 ho·
2339 1969 2394 2009 20

305 2038 499 2103 minis
543 2038 997 2123 profligatique
1042 2038 1400 2102 maledictis
1445 2060 1662 2121 posse,
1719 2038 1787 2102 id
1833 2038 2002 2123 quod
2046 2038 2311 2104 minime

304 2125 601 2191 conducit
647 2127 831 2210 ipsiS,
876 2127 1251 2211 cuiusquam
1299 2127 1577 2210 gloriam
1623 2127 2134 2211 dignitatemque
2179 2127 2314 2192 vio-

306 2216 448 2298 lari,
490 2218 820 2299 postremo
869 2215 1039 2298 quod
1072 2236 1204 2280 non
1240 2213 1544 2297 sentiunt,
1579 2213 1645 2278 id
1691 2215 1859 2299 quod
1895 2218 2116 2279 tamen
2151 2214 2315 2279 mihi

304 2303 435 2366 i-am
482 2302 793 2387 suspicari
836 2302 1153 2386 videntur,
1198 2302 1376 2366 illius
1420 2301 1692 2367 furentis
1733 2324 1809 2368 ac
1843 2304 2160 2368 volaticos
2196 2303 2314 2367 im—

194 2408 267 2456 47
304 2395 492 2474 petus
536 2391 605 2455 in
650 2412 719 2455 se
761 2390 939 2474 ipsos
985 2412 1177 2475 posse
1221 2390 1526 2455 converti.
1587 2389 1806 2475 Atque
1843 2412 1920 2455 ex
1954 2392 2078 2455 hac
2111 2390 2314 2455 nimia
2341 2409 2402 2459 2⁵.
2512 2382 2513 2435 5

304 2498 436 2541 non
477 2479 803 2543 nullorum
842 2479 1227 2544 alienatione
1266 2500 1305 2543 a
1341 2478 1723 2563 quibusdam
1758 2479 2027 2543 haerent
2062 2500 2142 2563 ea
2177 2480 2312 2543 tela

301 2566 373 2631 in
426 2586 495 2629 re
550 2566 837 2649 publica,
902 2589 1063 2651 quae
1117 2566 1422 2650 quamdiu
1474 2566 1829 2631 haerebant
1883 2566 1954 2629 in
2005 2588 2136 2631 uno
2190 2588 2311 2650 me,

307 2653 592 2739 graviter
652 2654 972 2738 equidem,
1026 2654 1135 2718 sed
1184 2655 1514 2739 aliquanto
1561 2655 1765 2719 levius
1809 2654 2117 2720 ferebam.
2207 2653 2311 2719 An

305 2743 430 2806 iste
466 2741 591 2805 nisi
626 2742 837 2825 primo
876 2764 943 2807 se
981 2741 1259 2807 dedisset
1294 2742 1396 2826 iis,
1432 2764 1702 2826 quorum
1739 2742 1992 2808 animos
2029 2764 2068 2807 a
2095 2746 2310 2807 vestra

307 2830 693 2895 auctoritate
730 2829 1048 2894 seiunctos
1086 2852 1227 2895 esse
1266 2830 1723 2913 arbitrabatur,
1757 2830 1886 2894 nisi
1923 2852 2033 2895 eos
2070 2830 2140 2894 in
2176 2851 2309 2895 cae·
2337 2849 2390 2889 so

305 2919 441 2983 lum
504 2918 638 2983 suis
702 2917 999 2983 laudibus
1056 2920 1423 3002 praeclarus
1479 2923 1702 2984 auctor
1757 2918 2127 3001 extolleret,
2187 2918 2311 2982 nisi

308 3007 657 3072 exercitum
705 3005 773 3071 G.
802 3004 1093 3071 Caesaris
1142 3004 1239 3090 (in
1287 3028 1412 3090 quo
1455 3006 1745 3089 fallebat,
1792 3006 1904 3071 sed
1941 3028 2087 3070 eum
2122 3027 2310 3070 nemo

305 3093 804 3196 redarguebat),
842 3095 969 3159 nisi
1016 3117 1187 3178 eum,
1230 3095 1526 3179 inquam,
1573 3094 1924 3159 exercitum
1971 3092 2177 3177 signis
2223 3094 2311 3158 111-

307 3181 493 3245 festis
547 3183 618 3246 in
672 3183 917 3247 curiam
972 3205 1040 3247 se
1092 3183 1511 3247 inmissurum
1565 3182 2002 3263 minitaretur,
2064 3180 2193 3245 nisi
2247 3202 2311 3245 se

310 3264 423 3333 On.
451 3267 756 3352 Pompeio
787 3271 1094 3353 adiutore,
1129 3270 1214 3335 M.
1243 3269 1480 3334 Crasso
1511 3274 1790 3353 auctore,
1828 3290 1990 3353 quae
2018 3268 2311 3350 faciebat,
2337 3285 2389 3325 ³⁵

307 3354 519 3419 facere
592 3358 928 3441 clamaret,
1008 3358 1135 3422 nisi
1208 3358 1501 3422 consules
1577 3379 1836 3422 causam
1909 3356 2312 3422 coniunxisse

310 3462 539 3525 secum,
584 3444 655 3506 in
701 3466 825 3528 quo
872 3467 998 3509 uno
1040 3466 1172 3509 non
1207 3446 1660 3529 mentiebatur,
1707 3445 2132 3527 confirmaret,
2177 3448 2310 3509 tam
