2534 3875
816 180 973 238 CAP.
1015 189 1223 238 11—-13
1260 189 1293 250 ς,
1331 188 1561 240 23-30.
2127 183 2214 248 27

152 326 455 409 multati,
500 325 743 411 partim
784 326 869 390 ab
905 326 1031 392 hoc
1066 327 1213 412 ipso
1250 327 1428 393 bello
1468 328 1761 412 superati
1798 332 1864 393 et
1901 329 2215 414 oppressi.

155 415 297 496 [17]
366 413 471 498 Si,
528 414 641 499 qui
686 415 773 479 ob
816 414 1081 499 aliquod
1118 415 1634 481 emolumentum
1681 437 1870 481 suum
1917 417 2211 503 cupidius

156 502 422 586 aliquid
468 502 681 568 dicere
727 502 1051 584 videntur,
1106 503 1188 567 iis
1234 505 1409 569 credi
1453 525 1589 569 non
1635 506 1967 589 convenit,
2023 505 2214 571 credo

154 591 384 656 maius
432 591 949 657 emolumentum
988 589 1430 676 Caepionibus
1478 596 1546 657 et
1589 591 1878 658 Metellis
1924 595 2216 678 proposi-

90 696 123 737 5
153 683 314 744 tum
358 679 561 744 fuisse
608 701 687 744 ex
733 678 807 755 Q.
851 678 1126 763 Pompei
1173 680 1610 765 damnatione,
1655 702 1802 746 cum
1849 681 2216 746 studiorum

158 789 438 834 suorum
476 767 989 833 obtrectatorem
1031 767 1471 852 sustulissent,
1519 791 1716 854 quam
1755 773 2026 835 cunctae
2065 769 2217 834 Gal·

156 855 299 921 liae
356 877 435 920 ex
490 855 579 922 M.
621 854 857 920 Fontei
914 856 1324 940 calamitate,
1385 857 1456 921 in
1512 879 1642 941 qua
1698 857 1819 923 illa
1877 857 2214 943 provincia

156 966 375 1028 prope
423 965 609 1008 suam
654 944 1143 1009 immunitatem
1191 966 1267 1010 ac
1313 944 1690 1010 libertatem
1736 945 2026 1032 positam
2074 967 2216 1011 esse

162 1033 553 1097 arbitratur.
640 1031 777 1116 An,
838 1031 895 1098 si
948 1032 1246 1099 homines
1303 1033 1485 1119 ipsos
1543 1035 1836 1118 spectare
1893 1034 2217 1117 convenit,

76 1139 135 1178 ιο
163 1120 239 1185 id
285 1120 462 1204 quod
504 1121 575 1184 in
612 1124 783 1185 teste
829 1120 1124 1204 profecto
1160 1120 1381 1186 valere
1425 1122 1785 1206 plurimum
1827 1122 2038 1206 debet,
2084 1143 2216 1187 non

166 1209 367 1275 modo
415 1231 563 1274 cum
602 1209 875 1274 summis
912 1208 1199 1274 civitatis
1235 1213 1502 1274 nostrae
1539 1210 1721 1295 viris,
1767 1210 1883 1276 sed
1928 1233 2076 1276 cum
2121 1211 2216 1275 in-

164 1297 326 1361 fimo
364 1297 505 1362 cive
538 1296 841 1362 Romano
884 1297 1233 1382 quisquam
1271 1298 1715 1382 amplissimus
1757 1298 2010 1364 Galliae
2045 1320 2216 1364 com-

160 1384 501 1469 parandus
530 1384 675 1450 est?
736 1382 875 1450 Scit
907 1383 1416 1470 Indutiomarus,
1455 1385 1610 1470 quid
1647 1387 1735 1451 sit
1759 1388 2216 1453 testimonium

162 1473 429 1538 dicere?
467 1476 767 1539 movetur
804 1495 881 1538 eo
918 1473 1175 1558 timore,
1210 1495 1342 1558 quo
1379 1477 1680 1539 nostrum
1717 1496 1886 1540 unus
1924 1475 2215 1560 quisque,

72 1579 131 1620 1⁵
164 1583 323 1626 cum
384 1561 455 1625 in
520 1582 667 1626 eum
732 1562 951 1627 locum
1016 1563 1372 1648 productus
1429 1563 1575 1626 est?
1667 1563 1755 1644 [9.
1805 1565 1901 1645 18]
1981 1563 2216 1628 Recor-

162 1649 437 1729 damini,
472 1649 735 1732 iudices,
764 1653 1169 1736 quantopere
1196 1651 1502 1715 laborare
1531 1651 1823 1734 soleatis,
1859 1672 1993 1715 non
2020 1650 2214 1717 modo

164 1738 329 1822 quid
376 1736 607 1802 dicatis
652 1760 773 1822 pro
821 1739 1227 1822 testimonio,
1285 1738 1399 1803 sed
1446 1738 1648 1803 etiam
1706 1738 1942 1822 quibus
1996 1740 2215 1804 verbis

160 1826 479 1909 utamini,
531 1847 615 1891 ne
661 1827 833 1911 quod
890 1827 1104 1892 minus
1151 1826 1487 1891 moderate
1541 1827 1859 1912 positum,
1913 1847 1996 1892 ne
2045 1827 2217 1911 quod

164 1915 256 1981 ab
306 1913 527 1998 aliqua
567 1914 924 2001 cupiditate
960 1915 1344 2001 prolapsum
1389 1916 1664 1981 verbum
1713 1935 1854 1982 esse
1890 1915 2214 2001 videatu13

71 2023 132 2063 20
167 2003 363 2069 vultu
401 2002 675 2087 denique
712 2003 1031 2069 laboratis
1068 2025 1151 2069 ne
1188 2026 1318 2089 qua
1361 2004 1720 2091 significari
1754 2004 1968 2089 possit
2006 2005 2218 2089 suspi-

164 2092 273 2158 cio
336 2092 743 2177 cupiditatis,
802 2096 904 2176 ut,
966 2095 1032 2157 et
1092 2114 1239 2158 cum
1298 2092 1605 2177 proditis,
1665 2092 2067 2158 existimatio
2128 2093 2216 2157 sit

164 2180 498 2263 quaedam
532 2180 737 2245 tacita
782 2180 863 2247 de
898 2180 1086 2246 vobis
1125 2180 1392 2265 pudoris
1441 2203 1517 2247 ac
1553 2180 1916 2266 religionis,
1961 2182 2030 2245 et
2067 2202 2217 2245 cum

168 2268 527 2349 disceditis,
563 2289 641 2334 ea
678 2268 1028 2355 diligenter
1065 2272 1454 2334 conservata
1491 2292 1567 2335 ac
1607 2274 1865 2334 retenta
1900 2269 2217 2334 videatur.

168 2357 303 2437 [19]
371 2355 579 2421 Credo
639 2357 804 2423 haec
852 2359 1080 2422 eadem
1134 2357 1654 2423 Indutiomarum
1709 2358 1783 2422 in
1835 2357 2217 2423 testimonio

72 2463 135 2505 85
167 2444 473 2512 timuisse
537 2449 651 2509 aut
712 2446 1133 2532 cogitavisse,
1200 2446 1314 2531 qui
1375 2447 1664 2531 primum
1725 2445 1890 2511 illud
1943 2446 2216 2512 verbum

168 2532 843 2599 consideratissimum
906 2536 1175 2600 nostrae
1239 2534 1730 2601 consuetudinis
1794 2534 2219 2619 ‘ARBITROR',

170 2642 305 2706 quo
359 2642 481 2686 nos
538 2621 737 2687 etiam
793 2626 951 2687 tunc
1003 2622 1278 2707 utimur,
1333 2644 1482 2688 cum
1537 2644 1614 2688 ea
1671 2623 1943 2689 dicimus
1999 2623 2218 2706 iurati,

172 2730 343 2793 quae
398 2714 734 2794 comperta
786 2710 1134 2794 habemus,
1188 2732 1356 2795 quae
1409 2710 1538 2793 ipsi
1581 2710 1862 2776 vidimus
1873 2762 1890 2793 ,
1947 2733 2024 2775 ex
2071 2715 2216 2777 toto

170 2797 555 2863 testimonio
614 2819 732 2863 suo
788 2798 1061 2863 sustulit
1115 2801 1314 2883 atque
1370 2798 1591 2863 omnia
1645 2820 1715 2864 se
1772 2798 1983 2865 ‘scire’
2033 2800 2216 2864 dixit.

74 2908 139 2947 so
171 2884 545 2950 Verebatur
590 2885 765 2951 enim
801 2886 1125 2969 videlicet,
1168 2908 1250 2951 ne
1299 2886 1454 2971 quid
1501 2887 1674 2973 apud
1718 2908 1837 2953 vos
1874 2890 2218 2972 populum-

172 2995 301 3059 que
329 2972 699 3039 Romanum
739 2974 818 3040 de
856 2975 1339 3041 existimatione
1377 2998 1496 3040 sua
1535 2975 1933 3061 deperderet,
1968 2996 2052 3040 ne
2089 2998 2219 3059 qua

168 3063 356 3126 fama
411 3067 917 3147 consequeretur
972 3063 1111 3127 eius
1157 3064 1362 3147 modi,
1408 3062 1959 3147 Indutiomarum,
2013 3064 2218 3127 talem

168 3150 421 3233 virum,
474 3154 613 3215 tam
658 3151 915 3236 cupide,
970 3154 1109 3215 tam
1155 3156 1402 3217 temere
1459 3151 1726 3235 dixisse3
1785 3173 1918 3216 non
1962 3150 2219 3215 intelle-

172 3239 375 3324 gebat
419 3259 491 3303 se
535 3238 605 3301 in
650 3238 1029 3304 testimonio
1084 3239 1251 3303 nihil
1306 3243 1567 3325 praeter
1625 3261 1850 3305 vocem
1908 3242 1976 3304 et
2030 3260 2103 3304 os
2152 3243 2219 3302 et

82 3344 143 3387 sa
174 3325 517 3391 audaciam
563 3347 771 3410 neque
817 3327 1069 3392 civibus
1124 3328 1260 3393 suis
1307 3349 1520 3413 neque
1571 3326 2059 3393 accusatoribus
2103 3348 2219 3391 no-

170 3414 333 3480 stris
379 3418 717 3498 praestare
762 3415 1016 3483 debere.
1122 3418 1246 3497 [20]
1319 3417 1427 3480 An
1484 3436 1640 3479 vero
1696 3414 1861 3479 istas
1916 3414 2217 3479 nationes

170 3502 495 3587 religione
540 3502 703 3567 iuris
758 3502 1015 3569 iurandi
1070 3525 1147 3569 ac
1191 3508 1373 3569 metu
1418 3504 1690 3568 deorum
1744 3502 2222 3569 immortalium

2252 433 2321 482 2⁷

2241 1541 2324 1605 13

2254 1618 2325 1667 28

2257 2374 2324 2423 29

2258 3432 2330 3482 30
