2534 3875
213 314 276 362 19

211 1688 281 1815 εἴ)

315 150 447 215 240
873 148 1016 206 PRO
1057 149 1116 206 Ο.
1155 148 1455 205 RABIRIO
1494 148 1780 207 ORATIO.

315 298 552 361 testem
597 295 974 380 paucitatis!
1028 332 1102 343 —
1152 294 1500 376 Lubenter,
1546 296 1831 379 inquam,
1878 295 2237 379 confiterer,
2284 294 2341 359 si

317 406 466 449 vere
521 405 807 466 possem,
873 388 988 449 aut
1042 384 1240 448 etiam
1296 384 1355 447 si
1409 383 1569 447 mihi
1624 386 1799 447 esset
1850 383 2207 468 integrum,
2271 381 2340 449 G.

315 472 549 537 Rabiri
586 494 784 537 manu
813 471 886 538 L.
913 469 1336 537 Saturninum
1374 492 1514 536 esse
1556 472 1858 555 occisum,
1903 476 1970 535 et
1994 471 2062 535 id
2088 471 2339 537 facinus

315 561 823 646 pulcherrimum
871 582 1011 624 esse
1059 560 1439 643 arbitrarer3
1488 560 1618 641 sed,
1664 560 1971 644 quoniam
2016 560 2083 623 id
2126 559 2341 625 facere

315 671 452 714 non
512 671 804 733 possum,
870 648 1228 714 confitebor
1291 648 1385 731 id,
1449 648 1621 731 quod
1677 649 1758 713 ad
1811 648 2072 713 laudem
2124 649 2341 715 minus
2368 668 2397 709 5

315 738 588 821 valebit,
643 738 725 802 ad
779 738 1024 802 crimen
1071 759 1206 801 non
1250 738 1491 801 minus:
1540 735 1870 801 Confiteor
1914 736 2345 801 interficiendi

319 824 651 891 Saturnini
699 847 895 891 causa
941 823 1010 891 O.
1056 824 1395 889 Rabirium
1445 848 1626 890 arma
1672 825 1935 909 cepisse.
2018 823 2185 900 Quid
2222 831 2344 909 est,

316 913 643 979 Labiene?
718 936 912 998 quam
989 936 1029 978 a
1090 935 1194 978 me
1260 914 1629 999 graviorem
1692 914 2163 978 confessionem
2228 919 2342 981 aut

317 1002 492 1086 quod
535 1002 606 1067 in
651 1003 823 1067 hunc
869 1003 1078 1066 maius
1117 1002 1362 1067 crimen
1399 1002 1744 1086 expectas?
1791 1002 1920 1066 nisi
1955 1024 2108 1067 vero
2147 1002 2342 1067 inter-

319 1112 460 1155 esse
508 1090 756 1174 aliquid
800 1095 993 1175 putas
1039 1090 1212 1155 inter
1249 1112 1413 1174 eum,
1461 1090 1573 1174 qui
1608 1090 1936 1155 hominem
1976 1090 2231 1174 occidit,
2276 1095 2343 1155 et
2373 1112 2429 1150 ιο

319 1201 492 1263 eum,
548 1180 659 1262 qui
717 1201 863 1244 cum
909 1179 1042 1243 telo
1091 1178 1421 1243 occidendi
1465 1178 1747 1244 hominis
1796 1200 1991 1243 causa
2034 1179 2179 1243 fuit.
2272 1178 2344 1244 Si

317 1267 595 1331 interfici
659 1264 1080 1332 Saturninum
1159 1267 1343 1331 nefas
1406 1266 1557 1351 fuit,
1630 1289 1811 1331 arma
1874 1270 2137 1351 sumpta
2200 1288 2343 1333 esse

319 1359 547 1420 contra
593 1352 1013 1423 Saturninum
1061 1356 1200 1419 sine
1249 1356 1489 1419 scelere
1533 1376 1668 1419 non
1710 1361 2015 1440 possunt3
2062 1356 2119 1419 si
2161 1378 2347 1421 arma

317 1444 456 1507 iure
486 1448 748 1529 sumpta
775 1444 1089 1527 concedis,
1116 1444 1512 1524 interfectum
1536 1446 1674 1508 iure
1691 1444 1977 1513 concedas
1994 1464 2224 1510 necesse
2240 1450 2343 1510 est.

523 1585 638 1667 [In
680 1587 1085 1651 vetustissimo
1131 1586 1469 1668 eafempzari
1511 1587 1671 1651 deest
1711 1605 1846 1650 una
1889 1584 2149 1667 charta]

449 1706 558 1773 Fit
613 1714 875 1775 senatus
936 1709 1329 1792 consultum,
1384 1712 1460 1773 ut
1515 1706 1583 1773 C.
1628 1707 1877 1773 Marius
1926 1708 1996 1774 L.
2035 1708 2343 1776 Valerius
2372 1731 2426 1770 ιε

317 1797 614 1863 consules
679 1798 1062 1862 adhiberent
1123 1797 1423 1862 tribunos
1490 1798 1577 1882 pl.
1634 1801 1701 1860 et
1753 1801 2117 1882 praetores,
2179 1822 2345 1884 quos

319 1886 410 1950 eis
464 1886 815 1970 videretur,
873 1907 1264 1971 operamque
1312 1886 1565 1968 darent,
1620 1891 1695 1951 ut
1729 1885 2072 1971 imperium
2117 1889 2347 1974 populi

315 1973 598 2039 Romani
651 1976 1087 2059 maiestasque
1143 1979 1651 2040 conservaretur.
1742 1974 2071 2040 Adhibent
2130 1979 2345 2043 omnis

317 2063 616 2127 tribunos
690 2063 778 2148 pl.
852 2067 1112 2146 praeter
1187 2062 1639 2146 Saturninum,
1702 2069 2020 2145 praetores
2082 2072 2346 2149 praeter

319 2151 684 2236 Glauciam3
757 2152 870 2236 qui
941 2172 1078 2216 rem
1151 2152 1485 2236 publicam
1560 2153 1807 2216 salvam
1874 2173 2013 2216 esse
2078 2155 2347 2239 vellent,
2375 2174 2431 2213 20

320 2243 504 2304 arm'a
549 2261 777 2324 capere
833 2243 901 2305 et
957 2261 1025 2305 se
1082 2240 1264 2325 sequi
1316 2241 1563 2305 iubent.
1651 2240 1893 2304 Parent
1950 2261 2208 2327 omnes3
2267 2265 2347 2308 ex

319 2328 474 2392 aede
521 2325 766 2392 Sancus
823 2329 1471 2412 armamentariisque
1526 2327 1803 2414 publicis
1862 2349 2045 2392 arma
2095 2332 2347 2417 populo

317 2415 614 2481 Romano
672 2415 741 2480 G.
785 2415 995 2481 Mario
1053 2418 1317 2481 consule
1372 2416 1800 2481 distribuente
1856 2416 2111 2485 dantur.
2218 2420 2349 2486 Hic

317 2503 476 2586 iam,
521 2508 598 2568 ut
643 2503 945 2569 omittam
993 2508 1234 2588 cetera,
1281 2503 1359 2568 de
1403 2509 1471 2570 te
1507 2505 1680 2590 ipso,
1723 2503 2025 2590 Labiene,
2072 2529 2347 2591 quaero:

319 2589 484 2655 Cum
514 2588 901 2656 Saturninus
932 2591 1330 2677 Capitolium
1367 2597 1619 2657 teneret
1655 2595 1965 2676 armatuS,
2003 2602 2177 2661 esset
2212 2619 2346 2664 una
2375 2616 2429 2656 25

321 2676 388 2743 O.
445 2678 743 2762 Glaucia,
818 2677 886 2744 C.
945 2679 1273 2763 Saufeius„
1338 2681 1535 2748 etiam
1601 2682 1714 2745 ille
1780 2702 1857 2744 ex
1921 2685 2345 2768 compedibus

319 2771 512 2850 atque
567 2768 900 2852 ergastulo
958 2767 1317 2852 Gracchus3
1382 2770 1643 2853 addam,
1704 2771 2014 2852 quoniam
2068 2774 2169 2838 ita
2225 2774 2349 2860 vis,

319 2854 544 2918 eodem
603 2852 676 2929 Q.
720 2854 1104 2939 Labienum,
1163 2861 1470 2942 patruum
1524 2862 1743 2940 tuum3
1797 2858 1867 2921 in
1918 2859 2064 2926 foro
2122 2866 2351 2930 autem

319 2941 388 3008 O.
434 2941 683 3007 Marius
731 2946 798 3008 et
840 2943 912 3009 L.
940 2943 1241 3010 Valerius
1286 2945 1552 3012 Flaccus
1599 2946 1911 3031 consules,
1955 2953 2110 3035 post
2156 2973 2347 3018 cunc·

317 3036 426 3096 tus
473 3038 756 3115 senatus,
801 3035 996 3116 atque
1042 3034 1154 3097 ille
1201 3039 1491 3118 senatus,
1547 3055 1739 3119 quem
1786 3037 1983 3101 etiam
2029 3061 2148 3104 vos
2194 3040 2349 3125 ipsi,
2376 3059 2433 3098 ³0

319 3120 432 3204 qui
477 3120 598 3184 hos
635 3126 854 3205 patres
893 3122 1317 3207 conscriptos,
1363 3124 1474 3207 qui
1509 3145 1680 3188 nunc
1717 3129 1889 3208 sunt,
1925 3125 1995 3190 in
2029 3127 2349 3192 invidiam

317 3208 586 3293 voeatis,
633 3231 759 3293 quo
804 3209 1060 3274 facilius
1109 3211 1185 3274 de
1231 3210 1354 3276 hoc
1401 3216 1634 3277 senatu
1677 3210 2015 3280 detrahere
2051 3217 2350 3302 possitis,

322 3297 580 3362 laudare
623 3300 1028 3383 consuevistis,
1074 3320 1220 3363 cum
1267 3304 1563 3384 equester
1610 3300 1767 3366 ordo
1822 3339 1896 3350 —
1949 3306 2020 3368 at
2065 3325 2352 3388 quorum

320 3385 637 3468 equitum,
681 3409 797 3470 pro
846 3386 911 3451 di
956 3387 1386 3452 immortales!
1441 3425 1515 3436 -—
1566 3389 1613 3471 †
1657 3390 1917 3472 patrum
1962 3395 2351 3462 nostrorum

321 3476 514 3556 atque
580 3474 716 3540 eius
782 3476 1046 3560 aetatis,
1121 3497 1286 3560 quae
1350 3481 1488 3542 tum
1555 3497 1862 3562 magnam
1924 3485 2181 3565 partem
2246 3483 2353 3549 rei
2380 3501 2444 3542 ³⁵
